595.32 842.04
318.48 113.28 54.648 22.824 Basel
379.68 113.28 117.31 22.824 Committee

318.48 137.28 27.624 22.824 on
352.68 137.28 84.9384 22.824 Banking
444.362 137.28 122.304 22.824 Supervision

318.48 297.6 90.216 22.824 Working
415.32 297.6 60.792 22.824 Paper
482.64 297.6 32.064 22.824 No
521.28 297.6 25.896 22.824 26

318.48 354.108 120.049 20.884 Foundations
444.568 354.108 19.7135 20.884 of
470.243 354.108 31.3984 20.884 the

318.48 376.178 124.294 20.884 standardised
448.793 376.178 91.3756 20.884 approach

318.48 398.138 27.3226 20.884 for
351.842 398.138 101.842 20.884 measuring

318.48 420.098 124.381 20.884 counterparty
448.9 420.098 55.0889 20.884 credit
509.98 420.098 33.2343 20.884 risk

318.48 442.168 97.7593 20.884 exposures

318.48 496.908 31.2107 9.47196 August
352.44 496.908 21.5634 9.47196 2014
376.8 496.908 18.6023 9.47196 (rev.
398.159 496.908 20.0893 9.47196 June
420.959 496.908 24.7227 9.47196 2017)

56.64 506.553 16.0087 9.47196 The
74.7612 506.553 37.5472 9.47196 Working
114.602 506.553 29.4228 9.47196 Papers
146.163 506.553 8.99687 9.47196 of
157.325 506.553 14.2089 9.47196 the
173.646 506.553 22.6899 9.47196 Basel
198.487 506.553 48.8897 9.47196 Committee
249.49 506.553 11.5177 9.47196 on
263.172 506.553 35.2674 9.47196 Banking
300.614 506.553 50.8777 9.47196 Supervision
353.656 506.553 32.6379 9.47196 contain
388.458 506.553 33.863 9.47196 analysis
424.58 506.553 29.9876 9.47196 carried
456.742 506.553 14.8962 9.47196 out
473.784 506.553 10.701 9.47196 by
486.625 506.553 32.0642 9.47196 experts

56.64 519.87 8.99786 9.47196 of
69.4774 519.87 14.2069 9.47196 the
87.4791 519.87 22.5704 9.47196 Basel
113.883 519.87 48.8887 9.47196 Committee
166.563 519.87 9.34646 9.47196 or
179.887 519.87 9.98291 9.47196 its
193.687 519.87 35.3849 9.47196 working
232.929 519.87 33.118 9.47196 groups.
269.887 519.87 20.8981 9.47196 They
294.608 519.87 18.5007 9.47196 may
316.928 519.87 17.4768 9.47196 also
338.288 519.87 27.3751 9.47196 reflect
369.486 519.87 21.5116 9.47196 work
394.807 519.87 30.2266 9.47196 carried
428.887 519.87 14.8942 9.47196 out
447.605 519.87 10.701 9.47196 by
462.125 519.87 16.7268 9.47196 one
482.646 519.87 9.34646 9.47196 or
495.85 519.87 23.0893 9.47196 more

56.64 533.186 36.9466 9.47196 member
97.4401 533.186 48.6237 9.47196 institutions
149.886 533.186 9.34547 9.47196 or
163.089 533.186 10.701 9.47196 by
177.609 533.186 9.9839 9.47196 its
191.41 533.186 48.8409 9.47196 Secretariat.
244.089 533.186 16.0097 9.47196 The
263.89 533.186 35.6638 9.47196 subjects
303.495 533.186 8.99687 9.47196 of
316.334 533.186 14.2099 9.47196 the
334.335 533.186 37.5472 9.47196 Working
375.739 533.186 29.3033 9.47196 Papers
408.859 533.186 13.8494 9.47196 are
426.5 533.186 8.99786 9.47196 of
439.34 533.186 29.5304 9.47196 topical
472.7 533.186 32.8979 9.47196 interest
509.421 533.186 9.19706 9.47196 to

56.64 546.503 49.4634 9.47196 supervisors
109.317 546.503 16.5456 9.47196 and
129.114 546.503 13.8494 9.47196 are
146.152 546.503 39.1299 9.47196 technical
188.507 546.503 8.03772 9.47196 in
199.785 546.503 42.7214 9.47196 character.
245.866 546.503 16.0087 9.47196 The
265.063 546.503 23.903 9.47196 views
292.304 546.503 43.9067 9.47196 expressed
339.461 546.503 8.03672 9.47196 in
350.738 546.503 14.3295 9.47196 the
368.256 546.503 37.5462 9.47196 Working
409.175 546.503 29.4238 9.47196 Papers
441.813 546.503 13.8494 9.47196 are
458.851 546.503 24.2895 9.47196 those
486.327 546.503 8.99786 9.47196 of
498.565 546.503 20.1461 9.47196 their

56.64 559.819 33.2574 9.47196 authors
92.5129 559.819 16.5436 9.47196 and
111.71 559.819 11.7169 9.47196 do
126.11 559.819 14.8932 9.47196 not
143.627 559.819 41.7742 9.47196 represent
188.023 559.819 14.2059 9.47196 the
204.82 559.819 29.0454 9.47196 official
236.495 559.819 23.9269 9.47196 views
263.038 559.819 8.99687 9.47196 of
274.677 559.819 14.2089 9.47196 the
291.477 559.819 22.6909 9.47196 Basel
316.797 559.819 51.0032 9.47196 Committee,
370.439 559.819 9.9839 9.47196 its
383.16 559.819 37.0661 9.47196 member
422.879 559.819 48.6257 9.47196 institutions
474.121 559.819 9.34646 9.47196 or
486.121 559.819 14.2089 9.47196 the
502.921 559.819 15.8394 9.47196 BIS.

56.63 599.649 17.423 9.47196 This
76.7891 599.649 49.3189 9.47196 publication
128.87 599.649 6.6234 9.47196 is
138.351 599.649 38.4506 9.47196 available
179.631 599.649 11.5177 9.47196 on
193.911 599.649 14.2089 9.47196 the
210.83 599.649 13.688 9.47196 BIS
227.267 599.649 33.6499 9.47196 website
263.627 599.649 62.0526 9.47196 (www.bis.org).

70.8031 657.593 21.6779 9.47196 Bank
97.9212 657.593 11.696 9.47196 for
115.079 657.593 55.7312 9.47196 International
176.269 657.593 49.8916 9.47196 Settlements
231.607 657.593 23.7646 9.47196 2017.
260.758 657.593 11.5795 9.47196 All
277.676 657.593 24.2138 9.47196 rights
307.436 657.593 37.9307 9.47196 reserved.
350.754 657.593 19.7377 9.47196 Brief
375.954 657.593 34.6538 9.47196 excerpts
416.032 657.593 18.9808 9.47196 may
440.39 657.593 10.2508 9.47196 be
456.126 657.593 48.2393 9.47196 reproduced
509.884 657.593 8.8146 9.47196 or

70.8031 670.79 43.1945 9.47196 translated
116.758 670.79 37.3141 9.47196 provided
156.833 670.79 13.7309 9.47196 the
173.272 670.79 27.65 9.47196 source
203.63 670.79 6.45408 9.47196 is
212.989 670.79 22.5714 9.47196 cited.

56.64 728.757 20.6471 9.47196 ISSN
80.036 728.757 47.1208 9.47196 1561-8854

76.56 795.948 40.9994 7.18956 Foundations
119.635 795.948 6.804 7.18956 of
128.515 795.948 10.674 7.18956 the
141.237 795.948 42.373 7.18956 standardised
185.639 795.948 31.1548 7.18956 approach
218.875 795.948 9.35096 7.18956 for
230.275 795.948 34.813 7.18956 measuring
267.117 795.948 42.4146 7.18956 counterparty
311.513 795.948 18.7639 7.18956 credit
332.276 795.948 11.436 7.18956 risk
345.72 795.948 33.3215 7.18956 exposures

533.28 796.068 5.42808 7.18956 iii

76.56 75.36 47.688 11.412 Contents

76.56 108.588 38.8789 9.47196 Equation
118.321 108.588 34.7873 9.47196 Chapter
155.881 108.588 5.36844 9.47196 1
164.04 108.588 32.3969 9.47196 Section
199.319 108.588 59.8905 9.47196 1Foundations
261.945 108.588 8.99687 9.47196 of
273.701 108.588 14.3295 9.47196 the
290.74 108.588 56.3836 9.47196 standardised
349.896 108.588 41.5173 9.47196 approach
394.172 108.588 12.4639 9.47196 for
409.53 108.588 46.1825 9.47196 measuring
458.485 108.588 56.5359 9.47196 counterparty

116.271 121.905 24.9767 9.47196 credit
143.989 121.905 15.0306 9.47196 risk
161.867 121.905 44.3021 9.47196 exposures
207.345 121.905 324.198 9.47196 ......................................................................................................................................................
533.266 121.905 5.36844 9.47196 1

76.56 147.228 7.55964 9.47196 1.

116.28 147.228 33.8491 9.47196 General
152.877 147.228 39.1697 9.47196 structure
194.756 147.228 8.99786 9.47196 of
206.515 147.228 14.3285 9.47196 the
223.552 147.228 34.1648 9.47196 SA-CCR
259.206 147.228 272.326 9.47196 ..............................................................................................................................
533.285 147.228 5.36844 9.47196 1

96.36 166.428 12.9301 9.47196 1.1
116.28 166.428 39.8898 9.47196 Exposure
159 166.428 8.4162 9.47196 at
170.16 166.428 30.7366 9.47196 default
203.042 166.428 328.521 9.47196 ........................................................................................................................................................
533.285 166.428 5.36844 9.47196 1

96.36 185.748 12.9301 9.47196 1.2
116.28 185.748 57.2531 9.47196 Replacement
176.276 185.748 18.1382 9.47196 cost
196.558 185.748 335.005 9.47196 ...........................................................................................................................................................
533.275 185.748 5.36844 9.47196 2

96.36 205.068 12.9301 9.47196 1.3
116.28 205.068 39.0113 9.47196 Potential
158.04 205.068 26.5703 9.47196 future
187.32 205.068 40.1308 9.47196 exposure
228.967 205.068 302.585 9.47196 ............................................................................................................................................
533.285 205.068 5.36844 9.47196 3

76.56 230.388 7.55964 9.47196 2.

116.28 230.388 33.8501 9.47196 General
152.879 230.388 47.07 9.47196 framework
202.678 230.388 12.4659 9.47196 for
217.917 230.388 36.7514 9.47196 add-ons
254.883 230.388 276.649 9.47196 ................................................................................................................................
533.285 230.388 5.36844 9.47196 3

96.36 249.708 12.9301 9.47196 2.1
116.28 249.708 56.5439 9.47196 Assumptions
175.56 249.708 16.6661 9.47196 and
194.999 249.708 28.3013 9.47196 set-up
224.645 249.708 306.907 9.47196 ..............................................................................................................................................
533.285 249.708 5.36844 9.47196 3

96.36 269.028 12.9281 9.47196 2.2
116.28 269.028 37.9436 9.47196 Add-ons
156.96 269.028 12.4659 9.47196 for
172.198 269.028 53.5071 9.47196 unmargined
228.478 269.028 31.5463 9.47196 netting
262.919 269.028 17.0625 9.47196 sets
280.799 269.028 250.713 9.47196 ....................................................................................................................
533.275 269.028 5.36844 9.47196 4

96.36 288.228 12.9301 9.47196 2.3
116.28 288.228 37.9416 9.47196 Add-ons
156.958 288.228 12.4629 9.47196 for
172.193 288.228 42.1039 9.47196 margined
217.069 288.228 31.7844 9.47196 netting
251.626 288.228 17.0635 9.47196 sets
269.993 288.228 261.52 9.47196 .........................................................................................................................
533.275 288.228 5.36844 9.47196 5

76.56 313.548 7.55964 9.47196 3.

116.28 313.548 40.1249 9.47196 Structure
159.115 313.548 8.99786 9.47196 of
170.872 313.548 32.4128 9.47196 add-on
206.044 313.548 51.4982 9.47196 calculations
259.206 313.548 272.326 9.47196 ..............................................................................................................................
533.285 313.548 5.36844 9.47196 6

96.36 332.868 12.9301 9.47196 3.1
116.28 332.868 48.8528 9.47196 Trade-level
168.002 332.868 36.6259 9.47196 add-ons
205.203 332.868 326.359 9.47196 .......................................................................................................................................................
533.285 332.868 5.36844 9.47196 6

96.36 352.188 12.9301 9.47196 3.2
116.28 352.188 33.7186 9.47196 Add-on
152.759 352.188 53.7581 9.47196 aggregation
207.354 352.188 324.198 9.47196 ......................................................................................................................................................
533.275 352.188 5.36844 9.47196 7

76.56 377.508 7.55964 9.47196 4.

116.28 377.508 33.7186 9.47196 Add-on
152.759 377.508 51.3846 9.47196 calculations
206.88 377.508 10.7 9.47196 by
220.44 377.508 22.0963 9.47196 asset
245.278 377.508 20.5435 9.47196 class
267.841 377.508 263.681 9.47196 ..........................................................................................................................
533.285 377.508 5.36844 9.47196 8

96.36 396.828 12.9301 9.47196 4.1
116.28 396.828 33.1359 9.47196 Interest
152.159 396.828 17.2089 9.47196 rate
170.632 396.828 360.94 9.47196 .......................................................................................................................................................................
533.275 396.828 5.36844 9.47196 8

96.36 416.028 12.9301 9.47196 4.2
116.28 416.028 33.357 9.47196 Foreign
152.396 416.028 379.166 9.47196 exchange............................................................................................................................................................
533.275 416.028 5.36844 9.47196 9

96.36 435.348 12.9301 9.47196 4.3
116.28 435.348 26.5314 9.47196 Credit
144.726 435.348 386.876 9.47196 ...................................................................................................................................................................................
533.285 435.348 5.36844 9.47196 9

96.36 454.668 12.9301 9.47196 4.4
116.28 454.668 34.2236 9.47196 Equities
151.2 454.668 376.07 9.47196 ..............................................................................................................................................................................
527.877 454.668 10.7668 9.47196 10

96.36 473.988 12.9301 9.47196 4.5
116.28 473.988 410.979 9.47196 Commodities...................................................................................................................................................................
527.887 473.988 10.7668 9.47196 10

76.56 499.308 7.55964 9.47196 5.

116.28 499.308 42.2274 9.47196 Multiplier
159.835 499.308 367.424 9.47196 ..........................................................................................................................................................................
527.877 499.308 10.7668 9.47196 11

76.56 524.628 7.55964 9.47196 6.

116.28 524.628 410.979 9.47196 Calibration........................................................................................................................................................................
527.877 524.628 10.7668 9.47196 13

96.36 543.828 12.9301 9.47196 6.1
116.28 543.828 53.1834 9.47196 Correlations
172.199 543.828 37.9177 9.47196 between
212.878 543.828 8.59548 9.47196 IR
224.276 543.828 36.7414 9.47196 maturity
263.757 543.828 33.9835 9.47196 buckets
298.08 543.828 229.1 9.47196 ..........................................................................................................
527.877 543.828 10.7668 9.47196 14

96.36 563.148 12.9301 9.47196 6.2
116.28 563.148 27.0942 9.47196 Deltas
146.16 563.148 12.4659 9.47196 for
161.399 563.148 20.5853 9.47196 CDO
183.6 563.148 343.65 9.47196 ...............................................................................................................................................................
527.877 563.148 10.7668 9.47196 18

76.56 588.468 47.8996 9.47196 References
125.274 588.468 402.006 9.47196 ..........................................................................................................................................................................................
527.877 588.468 10.7668 9.47196 20

76.56 795.948 40.9994 7.18956 Foundations
119.635 795.948 6.804 7.18956 of
128.515 795.948 10.674 7.18956 the
141.237 795.948 42.373 7.18956 standardised
185.639 795.948 31.1548 7.18956 approach
218.875 795.948 9.35096 7.18956 for
230.275 795.948 34.813 7.18956 measuring
267.117 795.948 42.4146 7.18956 counterparty
311.513 795.948 18.7639 7.18956 credit
332.276 795.948 11.436 7.18956 risk
345.72 795.948 33.3215 7.18956 exposures

534.6 796.068 4.07484 7.18956 1

76.56 77.028 87.29 15.178 Foundations
168.249 77.028 14.356 15.178 of
186.974 77.028 22.8691 15.178 the
214.221 77.028 90.3831 15.178 standardised
309.124 77.028 66.3792 15.178 approach
379.917 77.028 19.9532 15.178 for
404.163 77.028 74.2012 15.178 measuring

76.56 98.2708 90.4006 15.178 counterparty
171.362 98.2708 39.9734 15.178 credit
215.77 98.2708 24.1331 15.178 risk
244.336 98.2708 71.0811 15.178 exposures

76.56 147.228 17.423 9.47196 This
98.7608 147.228 39.1318 9.47196 technical
142.683 147.228 25.4259 9.47196 paper
172.924 147.228 35.5443 9.47196 explains
213.246 147.228 44.2682 9.47196 modelling
262.328 147.228 55.2242 9.47196 assumptions
322.449 147.228 17.4171 9.47196 that
344.65 147.228 21.0485 9.47196 were
370.451 147.228 20.9867 9.47196 used
396.251 147.228 8.03772 9.47196 in
409.093 147.228 49.1895 9.47196 developing
463.097 147.228 14.2089 9.47196 the
482.057 147.228 56.5081 9.47196 standardised

76.56 160.425 41.3967 9.47196 approach
122.641 160.425 12.4659 9.47196 for
139.921 160.425 46.1875 9.47196 measuring
190.802 160.425 56.5409 9.47196 counterparty
252.004 160.425 24.9767 9.47196 credit
281.645 160.425 15.1502 9.47196 risk
301.565 160.425 44.3041 9.47196 exposures
350.528 160.425 42.3579 9.47196 (SA-CCR).
397.684 160.425 16.0087 9.47196 The
418.325 160.425 25.6659 9.47196 paper
448.686 160.425 17.4758 9.47196 also
471.005 160.425 33.0224 9.47196 clarifies
508.686 160.425 29.877 9.47196 certain

76.57 173.742 32.5433 9.47196 aspects
111.73 173.742 8.99687 9.47196 of
123.369 173.742 14.2089 9.47196 the
140.169 173.742 34.1588 9.47196 SA-CCR
177.011 173.742 46.1975 9.47196 calibration
225.85 173.742 17.4161 9.47196 that
245.89 173.742 13.8494 9.47196 are
262.33 173.742 14.8962 9.47196 not
279.85 173.742 42.4674 9.47196 discussed
324.969 173.742 8.03772 9.47196 in
335.649 173.742 14.2089 9.47196 the
352.449 173.742 18.6103 9.47196 final
373.689 173.742 38.6269 9.47196 standard
414.968 173.742 17.5366 9.47196 that
435.128 173.742 16.4629 9.47196 was
454.207 173.742 43.1876 9.47196 published
500.047 173.742 8.03772 9.47196 in
510.726 173.742 27.8372 9.47196 March

76.57 187.058 21.5634 9.47196 2014
101.042 187.058 34.0672 9.47196 (revised
138.001 187.058 20.6501 9.47196 April
161.52 187.058 26.7546 9.47196 2014).
188.88 186.024 3.49272 6.16248 1
195.238 187.068 16.1292 9.47196 The
214.196 187.068 40.9695 9.47196 language
257.994 187.068 20.9867 9.47196 used
281.874 187.068 9.19607 9.47196 to
293.992 187.068 37.0084 9.47196 describe
333.829 187.068 14.2089 9.47196 the
350.866 187.068 34.1698 9.47196 SA-CCR
387.958 187.068 8.03672 9.47196 in
398.877 187.068 15.6223 9.47196 this
417.355 187.068 25.6659 9.47196 paper
445.914 187.068 18.3802 9.47196 may
467.151 187.068 23.2666 9.47196 differ
493.31 187.068 45.2562 9.47196 somewhat

76.5551 200.385 21.0525 9.47196 from
100.55 200.385 14.3295 9.47196 the
117.828 200.385 40.9635 9.47196 language
161.741 200.385 20.9867 9.47196 used
185.859 200.385 8.03772 9.47196 in
197.016 200.385 14.2069 9.47196 the
214.172 200.385 18.7258 9.47196 final
236.008 200.385 40.7972 9.47196 standard.
279.802 200.385 14.2667 9.47196 For
297.202 200.385 39.1219 9.47196 example,
339.321 200.385 14.3295 9.47196 the
356.599 200.385 25.5454 9.47196 paper
385.157 200.385 19.4628 9.47196 uses
407.595 200.385 39.5034 9.47196 concepts
450.073 200.385 17.5366 9.47196 that
470.591 200.385 13.8494 9.47196 are
487.388 200.385 14.8962 9.47196 not
505.386 200.385 33.1349 9.47196 present

76.5551 213.701 8.03772 9.47196 in
87.4712 213.701 14.2059 9.47196 the
104.507 213.701 18.6053 9.47196 final
125.981 213.701 38.6239 9.47196 standard
167.497 213.701 20.158 9.47196 such
190.536 213.701 9.38332 9.47196 as
202.775 213.701 46.0481 9.47196 trade-level
251.642 213.701 35.1419 9.47196 add-ons
289.689 213.701 16.5465 9.47196 and
309.131 213.701 53.9364 9.47196 single-factor
365.886 213.701 30.8142 9.47196 subsets
399.618 213.701 8.99786 9.47196 of
411.494 213.701 36.5811 9.47196 hedging
450.967 213.701 19.0814 9.47196 sets.
472.927 213.701 57.1186 9.47196 Furthermore,
532.924 213.701 5.7768 9.47196 it

76.575 227.018 21.1421 9.47196 does
100.931 227.018 14.8962 9.47196 not
119.048 227.018 15.1691 9.47196 use
137.405 227.018 14.2089 9.47196 the
154.801 227.018 35.2972 9.47196 concept
193.318 227.018 8.99786 9.47196 of
205.555 227.018 35.3321 9.47196 effective
244.074 227.018 37.9456 9.47196 notional,
285.257 227.018 25.5564 9.47196 which
314.05 227.018 6.6234 9.47196 is
324.007 227.018 43.7862 9.47196 employed
371.043 227.018 8.03772 9.47196 in
382.318 227.018 14.3285 9.47196 the
399.835 227.018 40.7982 9.47196 standard.
443.989 227.018 16.0057 9.47196 The
463.183 227.018 36.2863 9.47196 purpose
502.657 227.018 8.99687 9.47196 of
514.891 227.018 23.6859 9.47196 these

76.575 240.215 51.8637 9.47196 adaptations
132.738 240.215 6.6234 9.47196 is
143.659 240.215 9.19706 9.47196 to
157.103 240.215 46.6098 9.47196 emphasise
207.866 240.215 14.3295 9.47196 the
226.466 240.215 39.1179 9.47196 common
269.907 240.215 53.8796 9.47196 aggregation
327.991 240.215 47.071 9.47196 framework
379.235 240.215 17.5366 9.47196 that
400.958 240.215 44.1836 9.47196 underpins
449.322 240.215 14.3295 9.47196 the
467.806 240.215 34.0014 9.47196 SA-CCR
506.174 240.215 32.4098 9.47196 add-on

76.585 253.531 38.4167 9.47196 formulas
117.738 253.531 12.4629 9.47196 for
132.974 253.531 37.4496 9.47196 different
173.287 253.531 22.0973 9.47196 asset
198.247 253.531 32.1608 9.47196 classes.

76.56 298.332 10.6002 13.352 1.

116.279 298.332 47.6686 13.352 General
167.757 298.332 54.8599 13.352 structure
226.309 298.332 12.6739 13.352 of
242.749 298.332 20.0618 13.352 the
266.622 298.332 47.7613 13.352 SA-CCR

76.56 334.2 15.588 11.412 1.1

116.28 334.2 48.156 11.412 Exposure
167.639 334.2 10.188 11.412 at
181.079 334.2 36.948 11.412 default

76.56 361.428 16.0077 9.47196 The
95.6364 361.428 34.0403 9.47196 SA-CCR
132.718 361.428 37.4635 9.47196 specifies
173.157 361.428 40.2504 9.47196 exposure
216.357 361.428 8.4172 9.47196 at
227.755 361.428 30.8571 9.47196 default
261.594 361.428 24.6062 9.47196 (EAD)
289.311 361.428 43.3061 9.47196 measured
335.629 361.428 8.4162 9.47196 at
347.149 361.428 5.06964 9.47196 a
355.187 361.428 31.5473 9.47196 netting
389.868 361.428 12.8564 9.47196 set
405.706 361.428 22.2018 9.47196 level.
431.026 361.428 16.1292 9.47196 The
450.105 361.428 26.4169 9.47196 target
479.503 361.428 18.5017 9.47196 EAD
501.103 361.428 37.4894 9.47196 measure

76.56 374.745 12.4659 9.47196 for
92.0378 374.745 5.06964 9.47196 a
100.077 374.745 31.4268 9.47196 netting
134.515 374.745 12.8564 9.47196 set
150.354 374.745 25.906 9.47196 under
179.272 374.745 14.3295 9.47196 the
196.55 374.745 34.0463 9.47196 SA-CCR
233.638 374.745 6.6234 9.47196 is
243.237 374.745 14.2089 9.47196 the
260.515 374.745 64.1862 9.47196 corresponding
327.713 374.745 18.5017 9.47196 EAD
349.191 374.745 37.4894 9.47196 measure
389.629 374.745 25.7854 9.47196 under
418.426 374.745 14.3295 9.47196 the
435.704 374.745 33.609 9.47196 Internal
472.301 374.745 28.3302 9.47196 Model
503.618 374.745 34.9068 9.47196 Method

76.56 388.061 28.7964 9.47196 (IMM),
107.517 388.061 23.8781 9.47196 given
133.559 388.061 10.701 9.47196 by
146.401 388.061 14.2089 9.47196 the
162.722 388.061 34.8172 9.47196 product
199.804 388.061 8.99786 9.47196 of
210.965 388.061 41.7473 9.47196 multiplier
269.761 388.068 30.368 9.47196 (alpha)
302.283 388.068 16.5436 9.47196 and
321.001 388.068 37.0064 9.47196 Effective
360.118 388.068 39.8261 9.47196 Expected
402.119 388.068 34.0094 9.47196 Positive
438.24 388.068 40.0063 9.47196 Exposure
480.359 388.068 28.9209 9.47196 (EEPE).
511.441 388.068 27.1061 9.47196 Under

76.5572 401.873 14.2089 9.47196 the
93.4763 401.873 36.3709 9.47196 SA-CCR,
132.606 401.873 14.2069 9.47196 the
149.644 401.873 72.6184 9.47196 netting-set-level
225.011 401.873 20.7596 9.47196 EEPE
248.53 401.873 6.6224 9.47196 is
257.888 401.873 53.0241 9.47196 represented
313.685 401.873 9.38332 9.47196 as
325.804 401.873 14.2089 9.47196 the
342.844 401.873 18.5356 9.47196 sum
364.083 401.873 8.99786 9.47196 of
375.842 401.873 16.3962 9.47196 two
395.041 401.873 27.1201 9.47196 terms:
424.919 401.873 14.3295 9.47196 the
442.078 401.873 54.7352 9.47196 replacement
499.556 401.873 18.1362 9.47196 cost
520.436 401.873 18.2437 9.47196 (RC)

76.5772 415.189 16.5436 9.47196 and
95.8926 415.189 14.2069 9.47196 the
112.809 415.189 39.3679 9.47196 potential
154.926 415.189 26.5613 9.47196 future
184.318 415.189 40.1259 9.47196 exposure
227.154 415.189 23.7616 9.47196 (PFE).
253.675 415.189 22.919 9.47196 Thus,
279.353 415.189 18.5017 9.47196 EAD
300.592 415.189 23.9807 9.47196 using
327.345 415.189 34.0682 9.47196 SA-CCR
364.216 415.189 6.6234 9.47196 is
373.575 415.189 44.3857 9.47196 calculated
420.734 415.189 12.2697 9.47196 via

306.975 433.567 3.95354 14.1358 (

361.28 433.567 3.95354 14.1358 )

255.777 435.702 24.4777 11.3664 EAD

311.957 435.702 16.1083 11.3664 RC
339.592 435.702 20.6997 11.3664 PFE

283.162 435.256 22.3095 10.7916 =

330.378 435.256 6.60551 10.7916 +

527.277 436.308 11.4042 9.47196 (1)

76.5473 459.943 26.8093 9.47196 where
106.066 459.943 14.2089 9.47196 the
123.105 459.943 41.8649 9.47196 multiplier
167.743 459.943 24.3582 9.47196 alpha
194.862 459.943 6.74292 9.47196 is
204.341 459.943 12.7359 9.47196 set
219.82 459.943 9.19706 9.47196 to
231.819 459.943 14.3265 9.47196 the
248.854 459.943 30.8501 9.47196 default
282.447 459.943 20.5843 9.47196 IMM
305.846 459.943 25.3183 9.47196 value,

355.109 459.485 15.0986 11.1296 1.4

346.868 459.049 6.63132 10.5668 =

372.36 459.948 2.16132 9.47196 .

116.278 479.748 25.0096 9.47196 While
144.595 479.748 14.3295 9.47196 the
162.354 479.748 33.0114 9.47196 Current
198.706 479.748 40.0093 9.47196 Exposure
242.144 479.748 34.9058 9.47196 Method
280.42 479.748 26.2834 9.47196 (CEM)
310.052 479.748 17.5963 9.47196 also
331.049 479.748 45.9803 9.47196 represents
380.483 479.748 40.1288 9.47196 exposure
424.042 479.748 9.2628 9.47196 as
436.762 479.748 14.2089 9.47196 the
454.402 479.748 18.5366 9.47196 sum
476.362 479.748 8.99687 9.47196 of
488.719 479.748 14.2089 9.47196 the
506.234 479.748 12.2857 9.47196 RC
521.827 479.748 16.6671 9.47196 and

76.558 493.065 14.2059 9.47196 the
93.474 493.065 15.4798 9.47196 PFE
111.713 493.065 27.1211 9.47196 terms,
141.593 493.065 38.9974 9.47196 Equation
183.349 493.065 11.4052 9.47196 (1)
197.642 493.065 27.378 9.47196 differs
227.756 493.065 21.173 9.47196 from
251.633 493.065 18.5017 9.47196 EAD
272.872 493.065 23.8612 9.47196 using
299.506 493.065 20.1043 9.47196 CEM
322.544 493.065 8.03772 9.47196 in
333.341 493.065 16.3971 9.47196 two
352.541 493.065 43.6935 9.47196 important
398.976 493.065 38.4018 9.47196 respects:

116.278 512.387 16.0077 9.47196 The
137.158 512.387 34.0403 9.47196 SA-CCR
176.038 512.387 55.2162 9.47196 incorporates
236.157 512.387 14.2089 9.47196 the
255.24 512.387 41.7463 9.47196 multiplier
301.923 512.387 24.3582 9.47196 alpha
331.086 512.387 17.5366 9.47196 that
353.407 512.387 61.6912 9.47196 (conceptually)
420.009 512.387 37.2235 9.47196 converts
462.01 512.387 20.8801 9.47196 EEPE
487.691 512.387 17.2378 9.47196 into
509.768 512.387 5.06964 9.47196 a
519.609 512.387 19.0774 9.47196 loan

116.288 525.704 45.6168 9.47196 equivalent
166.81 525.704 40.1308 9.47196 exposure
211.692 525.704 17.687 9.47196 (see
234.131 525.704 75.3135 9.47196 ISDA-TBMA-LIBA
314.303 525.704 29.7505 9.47196 (2003);
348.864 525.704 47.7622 9.47196 Canabarro,
401.425 525.704 29.8959 9.47196 Picoult
436.106 525.704 16.5456 9.47196 and
457.466 525.704 25.3691 9.47196 Wilde
487.586 525.704 29.7515 9.47196 (2003);
522.148 525.704 16.5465 9.47196 and

116.308 538.901 25.2506 9.47196 Wilde
144.266 538.901 32.7584 9.47196 (2005)).

116.308 558.223 16.0067 9.47196 The
137.784 558.223 20.2238 9.47196 CEM
163.581 558.223 37.341 9.47196 specifies
206.417 558.223 12.1651 9.47196 RC
224.056 558.223 16.6661 9.47196 and
246.253 558.223 15.4798 9.47196 PFE
267.251 558.223 18.7377 9.47196 only
291.486 558.223 12.4639 9.47196 for
309.482 558.223 14.2338 9.47196 the
329.183 558.223 53.3776 9.47196 unmargined
388.093 558.223 21.2417 9.47196 case,
414.852 558.223 22.9678 9.47196 while
443.289 558.223 14.3295 9.47196 the
463.088 558.223 33.9317 9.47196 SA-CCR
502.587 558.223 36.1419 9.47196 includes

116.308 571.54 55.7033 9.47196 formulations
174.748 571.54 8.99687 9.47196 of
186.506 571.54 12.1651 9.47196 RC
201.381 571.54 16.672 9.47196 and
220.825 571.54 15.4808 9.47196 PFE
239.184 571.54 17.4161 9.47196 that
259.343 571.54 23.2676 9.47196 differ
285.389 571.54 12.4659 9.47196 for
300.628 571.54 42.1069 9.47196 margined
345.628 571.54 16.6661 9.47196 and
365.067 571.54 53.3926 9.47196 unmargined
421.352 571.54 25.5623 9.47196 cases.

116.308 590.862 16.0087 9.47196 The
134.908 590.862 41.5183 9.47196 approach
179.067 590.862 9.19607 9.47196 to
190.947 590.862 49.307 9.47196 developing
242.906 590.862 14.2089 9.47196 the
259.705 590.862 34.0403 9.47196 SA-CCR
296.429 590.862 16.4629 9.47196 was
315.508 590.862 9.19706 9.47196 to
327.389 590.862 28.3412 9.47196 simply
358.469 590.862 27.3761 9.47196 reflect
388.468 590.862 14.2089 9.47196 the
405.268 590.862 12.1651 9.47196 RC
420.028 590.862 16.5465 9.47196 and
439.226 590.862 15.4798 9.47196 PFE
457.346 590.862 12.4659 9.47196 for
472.465 590.862 41.3878 9.47196 particular
516.506 590.862 22.0963 9.47196 asset

76.5878 604.179 32.1618 9.47196 classes.
111.148 604.179 12.1651 9.47196 RC
125.664 604.179 46.1009 9.47196 represents
174.142 604.179 5.06964 9.47196 a
181.702 604.179 54.77 9.47196 conservative
238.942 604.179 37.608 9.47196 estimate
278.9 604.179 8.99687 9.47196 of
290.301 604.179 14.2089 9.47196 the
306.98 604.179 34.2166 9.47196 amount
343.581 604.179 14.3295 9.47196 the
360.261 604.179 21.6311 9.47196 bank
384.261 604.179 27.1071 9.47196 would
413.782 604.179 17.8095 9.47196 lose
434.061 604.179 5.51784 9.47196 if
441.982 604.179 14.2089 9.47196 the
458.661 604.179 56.5399 9.47196 counterparty
517.581 604.179 21.168 9.47196 were

76.5878 617.495 9.19706 9.47196 to
88.4671 617.495 30.7366 9.47196 default
121.827 617.495 56.282 9.47196 immediately.
180.748 617.495 6.01584 9.47196 It
189.387 617.495 29.7465 9.47196 should
221.787 617.495 11.0895 9.47196 be
235.467 617.495 25.907 9.47196 noted
264.027 617.495 17.5376 9.47196 that
284.308 617.495 45.1068 9.47196 margining
332.068 617.495 38.9038 9.47196 practices
373.587 617.495 13.8494 9.47196 are
390.027 617.495 44.1487 9.47196 becoming
436.828 617.495 23.0893 9.47196 more
462.508 617.495 53.9872 9.47196 complicated
519.148 617.495 19.426 9.47196 over

76.5878 630.812 19.6102 9.47196 time
98.9082 630.812 16.5465 9.47196 and
118.347 630.812 14.2099 9.47196 the
135.387 630.812 41.5183 9.47196 approach
179.667 630.812 9.19607 9.47196 to
191.666 630.812 54.8567 9.47196 replacement
249.387 630.812 18.0166 9.47196 cost
270.145 630.812 31.8242 9.47196 reflects
304.706 630.812 14.3295 9.47196 the
321.745 630.812 36.6219 9.47196 diversity
361.226 630.812 8.99786 9.47196 of
372.984 630.812 44.9883 9.47196 margining
420.865 630.812 38.9038 9.47196 practices
462.626 630.812 17.4161 9.47196 that
482.907 630.812 13.7289 9.47196 are
499.467 630.812 39.1179 9.47196 common

76.5878 644.009 8.03772 9.47196 in
87.265 644.009 14.2059 9.47196 the
104.062 644.009 32.8819 9.47196 market.
139.583 644.009 16.1292 9.47196 The
158.303 644.009 15.4798 9.47196 PFE
176.422 644.009 50.6506 9.47196 component
229.695 644.009 31.7007 9.47196 reflects
264.012 644.009 40.2205 9.47196 increases
306.849 644.009 8.03772 9.47196 in
317.526 644.009 40.1259 9.47196 exposure
360.243 644.009 17.4131 9.47196 that
380.278 644.009 24.4638 9.47196 could
407.394 644.009 24.1032 9.47196 occur
434.151 644.009 19.3065 9.47196 over
456.111 644.009 21.7218 9.47196 time.
480.47 644.009 15.4798 9.47196 PFE
498.589 644.009 6.6234 9.47196 is
507.829 644.009 30.7067 9.47196 related

76.5878 657.325 9.19706 9.47196 to
88.5867 657.325 36.9825 9.47196 volatility
128.307 657.325 17.4161 9.47196 that
148.466 657.325 6.74292 9.47196 is
157.945 657.325 40.5472 9.47196 observed
201.385 657.325 8.03772 9.47196 in
212.184 657.325 14.2089 9.47196 the
229.103 657.325 22.2168 9.47196 asset
254.063 657.325 22.6819 9.47196 class.

76.56 722.592 2.71656 4.79304 1

96.3648 723.492 12.9653 7.64604 The
111.485 723.492 15.026 7.64604 final
128.648 723.492 31.0159 7.64604 standard
161.771 723.492 12.3502 7.64604 can
176.294 723.492 8.8842 7.64604 be
187.333 723.492 31.3697 7.64604 retrieved
220.81 723.492 16.8824 7.64604 from
239.892 723.492 132.654 7.64604 http://www.bis.org/publ/bcbs279.pdf.

57.12 796.068 4.07484 7.18956 2

216.84 796.068 40.9994 7.18956 Foundations
259.915 796.068 6.804 7.18956 of
268.795 796.068 10.674 7.18956 the
281.517 796.068 42.373 7.18956 standardised
325.919 796.068 31.1548 7.18956 approach
359.155 796.068 9.35096 7.18956 for
370.555 796.068 34.813 7.18956 measuring
407.397 796.068 42.4146 7.18956 counterparty
451.793 796.068 18.7639 7.18956 credit
472.556 796.068 11.436 7.18956 risk
485.996 796.068 33.3199 7.18956 exposures

56.64 75.36 15.588 11.412 1.2

96.36 75.36 68.7492 11.412 Replacement
168.361 75.36 21.708 11.412 cost

56.64 102.588 14.2667 9.47196 For
75.7204 102.588 53.3876 9.47196 unmargined
133.923 102.588 31.5473 9.47196 netting
170.404 102.588 19.2009 9.47196 sets,
194.405 102.588 12.2857 9.47196 RC
211.446 102.588 45.9803 9.47196 represents
262.204 102.588 14.3265 9.47196 the
281.282 102.588 16.8224 9.47196 loss
302.882 102.588 17.4131 9.47196 that
325.079 102.588 27.1071 9.47196 would
357.001 102.588 24.2237 9.47196 occur
386.039 102.588 5.51684 9.47196 if
396.357 102.588 14.2069 9.47196 the
415.435 102.588 56.4154 9.47196 counterparty
476.63 102.588 41.9814 9.47196 defaulted

56.64 115.905 56.1615 9.47196 immediately.
115.918 115.905 38.089 9.47196 Suppose
156.956 115.905 17.5366 9.47196 that
177.717 115.905 5.06964 9.47196 a
185.754 115.905 21.6301 9.47196 bank
210.353 115.905 15.0237 9.47196 has
228.473 115.905 5.06964 9.47196 a
236.511 115.905 31.6668 9.47196 netting
271.188 115.905 12.8564 9.47196 set
287.026 115.905 8.99786 9.47196 of
299.267 115.905 27.2625 9.47196 trades
329.504 115.905 18.7348 9.47196 with
351.237 115.905 5.06964 9.47196 a
359.395 115.905 56.5379 9.47196 counterparty
419.153 115.905 18.5983 9.47196 with
440.749 115.905 14.3255 9.47196 the
458.147 115.905 31.4517 9.47196 current
492.702 115.905 26.0823 9.47196 mark-

56.64 129.221 43.9435 9.47196 to-market
103.685 129.221 29.2854 9.47196 (MTM)
136.078 129.221 23.2088 9.47196 value
163.288 128.746 7.7597 11.1712 V
175.2 129.228 2.16132 9.47196 .
180.479 129.228 5.75788 9.47196 If
189.477 129.228 14.2069 9.47196 the
206.875 129.228 56.4154 9.47196 counterparty
266.507 129.228 21.17 9.47196 were
290.746 129.228 9.19706 9.47196 to
303.103 129.228 30.8511 9.47196 default
337.056 129.228 56.281 9.47196 immediately,
396.577 129.228 14.2069 9.47196 the
413.975 129.228 16.7029 9.47196 loss
433.892 129.228 12.4639 9.47196 for
449.487 129.228 14.2069 9.47196 the
466.762 129.228 21.6271 9.47196 bank
491.599 129.228 26.9846 9.47196 would

56.6362 143.75 11.0895 9.47196 be
70.4347 143.75 24.2506 9.47196 equal
97.4333 143.75 9.19706 9.47196 to
109.433 143.75 14.3285 9.47196 the
126.471 143.75 31.6648 9.47196 greater
160.908 143.75 8.99786 9.47196 of
173.588 143.285 7.7597 11.1296 V
188.279 143.748 16.5465 9.47196 and
207.597 143.748 21.2407 9.47196 zero,
229.44 142.704 3.49272 6.16248 2
235.679 143.748 10.0367 9.47196 so
248.518 143.748 17.4161 9.47196 that
268.677 143.748 12.1651 9.47196 RC
283.557 143.748 6.6234 9.47196 is
292.916 143.748 24.1171 9.47196 given
319.795 143.748 10.701 9.47196 by
335.138 142.421 26.4238 12.0277 max{
368.991 142.421 15.3912 12.0277 ;0}

360.108 142.421 7.39542 12.0277 V
385.68 143.748 2.16132 9.47196 .

96.3619 165.471 24.7685 9.47196 There
125.88 165.471 18.5007 9.47196 may
149.041 165.471 11.0895 9.47196 be
164.882 165.471 23.3024 9.47196 cases
192.962 165.471 23.7576 9.47196 when
221.523 165.471 10.6771 9.47196 an
236.885 165.471 53.5061 9.47196 unmargined
295.086 165.471 31.6658 9.47196 netting
331.446 165.471 12.8554 9.47196 set
348.966 165.471 6.6224 9.47196 is
360.366 165.471 45.4664 9.47196 supported
410.526 165.471 10.701 9.47196 by
426.007 165.471 39.9695 9.47196 collateral
470.647 165.471 23.5056 9.47196 other
498.966 165.471 19.678 9.47196 than

56.6414 178.787 38.0392 9.47196 variation
97.084 178.787 33.2415 9.47196 margin.
132.605 178.787 11.4112 9.47196 All
146.287 178.787 20.157 9.47196 such
168.848 178.787 39.9705 9.47196 collateral
211.209 178.787 6.6234 9.47196 is
220.21 178.787 5.06964 9.47196 a
227.531 178.787 21.176 9.47196 form
250.932 178.787 8.99786 9.47196 of
262.213 178.787 56.1774 9.47196 independent
320.775 178.787 39.9715 9.47196 collateral
363.017 178.787 34.3371 9.47196 amount
399.618 178.787 21.3662 9.47196 (ICA)
423.377 178.787 17.4161 9.47196 that
443.177 178.787 6.6234 9.47196 is
452.058 178.787 30.4666 9.47196 posted
484.939 178.787 8.4162 9.47196 at
495.741 178.787 23.0893 9.47196 trade

56.6414 192.104 43.2015 9.47196 inception.
102.362 192.104 43.4435 9.47196 Generally,
148.323 192.104 5.06964 9.47196 a
155.883 192.104 21.6311 9.47196 bank
180.124 192.104 15.2378 9.47196 can
197.884 192.104 20.7576 9.47196 both
221.164 192.104 31.128 9.47196 receive
254.762 192.104 16.5465 9.47196 and
273.842 192.104 19.4559 9.47196 post
295.802 192.104 17.5167 9.47196 ICA.
315.837 192.104 39.344 9.47196 Received
357.714 192.104 15.179 9.47196 ICA
375.469 192.104 34.3421 9.47196 reduces
412.428 192.104 14.3295 9.47196 the
429.227 192.104 14.2767 9.47196 RC,
446.142 192.104 9.2628 9.47196 as
457.902 192.104 5.7758 9.47196 it
466.302 192.104 15.2368 9.47196 can
484.062 192.104 11.209 9.47196 be
497.741 192.104 20.9857 9.47196 used

56.6414 205.42 9.19706 9.47196 to
70.8016 205.42 24.8572 9.47196 offset
100.683 205.42 26.1838 9.47196 losses
131.764 205.42 8.03772 9.47196 in
144.844 205.42 14.2089 9.47196 the
164.044 205.42 24.3771 9.47196 event
193.326 205.42 8.99786 9.47196 of
207.247 205.42 5.06964 9.47196 a
217.207 205.42 56.5409 9.47196 counterparty
278.648 205.42 33.0035 9.47196 default.
316.571 205.42 30.1071 9.47196 Posted
351.731 205.42 15.184 9.47196 ICA
372.011 205.42 15.2378 9.47196 can
392.172 205.42 11.21 9.47196 be
408.252 205.42 15.9768 9.47196 lost
429.133 205.42 8.03772 9.47196 in
442.094 205.42 14.3295 9.47196 the
461.295 205.42 24.2566 9.47196 event
490.456 205.42 8.99786 9.47196 of
504.376 205.42 14.3295 9.47196 the

56.6414 218.617 56.4214 9.47196 counterparty
116.886 218.617 33.0015 9.47196 default,
153.727 218.617 27.385 9.47196 unless
184.928 218.617 5.7768 9.47196 it
194.533 218.617 6.6234 9.47196 is
204.978 218.617 49.307 9.47196 segregated
258.138 218.617 8.03772 9.47196 in
270.022 218.617 5.06964 9.47196 a
278.907 218.617 85.2267 9.47196 bankruptcy-remote
367.924 218.617 36.9566 9.47196 account.
408.727 218.617 22.916 9.47196 Thus,
435.483 218.617 14.2069 9.47196 the
453.485 218.617 28.1011 9.47196 banks
485.403 218.617 14.1731 9.47196 net
503.399 218.617 15.184 9.47196 ICA

56.6514 231.934 37.8032 9.47196 position,
97.331 231.934 9.34646 9.47196 or
109.57 231.934 24.8412 9.47196 NICA,
137.288 231.934 12.4659 9.47196 for
152.646 231.934 5.06964 9.47196 a
160.564 231.934 31.5463 9.47196 netting
195.003 231.934 12.7368 9.47196 set
210.602 231.934 6.6234 9.47196 is
220.081 231.934 44.3877 9.47196 calculated
267.361 231.934 12.2707 9.47196 via
282.481 231.934 53.8677 9.47196 aggregating
339.241 231.934 9.85044 9.47196 all
351.959 231.934 36.8271 9.47196 received
391.679 231.934 15.184 9.47196 ICA
409.797 231.934 18.7178 9.47196 with
431.396 231.934 34.1309 9.47196 positive
468.357 231.934 18.1182 9.47196 sign
489.356 231.934 16.6661 9.47196 and
508.914 231.934 9.85044 9.47196 all

56.6514 245.25 30.3431 9.47196 posted
90.365 245.25 70.6732 9.47196 non-segregated
164.409 245.25 15.3035 9.47196 ICA
183.124 245.25 18.5973 9.47196 with
205.081 245.25 14.2099 9.47196 the
222.599 245.25 37.611 9.47196 negative
263.518 245.25 20.2815 9.47196 sign.
287.155 245.25 23.2078 9.47196 Since
313.67 245.25 9.85044 9.47196 all
326.867 245.25 39.9705 9.47196 collateral
370.184 245.25 8.03772 9.47196 in
381.581 245.25 10.6771 9.47196 an
395.618 245.25 53.5071 9.47196 unmargined
452.496 245.25 31.6668 9.47196 netting
487.532 245.25 12.7368 9.47196 set
503.608 245.25 15.0227 9.47196 has

56.6514 258.567 14.2059 9.47196 the
73.5675 258.567 21.0534 9.47196 form
97.3241 258.567 8.99786 9.47196 of
109.081 258.567 15.3045 9.47196 ICA
127.2 258.567 10.6074 9.47196 (ie
140.518 258.567 11.4769 9.47196 no
154.796 258.567 38.2783 9.47196 variation
195.836 258.567 31.0782 9.47196 margin
229.676 258.567 6.6234 9.47196 is
239.035 258.567 53.042 9.47196 exchanged),
294.835 258.567 14.3295 9.47196 the
311.874 258.567 25.3701 9.47196 entire
340.076 258.567 39.9715 9.47196 collateral
382.797 258.567 34.2166 9.47196 amount
419.878 258.567 6.6234 9.47196 is
429.237 258.567 23.8781 9.47196 given
455.877 258.567 10.701 9.47196 by
469.437 258.567 24.8412 9.47196 NICA.

96.3719 277.889 16.0087 9.47196 The
115.091 277.889 12.2847 9.47196 RC
130.089 277.889 6.6234 9.47196 is
139.449 277.889 39.347 9.47196 obtained
181.568 277.889 10.7 9.47196 by
195.007 277.889 49.7871 9.47196 subtracting
247.566 277.889 14.2089 9.47196 the
264.606 277.889 31.4567 9.47196 current
298.805 277.889 69.3873 9.47196 cash-equivalent
370.934 277.889 23.2098 9.47196 value
396.854 277.889 8.99786 9.47196 of
408.613 277.889 39.9705 9.47196 collateral
451.332 277.889 38.4496 9.47196 available
492.492 277.889 9.19607 9.47196 to
504.491 277.889 14.3295 9.47196 the

56.6514 293.248 21.5106 9.47196 bank
80.894 293.248 23.8612 9.47196 using
107.528 293.248 5.06964 9.47196 a
115.336 293.248 39.353 9.47196 one-year
157.462 293.248 35.7614 9.47196 horizon,
205.416 298.499 8.89388 7.00258 CE
215.729 291.785 9 12.1125 (1
226.416 291.785 24.6216 12.1125 year)

197.453 291.785 8.004 12.1125 C

252.96 293.268 2.16132 9.47196 ,
257.879 293.268 21.0554 9.47196 from
281.638 293.268 14.2089 9.47196 the
298.557 293.268 31.5473 9.47196 netting
332.998 293.268 12.7368 9.47196 set
348.598 293.268 23.1042 9.47196 MTM
374.517 293.268 25.2018 9.47196 value:

221.048 322.645 28.7986 6.61633 NoMargin

316.552 322.645 8.91039 6.61633 CE

204.426 316.302 16.0941 11.4444 RC

263.683 316.302 26.2417 11.4444 max{

326.883 316.302 9.0153 11.4444 (1
337.589 316.302 39.8897 11.4444 year);0}

288.475 316.302 7.34446 11.4444 V
308.573 316.302 8.01761 11.4444 C

221.591 315.853 32.5753 10.8657 =

507.364 317.028 11.4042 9.47196 (2)

96.3545 342.705 14.2627 9.47196 For
112.792 342.705 40.5581 9.47196 non-cash
155.514 342.705 42.1218 9.47196 collateral,
199.796 342.705 14.2089 9.47196 the
216.236 342.705 69.2579 9.47196 cash-equivalent
287.638 342.705 23.2088 9.47196 value
322.566 347.949 8.89387 7.00258 CE
332.879 341.235 9 12.1125 (1
343.566 341.235 24.6216 12.1125 year)

314.603 341.235 8.004 12.1125 C

372.241 342.708 6.6234 9.47196 is
381.002 342.708 39.104 9.47196 obtained
422.28 342.708 21.173 9.47196 from
445.559 342.708 14.2059 9.47196 the
461.876 342.708 31.4517 9.47196 current
495.473 342.708 23.1042 9.47196 MTM

56.6388 361.433 23.0883 9.47196 value
82.9153 361.433 8.99786 9.47196 of
95.1521 361.433 39.9705 9.47196 collateral
148.388 366.669 17.2069 6.98387 MTM

140.047 359.974 8.28 12.0802 C

171.717 361.428 12.2697 9.47196 via
187.194 361.428 48.5988 9.47196 application
239.032 361.428 8.99687 9.47196 of
251.269 361.428 10.7976 9.47196 an
265.321 361.428 51.6496 9.47196 appropriate
320.159 361.428 50.061 9.47196 supervisory
373.437 361.428 30.376 9.47196 haircut
415.11 360.121 9 12.0277 (1
425.797 360.121 24.6216 12.0277 year)

408.922 360.121 6 12.0277 h

455.277 361.428 12.4629 9.47196 for
470.991 361.428 5.06964 9.47196 a
479.269 361.428 39.3549 9.47196 one-year

56.638 378.231 19.6102 9.47196 time
78.9583 378.231 33.4776 9.47196 horizon
115.198 378.231 43.4276 9.47196 according
161.397 378.231 9.19706 9.47196 to
173.397 378.231 14.3295 9.47196 the
190.436 378.231 33.0104 9.47196 general
226.195 378.231 30.2565 9.47196 haircut
259.194 378.231 36.363 9.47196 formula:

252.665 405.415 16.694 6.77554 MTM

348.543 405.415 16.694 6.77554 MTM

203.801 414.421 8.92631 6.77554 CE

252.666 423.553 16.694 6.77554 MTM

348.731 423.553 16.694 6.77554 MTM

276.471 398.919 9.03278 11.7198 [1
302.063 398.919 4.01055 11.7198 (
310.156 398.919 7.96089 11.7198 )]
330.1 398.919 7.39844 11.7198 if

378.807 398.919 6.02185 11.7198 0

214.156 407.929 4.01055 11.7198 (
222.25 407.929 4.01055 11.7198 )

276.471 417.061 9.03278 11.7198 [1
302.251 417.061 4.01055 11.7198 (
310.344 417.061 7.96089 11.7198 )]
330.288 417.061 7.39724 11.7198 if

378.805 417.061 6.02185 11.7198 0

244.579 398.919 8.03315 11.7198 C

295.859 398.919 6.02185 11.7198 h
306.023 398.919 3.34815 11.7198 t

340.461 398.919 8.03315 11.7198 C

195.814 407.929 8.03315 11.7198 C
218.119 407.929 3.34815 11.7198 t

244.579 417.061 8.03315 11.7198 C

296.046 417.061 6.02185 11.7198 h
306.211 417.061 3.34815 11.7198 t

340.649 417.061 8.03315 11.7198 C

369.46 398.459 6.61199 11.1271 >

229.139 407.47 6.61199 11.1271 =

286.822 416.601 6.61199 11.1271 +

369.46 416.601 6.61199 11.1271 <

507.357 409.068 11.4042 9.47196 (3)

96.3473 441.707 16.0067 9.47196 The
116.505 441.707 30.2505 9.47196 haircut
150.943 441.707 12.4629 9.47196 for
167.624 441.707 5.06964 9.47196 a
176.744 441.707 23.9976 9.47196 given
204.945 441.707 19.4897 9.47196 time
228.589 441.707 33.4746 9.47196 horizon
266.267 441.707 39.0203 9.47196 accounts
309.344 441.707 12.4639 9.47196 for
326.025 441.707 5.06964 9.47196 a
335.388 441.707 43.821 9.47196 possibility
383.391 441.707 8.99786 9.47196 of
396.469 441.707 10.6771 9.47196 an
411.349 441.707 57.8786 9.47196 unfavourable
473.382 441.707 32.0871 9.47196 change
509.624 441.707 8.99786 9.47196 of

56.6268 455.023 39.852 9.47196 collateral
99.2277 455.023 23.3293 9.47196 value
125.267 455.023 19.3065 9.47196 over
147.346 455.023 17.5376 9.47196 that
167.626 455.023 19.6092 9.47196 time
189.945 455.023 35.6429 9.47196 horizon.

96.3473 474.346 14.2667 9.47196 For
114.108 474.346 5.06964 9.47196 a
122.628 474.346 41.9874 9.47196 margined
168.108 474.346 31.5473 9.47196 netting
203.149 474.346 14.8812 9.47196 set,
221.629 474.346 39.851 9.47196 collateral
264.95 474.346 40.2215 9.47196 generally
308.631 474.346 34.7036 9.47196 consists
346.791 474.346 8.99786 9.47196 of
359.272 474.346 16.3962 9.47196 two
379.192 474.346 24.1211 9.47196 parts:
406.793 474.346 15.184 9.47196 ICA
425.512 474.346 20.4748 9.47196 (also
449.511 474.346 29.2774 9.47196 known
482.271 474.346 9.2628 9.47196 as
494.991 474.346 23.652 9.47196 initial

56.6268 487.662 34.0881 9.47196 margin)
93.8224 487.662 16.6661 9.47196 and
113.62 487.662 38.1588 9.47196 variation
155.022 487.662 31.0782 9.47196 margin
189.22 487.662 21.2457 9.47196 (VM)
213.573 487.662 17.5366 9.47196 that
234.212 487.662 6.6234 9.47196 is
244.049 487.662 30.4666 9.47196 posted
277.647 487.662 16.6661 9.47196 and
297.567 487.662 37.9068 9.47196 returned
338.605 487.662 47.7462 9.47196 depending
389.483 487.662 11.5167 9.47196 on
404.12 487.662 14.3295 9.47196 the
421.638 487.662 31.5483 9.47196 netting
456.318 487.662 12.8574 9.47196 set
472.276 487.662 23.2237 9.47196 MTM
498.674 487.662 19.92 9.47196 (see,

56.6268 500.979 12.4659 9.47196 for
71.8656 500.979 39.1229 9.47196 example,
113.747 500.979 35.5403 9.47196 Gregory
152.024 500.979 26.7526 9.47196 (2012,
181.654 500.979 34.7953 9.47196 Chapter
219.222 500.979 10.5596 9.47196 5).

96.3373 520.301 16.0077 9.47196 The
115.175 520.301 34.0403 9.47196 SA-CCR
152.018 520.301 17.0635 9.47196 sets
171.817 520.301 14.3295 9.47196 the
188.857 520.301 12.1651 9.47196 RC
203.735 520.301 12.4659 9.47196 for
219.095 520.301 5.06964 9.47196 a
226.894 520.301 42.1069 9.47196 margined
271.774 520.301 31.6678 9.47196 netting
306.214 520.301 12.8564 9.47196 set
321.814 520.301 24.3701 9.47196 equal
348.933 520.301 9.19706 9.47196 to
360.932 520.301 14.2089 9.47196 the
377.972 520.301 43.4973 9.47196 maximum
424.173 520.301 8.99687 9.47196 of
435.931 520.301 14.3295 9.47196 the
452.971 520.301 31.4567 9.47196 current
487.171 520.301 12.1651 9.47196 RC
502.17 520.301 16.5465 9.47196 and

56.6168 533.498 5.06964 9.47196 a
64.4155 533.498 54.7661 9.47196 conservative
121.892 533.498 37.609 9.47196 estimate
162.211 533.498 8.99687 9.47196 of
173.967 533.498 14.3265 9.47196 the
191.002 533.498 26.5603 9.47196 future
220.273 533.498 14.2816 9.47196 RC.
237.435 533.498 16.0067 9.47196 The
256.272 533.498 31.4527 9.47196 current
290.468 533.498 12.1651 9.47196 RC
305.346 533.498 6.6234 9.47196 is
314.705 533.498 23.9976 9.47196 given
341.462 533.498 10.701 9.47196 by

225.217 552.024 21.0877 6.57118 Current

225.315 560.304 20.3461 6.57118 Margin

313.038 560.304 8.91129 6.57118 CE

208.876 554.002 16.0957 11.3664 RC

260.155 554.002 26.2444 11.3664 max{

323.362 554.002 49.8488 11.3664 (MPR);0}

284.948 554.002 7.3452 11.3664 V
305.049 554.002 8.01841 11.3664 C

218.06 553.556 32.5785 10.7916 =

507.356 554.628 11.4042 9.47196 (4)

56.6257 580.424 26.8093 9.47196 where
97.2407 585.669 8.82247 6.98387 CE
107.47 578.974 34.2859 12.0801 (MPR)

89.336 578.974 7.9397 12.0801 C

147.842 580.428 6.6234 9.47196 is
158.885 580.428 14.2089 9.47196 the
177.487 580.428 69.2589 9.47196 cash-equivalent
251.171 580.428 23.2098 9.47196 value
278.774 580.428 8.99786 9.47196 of
292.217 580.428 39.852 9.47196 collateral
336.501 580.428 39.2275 9.47196 obtained
380.184 580.428 21.0554 9.47196 from
415.588 585.669 17.2069 6.98387 MTM

407.247 578.974 8.28 12.0801 C

440.162 580.428 12.2697 9.47196 via
456.844 580.428 48.5998 9.47196 application
509.889 580.428 8.99786 9.47196 of

56.6424 597.111 38.8749 9.47196 Equation
97.9266 597.111 11.4062 9.47196 (3)
111.851 597.111 18.5973 9.47196 with
132.971 597.111 19.6102 9.47196 time
154.933 597.111 33.5971 9.47196 horizon
192.192 595.532 2.85942 12.3547 t
199.32 597.108 12.7368 9.47196 set
214.56 597.108 24.2516 9.47196 equal
241.202 597.108 9.19607 9.47196 to
252.842 597.108 14.3295 9.47196 the
269.522 597.108 31.0782 9.47196 margin
303.123 597.108 28.6659 9.47196 period
334.204 597.108 8.99687 9.47196 of
345.604 597.108 15.1502 9.47196 risk
363.125 597.108 28.6768 9.47196 (MPR).
392.52 596.064 3.49272 6.16248 3
398.4 597.108 16.0067 9.47196 The
416.759 597.108 26.5613 9.47196 future
445.671 597.108 12.1651 9.47196 RC
460.191 597.108 6.75388 9.47196 is
469.323 597.108 49.308 9.47196 interpreted

56.6429 610.913 9.2628 9.47196 as
69.1198 610.913 14.2099 9.47196 the
86.5169 610.913 16.7039 9.47196 loss
106.435 610.913 17.5356 9.47196 that
127.191 610.913 24.3552 9.47196 could
154.797 610.913 24.2227 9.47196 occur
182.39 610.913 5.51684 9.47196 if
191.144 610.913 14.2059 9.47196 the
208.538 610.913 56.4154 9.47196 counterparty
268.169 610.913 41.8639 9.47196 defaulted
313.283 610.913 8.4172 9.47196 at
324.92 610.913 10.6781 9.47196 an
338.836 610.913 40.5492 9.47196 unknown
382.622 610.913 19.7298 9.47196 time
405.539 610.913 23.1739 9.47196 point
431.933 610.913 26.636 9.47196 within
461.806 610.913 14.2069 9.47196 the
479.2 610.913 39.4277 9.47196 one-year

56.6429 624.229 28.8103 9.47196 capital
87.8436 624.229 35.6359 9.47196 horizon.
125.88 624.229 35.9277 9.47196 Because
164.158 624.229 8.99786 9.47196 of
175.556 624.229 14.3265 9.47196 the
192.234 624.229 49.4584 9.47196 uncertainty
244.072 624.229 8.99786 9.47196 of
255.59 624.229 14.2069 9.47196 the
272.287 624.229 30.8571 9.47196 default
305.527 624.229 21.7218 9.47196 time,
329.768 624.229 14.3295 9.47196 the
346.448 624.229 31.6668 9.47196 netting
380.529 624.229 12.8574 9.47196 set
395.77 624.229 23.2237 9.47196 MTM
421.57 624.229 23.0903 9.47196 value
454.565 624.229 18.7178 9.47196 and,
475.803 624.229 42.837 9.47196 therefore,

56.6429 637.546 14.2089 9.47196 the
73.3219 637.546 17.8095 9.47196 true
93.6015 637.546 12.1651 9.47196 RC
115.805 637.546 6.6234 9.47196 is
124.925 637.546 14.8942 9.47196 not
142.322 637.546 31.4367 9.47196 known.
176.398 637.546 16.0067 9.47196 The
194.875 637.546 34.1757 9.47196 SA-CCR
231.614 637.546 61.9402 9.47196 conservatively
296.174 637.546 37.2225 9.47196 assumes
335.893 637.546 19.679 9.47196 that,
358.092 637.546 8.4162 9.47196 at
369.012 637.546 14.3295 9.47196 the
385.813 637.546 19.7288 9.47196 time
408.013 637.546 8.99687 9.47196 of
419.532 637.546 32.8809 9.47196 default,
454.933 637.546 14.2089 9.47196 the
471.613 637.546 31.6668 9.47196 netting
505.814 637.546 12.8574 9.47196 set

56.6528 650.862 23.1042 9.47196 MTM
82.9303 650.862 23.2088 9.47196 value
109.208 650.862 6.6234 9.47196 is
118.926 650.862 19.674 9.47196 high
141.717 650.862 33.8321 9.47196 enough
178.789 650.862 9.19706 9.47196 to
191.148 650.862 29.626 9.47196 trigger
223.905 650.862 5.06964 9.47196 a
232.185 650.862 31.0772 9.47196 margin
266.38 650.862 16.682 9.47196 call.
286.302 650.862 17.5406 9.47196 This
306.937 650.862 26.9856 9.47196 would
337.053 650.862 24.2237 9.47196 occur
364.407 650.862 8.4162 9.47196 at
375.925 650.862 14.3265 9.47196 the
393.32 650.862 23.2237 9.47196 MTM
419.718 650.862 20.0505 9.47196 level
442.998 650.862 24.3054 9.47196 equal
470.411 650.862 9.19706 9.47196 to
482.77 650.862 14.3295 9.47196 the
500.168 650.862 18.5366 9.47196 sum

56.64 713.832 2.71656 4.79304 2

76.4448 714.732 14.4648 7.64604 See,
93.1278 714.732 9.99774 7.64604 for
105.251 714.732 31.3857 7.64604 example,
138.732 714.732 26.1525 7.64604 Pykhtin
167.056 714.732 23.8249 7.64604 (2011).

56.64 730.512 2.71656 4.79304 3

76.4448 731.412 16.568 7.64604 MPR
95.1675 731.412 36.8795 7.64604 represents
134.162 731.412 11.5253 7.64604 the
147.842 731.412 15.7254 7.64604 time
165.722 731.412 22.9727 7.64604 period
190.802 731.412 15.6378 7.64604 over
208.565 731.412 20.5108 7.64604 which
231.248 731.412 32.1624 7.64604 exposure
265.565 731.412 7.47157 7.64604 to
275.168 731.412 45.2885 7.64604 counterparty
322.568 731.412 14.9311 7.64604 may
339.611 731.412 30.5391 7.64604 increase.
372.368 731.412 11.4385 7.64604 For
385.932 731.412 33.895 7.64604 margined
421.924 731.412 25.371 7.64604 netting
449.402 731.412 15.4231 7.64604 sets,
467.043 731.412 12.6469 7.64604 this
481.804 731.412 5.32891 7.64604 is
489.247 731.412 11.5221 7.64604 the
502.927 731.412 15.842 7.64604 time

76.4368 742.089 30.3414 7.64604 between
109.433 742.089 11.5253 7.64604 the
123.587 742.089 12.0857 7.64604 last
138.345 742.089 24.9521 7.64604 margin
165.944 742.089 11.6668 7.64604 call
180.233 742.089 14.1255 7.64604 that
196.908 742.089 11.5253 7.64604 the
211.063 742.089 45.2893 7.64604 counterparty
258.938 742.089 21.6549 7.64604 would
283.174 742.089 28.9729 7.64604 respond
314.848 742.089 7.47157 7.64604 to
324.926 742.089 16.839 7.64604 prior
344.484 742.089 8.08904 7.64604 its
355.162 742.089 24.6828 7.64604 default
382.516 742.089 13.3753 7.64604 and
398.473 742.089 11.5253 7.64604 the
412.628 742.089 29.8429 7.64604 closeout
445.142 742.089 16.355 7.64604 after
464.096 742.089 11.5253 7.64604 the
478.25 742.089 26.405 7.64604 default.
507.348 742.089 11.4377 7.64604 For

76.4287 752.646 43.0132 7.64604 unmargined
121.549 752.646 23.5821 7.64604 trades,
147.35 752.646 11.5253 7.64604 the
161.03 752.646 15.7254 7.64604 time
178.91 752.646 22.9727 7.64604 period
203.991 752.646 5.32891 7.64604 is
211.433 752.646 13.4453 7.64604 one
227.15 752.646 14.915 7.64604 year
244.19 752.646 7.478 7.64604 or
253.793 752.646 11.5253 7.64604 the
267.473 752.646 15.0252 7.64604 final
284.636 752.646 31.3793 7.64604 maturity,
318.233 752.646 35.8455 7.64604 consistent
356.276 752.646 14.9906 7.64604 with
373.438 752.646 11.5229 7.64604 the
387.118 752.646 31.4694 7.64604 one-year
420.713 752.646 15.8452 7.64604 time
438.591 752.646 26.7507 7.64604 horizon
467.514 752.646 32.2058 7.64604 generally
501.831 752.646 16.8526 7.64604 used

76.4287 763.323 6.47059 7.64604 in
85.0717 763.323 11.5253 7.64604 the
98.7518 763.323 18.1423 7.64604 Basel
119.031 763.323 25.3847 7.64604 accord.

76.56 795.948 40.9994 7.18956 Foundations
119.635 795.948 6.804 7.18956 of
128.515 795.948 10.674 7.18956 the
141.237 795.948 42.373 7.18956 standardised
185.639 795.948 31.1548 7.18956 approach
218.875 795.948 9.35096 7.18956 for
230.275 795.948 34.813 7.18956 measuring
267.117 795.948 42.4146 7.18956 counterparty
311.513 795.948 18.7639 7.18956 credit
332.276 795.948 11.436 7.18956 risk
345.72 795.948 33.3215 7.18956 exposures

534.6 796.068 4.07484 7.18956 3

76.56 74.628 8.99786 9.47196 of
88.6773 74.628 14.2089 9.47196 the
106.077 74.628 41.7473 9.47196 threshold
150.956 74.628 18.3682 9.47196 (TH)
172.554 74.628 16.5465 9.47196 and
192.355 74.628 14.3295 9.47196 the
209.876 74.628 41.9356 9.47196 minimum
254.874 74.628 33.7066 9.47196 transfer
291.835 74.628 34.2166 9.47196 amount
329.153 74.628 28.7973 9.47196 (MTA).
361.189 74.628 5.75688 9.47196 If
370.065 74.628 23.0893 9.47196 there
396.223 74.628 6.6234 9.47196 is
406.062 74.628 23.7715 9.47196 initial
433.064 74.628 33.2415 9.47196 margin,
469.421 74.628 14.3295 9.47196 the
486.819 74.628 26.5703 9.47196 future
516.578 74.628 12.1661 9.47196 RC
531.816 74.628 6.74292 9.47196 is

76.56 87.9445 39.2275 9.47196 obtained
118.559 87.9445 10.8215 9.47196 by
132.119 87.9445 49.6675 9.47196 subtracting
184.558 87.9445 22.7447 9.47196 NICA
210.118 87.9445 21.0564 9.47196 from
233.877 87.9445 14.3295 9.47196 the
250.917 87.9445 31.0782 9.47196 margin
284.756 87.9445 14.5316 9.47196 call
302.036 87.9445 29.7465 9.47196 trigger
334.556 87.9445 22.2028 9.47196 level,
359.517 87.9445 38.3868 9.47196 resulting
400.676 87.9445 8.03772 9.47196 in

234.005 106.474 17.9626 6.57118 Future

234.005 114.754 20.2829 6.57118 Margin

217.62 108.452 16.0456 11.3664 RC

268.086 108.452 41.7961 11.3664 max{TH
321.639 108.452 26.817 11.3664 MTA
360.401 108.452 44.2708 11.3664 NICA;0}

249.882 108.007 8.71251 10.7916 =

312.461 108.007 6.57933 10.7916 +

527.281 109.068 11.4042 9.47196 (5)

116.271 132.703 10.5805 9.47196 By
129.591 132.703 27.2267 9.47196 taking
159.591 132.703 14.3285 9.47196 the
176.751 132.703 43.4983 9.47196 maximum
222.952 132.703 8.99786 9.47196 of
234.832 132.703 43.2234 9.47196 Equations
280.792 132.703 11.4062 9.47196 (4)
294.954 132.703 16.5465 9.47196 and
314.276 132.703 11.4062 9.47196 (5)
328.439 132.703 16.8493 9.47196 one
347.998 132.703 32.4208 9.47196 obtains
383.155 132.703 14.3265 9.47196 the
400.191 132.703 12.1651 9.47196 RC
415.07 132.703 12.4639 9.47196 for
430.428 132.703 42.1049 9.47196 margined
475.426 132.703 31.5413 9.47196 netting
509.74 132.703 19.2009 9.47196 sets:

196.091 158.723 20.2677 6.63397 Margin

282.818 158.723 8.87693 6.63397 CE

179.719 152.363 16.0336 11.475 RC

230.146 152.363 26.1431 11.475 max{

293.109 152.363 54.8009 11.475 (MPR);TH
359.659 152.363 26.7969 11.475 MTA
398.392 152.363 44.2376 11.475 NICA;0}

254.844 152.363 7.31685 11.475 V
274.867 152.363 7.98746 11.475 C

220.186 151.913 0.479008 10.8947 =

350.491 151.913 6.57438 10.8947 +

527.283 153.108 11.4042 9.47196 (6)

116.273 176.743 48.8628 9.47196 Sometimes
170.033 176.743 30.9577 9.47196 margin
205.914 176.743 47.7771 9.47196 agreement
258.476 176.743 46.1038 9.47196 thresholds
309.358 176.743 13.8494 9.47196 are
328.079 176.743 12.7359 9.47196 set
345.719 176.743 8.53572 9.47196 at
359.039 176.743 5.06964 9.47196 a
368.881 176.743 18.3812 9.47196 very
392.042 176.743 19.678 9.47196 high
416.523 176.743 22.2018 9.47196 level,
443.645 176.743 25.5574 9.47196 which
474.125 176.743 26.9876 9.47196 would
505.926 176.743 18.5864 9.47196 lead
529.446 176.743 9.19706 9.47196 to

76.5528 190.06 59.0528 9.47196 unreasonably
138.583 190.06 19.5545 9.47196 high
161.135 190.06 27.383 9.47196 values
191.493 190.06 8.99687 9.47196 of
203.488 190.06 14.2069 9.47196 the
220.644 190.06 54.7342 9.47196 replacement
278.359 190.06 18.1362 9.47196 cost
299.478 190.06 18.7178 9.47196 and,
321.313 190.06 42.7155 9.47196 therefore,
367.026 190.06 14.2069 9.47196 the
384.182 190.06 22.9209 9.47196 EEPE.
410.101 190.06 17.5406 9.47196 This
430.617 190.06 21.7666 9.47196 issue
455.332 190.06 6.6234 9.47196 is
464.93 190.06 45.1068 9.47196 addressed
513.048 190.06 8.03772 9.47196 in
524.083 190.06 14.449 9.47196 the

76.5528 203.376 34.0433 9.47196 SA-CCR
112.921 203.376 10.701 9.47196 by
125.882 203.376 35.3839 9.47196 capping
163.56 203.376 14.2069 9.47196 the
179.999 203.376 20.8801 9.47196 EEPE
203.16 203.376 8.99786 9.47196 of
214.439 203.376 5.06964 9.47196 a
221.76 203.376 42.1059 9.47196 margined
266.16 203.376 31.6668 9.47196 netting
300.121 203.376 12.8554 9.47196 set
315.241 203.376 10.701 9.47196 by
328.202 203.376 14.2069 9.47196 the
344.641 203.376 20.7586 9.47196 EEPE
367.681 203.376 8.99687 9.47196 of
378.958 203.376 10.6771 9.47196 an
391.916 203.376 42.7702 9.47196 otherwise
437.037 203.376 45.6118 9.47196 equivalent
484.913 203.376 53.6236 9.47196 unmargined

76.5628 216.693 31.5473 9.47196 netting
110.882 216.693 15.0008 9.47196 set.

76.56 248.64 15.588 11.412 1.3

116.28 248.64 46.944 11.412 Potential
166.44 248.64 31.956 11.412 future
201.6 248.64 48.276 11.412 exposure

76.56 275.868 16.0077 9.47196 The
94.7997 275.868 34.0393 9.47196 SA-CCR
131.164 275.868 37.4635 9.47196 specifies
170.885 275.868 14.2089 9.47196 the
187.326 275.868 15.6003 9.47196 PFE
205.207 275.868 9.2638 9.47196 as
216.729 275.868 14.2089 9.47196 the
233.17 275.868 34.6977 9.47196 product
270.132 275.868 8.99687 9.47196 of
281.412 275.868 14.2089 9.47196 the
297.853 275.868 45.1706 9.47196 aggregate
345.255 275.868 10.6074 9.47196 (ie
358.094 275.868 75.6004 9.47196 netting-set-level)
435.968 275.868 32.2833 9.47196 add-on
470.534 275.868 16.5465 9.47196 and
489.374 275.868 5.06964 9.47196 a
496.695 275.868 41.8669 9.47196 multiplier

88.985 288.571 3.95604 12.0277 (
95.2933 288.571 3.95604 12.0277 )

77.2906 288.571 9.89604 12.0277 W
104.039 289.908 42.7035 9.47196 described
149.636 289.908 8.03772 9.47196 in
160.434 289.908 32.5244 9.47196 Section
195.72 289.908 7.56064 9.47196 5,
206.038 289.908 48.0172 9.47196 dependent
256.798 289.908 11.5167 9.47196 on
271.077 289.908 14.3295 9.47196 the
288.117 289.908 20.2367 9.47196 ratio
311.156 289.908 8.99786 9.47196 of
322.915 289.908 14.2099 9.47196 the
339.955 289.908 31.5473 9.47196 netting
374.395 289.908 19.3433 9.47196 sets
396.596 289.908 31.4567 9.47196 current
430.795 289.908 81.8324 9.47196 collateral-adjusted
515.399 289.908 23.1032 9.47196 MTM

76.5593 307.786 23.0893 9.47196 value

131.063 313.019 8.82721 6.98387 CE

103.242 306.324 7.27701 12.0802 V
123.156 306.324 7.94397 12.0802 C

144.959 307.788 9.19706 9.47196 to
156.958 307.788 14.2099 9.47196 the
173.877 307.788 32.3999 9.47196 add-on
209.038 307.788 22.9219 9.47196 itself:

379.703 336.975 26.8443 6.81139 aggregate

306.689 337.77 8.91887 6.81139 CE

302.237 346.605 26.8443 6.81139 aggregate

214.177 339.026 20.7028 11.7819 PFE

343.792 339.026 35.1613 11.7819 AddOn

266.32 348.656 35.1613 11.7819 AddOn

278.57 331.244 7.35259 11.7819 V
298.69 331.244 8.02648 11.7819 C

246.392 339.038 10.0241 11.7819 W

150.303 338.576 87.7016 11.1861 =

527.274 340.188 11.4042 9.47196 (7)

116.265 371.024 16.0087 9.47196 The
136.425 371.024 45.1686 9.47196 aggregate
185.628 371.024 32.2824 9.47196 add-on
221.994 371.024 6.6224 9.47196 is
232.677 371.024 10.7976 9.47196 an
247.559 371.024 37.4894 9.47196 estimate
289.083 371.024 8.99786 9.47196 of
302.164 371.024 14.3295 9.47196 the
320.529 371.024 31.5413 9.47196 netting
356.168 371.024 12.8564 9.47196 set
373.092 371.024 20.7586 9.47196 EEPE
397.934 371.024 25.7815 9.47196 under
427.813 371.024 14.3295 9.47196 the
446.176 371.024 55.3447 9.47196 assumptions
505.581 371.024 17.5366 9.47196 that
527.186 371.024 11.4769 9.47196 no

76.5545 384.221 39.852 9.47196 collateral
119.275 384.221 6.6234 9.47196 is
128.756 384.221 38.6607 9.47196 currently
170.275 384.221 19.1869 9.47196 held
192.234 384.221 9.46598 9.47196 or
204.473 384.221 30.3471 9.47196 posted
237.713 384.221 16.5465 9.47196 and
257.033 384.221 17.5366 9.47196 that
277.433 384.221 14.2099 9.47196 the
294.472 384.221 31.5782 9.47196 current
328.793 384.221 23.1042 9.47196 MTM
354.713 384.221 27.5035 9.47196 values
384.952 384.221 8.99687 9.47196 of
396.711 384.221 9.97096 9.47196 all
409.431 384.221 27.2635 9.47196 trades
439.672 384.221 13.7289 9.47196 are
456.11 384.221 21.2417 9.47196 zero.
480.23 384.221 6.01584 9.47196 It
488.989 384.221 6.74292 9.47196 is
498.468 384.221 40.2215 9.47196 generally

76.5545 397.538 14.2089 9.47196 the
93.9516 397.538 19.1292 9.47196 case
116.269 397.538 17.5366 9.47196 that
137.027 397.538 15.4798 9.47196 PFE
155.743 397.538 6.6234 9.47196 is
165.581 397.538 32.4168 9.47196 highest
201.338 397.538 12.4659 9.47196 for
217.055 397.538 60.7709 9.47196 at-the-money
281.042 397.538 31.5403 9.47196 netting
315.834 397.538 19.2009 9.47196 sets.
338.271 397.538 16.1262 9.47196 The
357.586 397.538 41.8659 9.47196 multiplier
402.703 397.538 34.3431 9.47196 reduces
440.26 397.538 14.2059 9.47196 the
457.654 397.538 23.2088 9.47196 value
484.051 397.538 8.99687 9.47196 of
496.285 397.538 15.4798 9.47196 PFE
515.002 397.538 23.6351 9.47196 when

76.5644 410.854 14.2089 9.47196 the
93.4825 410.854 81.8294 9.47196 collateral-adjusted
178.084 410.854 23.2237 9.47196 MTM
204.122 410.854 6.6234 9.47196 is
213.482 410.854 39.7205 9.47196 negative.

76.56 455.652 10.6002 13.352 2.

116.279 455.652 47.6686 13.352 General
167.757 455.652 65.8911 13.352 framework
237.35 455.652 17.4854 13.352 for
258.711 455.652 51.3176 13.352 add-ons

76.56 491.52 15.588 11.412 2.1

116.28 491.52 68.088 11.412 Assumptions
187.56 491.52 20.028 11.412 and
210.84 491.52 34.056 11.412 set-up

76.56 518.748 16.0087 9.47196 The
95.6384 518.748 72.6144 9.47196 netting-set-level
171.24 518.748 32.5234 9.47196 add-on
206.764 518.748 45.9813 9.47196 represents
255.841 518.748 5.06964 9.47196 a
264.001 518.748 54.769 9.47196 conservative
321.845 518.748 37.611 9.47196 estimate
362.404 518.748 8.99786 9.47196 of
374.403 518.748 14.3295 9.47196 the
391.681 518.748 20.7606 9.47196 EEPE
415.561 518.748 8.99786 9.47196 of
427.558 518.748 14.3295 9.47196 the
444.837 518.748 31.5463 9.47196 netting
479.516 518.748 12.8564 9.47196 set
495.354 518.748 25.906 9.47196 under
524.394 518.748 14.2089 9.47196 the

76.56 532.065 40.7872 9.47196 following
120.12 532.065 57.4821 9.47196 assumptions:

116.28 551.387 16.0067 9.47196 The
135.119 551.387 31.4517 9.47196 current
169.313 551.387 23.1042 9.47196 MTM
195.232 551.387 23.2088 9.47196 value
221.151 551.387 8.99786 9.47196 of
232.908 551.387 20.5176 9.47196 each
256.185 551.387 23.0893 9.47196 trade
281.984 551.387 6.74292 9.47196 is
291.463 551.387 19.0365 9.47196 zero
313.302 551.387 10.6243 9.47196 (ie
326.636 551.387 23.0893 9.47196 trade
352.434 551.387 6.74292 9.47196 is
362.033 551.387 63.0149 9.47196 at-the-money,
427.804 551.387 25.8004 9.47196 ATM).

116.29 570.709 16.0087 9.47196 The
135.009 570.709 21.6301 9.47196 bank
159.368 570.709 31.0672 9.47196 neither
193.209 570.709 24.0245 9.47196 holds
219.969 570.709 14.9868 9.47196 nor
237.849 570.709 14.9031 9.47196 has
255.488 570.709 30.4676 9.47196 posted
288.728 570.709 39.9715 9.47196 collateral
331.448 570.709 12.4659 9.47196 for
346.687 570.709 14.3295 9.47196 the
363.727 570.709 31.5473 9.47196 netting
398.046 570.709 15.0018 9.47196 set.

116.29 590.032 24.7675 9.47196 There
143.767 590.032 13.8494 9.47196 are
160.327 590.032 11.4739 9.47196 no
174.603 590.032 19.5575 9.47196 cash
196.92 590.032 22.8223 9.47196 flows
222.478 590.032 26.8751 9.47196 within
252.112 590.032 14.2069 9.47196 the
269.166 590.032 28.8093 9.47196 capital
300.73 590.032 33.4746 9.47196 horizon
336.974 590.032 8.99786 9.47196 of
348.737 590.032 16.7268 9.47196 one
368.179 590.032 20.7616 9.47196 year.

116.3 609.235 16.0067 9.47196 The
134.779 609.235 41.2742 9.47196 evolution
178.454 609.235 33.5025 9.47196 process
214.334 609.235 12.4639 9.47196 for
229.212 609.235 23.2237 9.47196 MTM
254.892 609.235 23.2088 9.47196 value
280.452 609.235 8.99687 9.47196 of
291.969 609.235 20.5176 9.47196 each
314.887 609.235 23.0893 9.47196 trade
340.327 609.235 31.2216 9.47196 follows
373.926 609.235 44.319 9.47196 arithmetic
420.603 609.235 41.1547 9.47196 Brownian
464.278 609.235 31.7973 9.47196 motion
498.476 609.235 18.5983 9.47196 with
519.501 609.235 19.0356 9.47196 zero

116.3 622.551 18.2567 9.47196 drift
137.3 622.551 16.5465 9.47196 and
156.619 622.551 21.2268 9.47196 fixed
180.618 622.551 39.2424 9.47196 volatility.

116.3 641.874 25.4896 9.47196 These
145.098 641.874 55.3437 9.47196 assumptions
203.775 641.874 13.8484 9.47196 are
220.931 641.874 33.107 9.47196 needed
257.408 641.874 9.19607 9.47196 to
270.004 641.874 28.1958 9.47196 obtain
301.559 641.874 14.3295 9.47196 the
319.196 641.874 24.2257 9.47196 linear
346.792 641.874 54.53 9.47196 dependence
404.629 641.874 8.99786 9.47196 of
416.987 641.874 14.2089 9.47196 the
434.503 641.874 45.1696 9.47196 aggregate
483.1 641.874 32.3212 9.47196 add-on
518.778 641.874 11.5167 9.47196 on
533.651 641.874 5.06964 9.47196 a

76.5799 655.19 25.8472 9.47196 single
105.496 655.19 37.1189 9.47196 dynamic
145.69 655.19 36.2544 9.47196 quantity
193.221 655.19 14.3295 9.47196 the
210.619 655.19 36.9825 9.47196 volatility
250.698 655.19 8.99786 9.47196 of
262.815 655.19 14.3295 9.47196 the
280.213 655.19 31.5473 9.47196 netting
314.891 655.19 12.8564 9.47196 set
330.849 655.19 23.1052 9.47196 MTM
357.127 655.19 25.3213 9.47196 value.
385.565 655.19 16.1292 9.47196 The
404.885 655.19 21.9767 9.47196 most
429.964 655.19 43.817 9.47196 important
476.882 655.19 30.8571 9.47196 benefit
510.841 655.19 8.99786 9.47196 of
522.959 655.19 15.7428 9.47196 this

76.5799 668.507 54.4075 9.47196 dependence
134.418 668.507 6.74292 9.47196 is
144.618 668.507 17.4171 9.47196 that
165.498 668.507 16.8493 9.47196 one
185.777 668.507 15.3623 9.47196 can
204.623 668.507 45.0491 9.47196 aggregate
253.102 668.507 36.6279 9.47196 add-ons
293.187 668.507 21.176 9.47196 from
317.788 668.507 5.06964 9.47196 a
326.308 668.507 22.9698 9.47196 trade
352.708 668.507 20.171 9.47196 level
376.349 668.507 9.19607 9.47196 to
389.069 668.507 5.06964 9.47196 a
397.59 668.507 48.4942 9.47196 netting-set
449.548 668.507 20.0505 9.47196 level
473.069 668.507 9.38332 9.47196 as
485.909 668.507 5.51784 9.47196 if
494.91 668.507 19.1013 9.47196 they
517.47 668.507 21.169 9.47196 were

76.5899 681.823 38.6269 9.47196 standard
119.673 681.823 47.1626 9.47196 deviations.
171.277 681.823 57.1216 9.47196 Furthermore,
232.839 681.823 14.3285 9.47196 the
251.561 681.823 34.0283 9.47196 SA-CCR
290.194 681.823 46.1985 9.47196 calibration
340.838 681.823 15.3573 9.47196 can
360.64 681.823 11.0885 9.47196 be
376.122 681.823 35.9875 9.47196 reduced
416.565 681.823 9.19706 9.47196 to
430.365 681.823 32.5065 9.47196 making
467.328 681.823 55.3447 9.47196 assumptions
527.091 681.823 11.5177 9.47196 on

76.5899 695.02 44.066 9.47196 volatilities
123.392 695.02 16.5465 9.47196 and
142.711 695.02 51.7432 9.47196 correlations
197.312 695.02 8.99786 9.47196 of
209.071 695.02 30.617 9.47196 market
242.431 695.02 15.1502 9.47196 risk
260.31 695.02 29.7834 9.47196 factors
292.829 695.02 17.5366 9.47196 that
313.109 695.02 21.8901 9.47196 drive
337.708 695.02 23.0903 9.47196 trade
363.508 695.02 23.1032 9.47196 MTM
389.427 695.02 29.5214 9.47196 values.

116.31 714.342 24.9498 9.47196 Using
144.029 714.342 23.8094 9.47196 these
170.548 714.342 57.4821 9.47196 assumptions,
230.787 714.342 14.3295 9.47196 the
247.825 714.342 23.1042 9.47196 MTM
273.744 714.342 23.2098 9.47196 value
299.663 714.342 8.99786 9.47196 of
311.422 714.342 23.0893 9.47196 trade
338.592 712.953 2.85942 12.12 i
346.079 714.348 8.4162 9.47196 at
357.238 714.348 19.4897 9.47196 time
380.842 712.778 2.85942 12.3062 t
388.319 714.348 15.2378 9.47196 can
406.318 714.348 11.0895 9.47196 be
420.116 714.348 52.9065 9.47196 represented
475.917 714.348 9.2628 9.47196 as

297.372 741.964 3.29165 8.27724 {

316.543 741.964 3.29165 8.27724 }

269.367 736.311 4.00559 11.4257 (
277.45 736.311 4.00559 11.4257 )
292.549 736.311 6.0144 11.4257 1

307.082 746.279 1.40204 4.79045 i

265.984 742.644 1.93327 6.60548 i

330.512 742.644 1.93327 6.60548 i

358.548 742.644 1.93327 6.60548 i

300.755 743.258 5.79285 6.60548 M
314.475 743.258 1.93327 6.60548 t

259.249 736.311 7.3496 11.4257 V
273.314 736.311 3.34401 11.4257 t

341.851 736.311 3.34401 11.4257 t
350.121 736.311 7.3496 11.4257 X

284.341 735.863 6.60381 10.8479 =

527.279 736.908 11.4042 9.47196 (8)

57.12 796.068 4.07484 7.18956 4

216.84 796.068 40.9994 7.18956 Foundations
259.915 796.068 6.804 7.18956 of
268.795 796.068 10.674 7.18956 the
281.517 796.068 42.373 7.18956 standardised
325.919 796.068 31.1548 7.18956 approach
359.155 796.068 9.35096 7.18956 for
370.555 796.068 34.813 7.18956 measuring
407.397 796.068 42.4146 7.18956 counterparty
451.793 796.068 18.7639 7.18956 credit
472.556 796.068 11.436 7.18956 risk
485.996 796.068 33.3199 7.18956 exposures

56.64 75.348 26.8093 9.47196 where
91.5225 80.4212 7.35002 8.14991 {}

86.71 74.8247 6 11.3664 1
103.799 75.348 6.6234 9.47196 is
113.039 75.348 14.3295 9.47196 the
129.959 75.348 38.8669 9.47196 indicator
171.48 75.348 36.4775 9.47196 function
210.599 75.348 8.99687 9.47196 of
222.239 75.348 5.06964 9.47196 a
229.919 75.348 35.8779 9.47196 Boolean
268.439 75.348 34.4895 9.47196 variable
305.519 75.348 8.89727 9.47196 (it
317.16 75.348 22.8233 9.47196 takes
342.719 75.348 5.06964 9.47196 a
350.399 75.348 23.2068 9.47196 value
376.316 75.348 8.99786 9.47196 of
387.953 75.348 5.36844 9.47196 1
395.993 75.348 5.51784 9.47196 if
404.273 75.348 14.3295 9.47196 the
421.193 75.348 42.9724 9.47196 argument
466.789 75.348 6.74292 9.47196 is
476.269 75.348 23.0415 9.47196 TRUE
502.07 75.348 16.5446 9.47196 and

56.6388 96.1046 23.0903 9.47196 value
82.7977 96.1046 8.99687 9.47196 of
94.9151 96.1046 5.36844 9.47196 0
103.432 96.1046 47.8797 9.47196 otherwise),
164.733 101.349 1.95698 7.00258 i

153.539 94.635 10.143 12.1125 M
171.837 96.108 6.6234 9.47196 is
181.555 96.108 14.3295 9.47196 the
199.073 96.108 44.2682 9.47196 remaining
246.595 96.108 39.0014 9.47196 maturity,
297.766 101.349 1.85284 7.00258 i

305.397 96.108 6.6234 9.47196 is
315.115 96.108 14.2099 9.47196 the
332.514 96.108 36.9835 9.47196 volatility
372.595 96.108 8.99786 9.47196 of
384.713 96.108 14.2099 9.47196 the
401.992 96.108 23.2237 9.47196 MTM
428.39 96.108 23.2098 9.47196 value
454.788 96.108 8.99786 9.47196 of
466.905 96.108 22.9688 9.47196 trade
494.392 94.711 2.8594 12.1646 i
502.197 96.108 16.5465 9.47196 and

67.8662 120.17 1.92862 6.98387 i

59.46 113.474 7.332 12.0802 X
74.3989 114.948 6.6234 9.47196 is
83.7583 114.948 5.06964 9.47196 a
91.557 114.948 38.6269 9.47196 standard
132.957 114.948 31.0901 9.47196 normal
166.796 114.948 34.7365 9.47196 random
204.235 114.948 36.4825 9.47196 variable.

96.3607 139.669 37.9685 9.47196 Suppose
138.12 139.669 17.5366 9.47196 that
159.48 139.669 12.4092 9.47196 we
175.68 139.669 23.6421 9.47196 know
203.161 139.669 14.3295 9.47196 the
221.401 139.669 51.6257 9.47196 correlations
282.151 145.295 3.95415 6.61633 ij

278.764 138.952 4.77408 11.4444 r
291.965 139.668 37.6747 9.47196 between
333.482 139.668 34.616 9.47196 random
371.887 139.668 38.5422 9.47196 variables
425.566 144.899 1.92863 7.00258 i

417.16 138.185 7.332 12.1125 X
433.205 139.668 16.5465 9.47196 and
466.539 145.295 1.96265 6.61633 j

456.458 138.952 7.46135 11.4444 X
470.88 139.668 2.16132 9.47196 .
476.881 139.668 23.7566 9.47196 Then,
504.596 139.668 14.2069 9.47196 the

56.6436 158.144 23.1082 9.47196 MTM
82.5705 158.144 23.0893 9.47196 value
118.126 156.821 3.87113 12.0277 (
125.938 156.821 3.87112 12.0277 )

109.226 156.821 7.10287 12.0277 V
121.944 156.821 3.23175 12.0277 t
134.519 158.148 8.99786 9.47196 of
146.278 158.148 5.06964 9.47196 a
154.077 158.148 31.5463 9.47196 netting
188.397 158.148 12.8574 9.47196 set
204.116 158.148 8.4162 9.47196 at
215.276 158.148 19.6092 9.47196 time
238.992 156.578 2.85942 12.3063 t
246.479 158.148 15.2378 9.47196 can
264.478 158.148 11.0895 9.47196 be
278.398 158.148 43.9057 9.47196 expressed
325.076 158.148 12.3892 9.47196 via

261.46 182.186 3.94542 11.475 (
269.422 182.186 3.94542 11.475 )

293.735 182.186 3.94542 11.475 (
301.697 182.186 3.94542 11.475 )

252.384 182.186 7.23919 11.475 V
265.344 182.186 3.29377 11.475 t

297.617 182.186 3.29377 11.475 t
313.6 182.186 3.29377 11.475 t
320.081 182.186 6.58754 11.475 Y

276.208 181.736 6.50461 10.8947 =

507.356 182.868 11.4042 9.47196 (9)

56.6264 205.308 26.8093 9.47196 where
87.0515 203.995 6.85398 12.12 Y
99.7199 205.308 6.6234 9.47196 is
108.84 205.308 5.06964 9.47196 a
116.4 205.308 38.6269 9.47196 standard
157.561 205.308 31.0911 9.47196 normal
191.281 205.308 34.4955 9.47196 random
228.241 205.308 34.369 9.47196 variable
265.08 205.308 16.6661 9.47196 and
294.108 203.971 3.87113 12.0277 (
301.92 203.971 3.87113 12.0277 )

297.922 203.971 3.23175 12.0277 t

310.08 205.308 6.6234 9.47196 is
319.2 205.308 14.2089 9.47196 the
336.001 205.308 47.1467 9.47196 annualised
385.681 205.308 31.0911 9.47196 normal
419.282 205.308 37.104 9.47196 volatility
458.885 205.308 8.99786 9.47196 of
470.406 205.308 14.2089 9.47196 the
487.086 205.308 31.5473 9.47196 netting

56.6377 221.144 12.7368 9.47196 set
72.1166 221.144 8.53672 9.47196 at
83.3963 221.144 19.6092 9.47196 time
107.142 219.578 2.85942 12.3063 t
114.599 221.148 23.8781 9.47196 given
141.239 221.148 10.7 9.47196 by

265.006 264.119 3.29462 8.4237 {

286.201 264.119 3.29462 8.4237 }
296.266 264.148 3.29242 10.5225 {

318.495 264.148 3.29242 10.5225 }

367.909 240.436 3.48025 6.72244 1

368.034 250.28 3.48025 6.72244 2

251.901 273.092 1.74013 6.72244 ,

217.506 258.366 4.00925 11.628 (
225.597 258.366 4.00925 11.628 )

260.18 258.366 6.0199 11.628 1

291.439 258.366 6.0199 11.628 1

274.726 268.511 1.40332 4.87523 i

307.051 269.604 1.40332 4.87523 j

328.466 264.811 3.87909 6.72244 ij

343.61 264.811 1.93502 6.72244 i

357.186 264.811 1.93502 6.72244 j

268.393 265.436 5.7981 6.72244 M
284.13 265.436 1.93502 6.72244 t

299.652 266.53 5.7981 6.72244 M

316.552 266.53 1.93502 6.72244 t

249.455 273.092 1.93502 6.72244 i
255.507 273.092 1.93502 6.72244 j

221.456 258.366 3.34706 11.628 t

325.143 258.366 4.68348 11.628 r

232.493 257.91 6.60985 11.04 =

501.956 259.308 16.8025 9.47196 (10)

96.3547 291.947 21.8891 9.47196 Note
121.312 291.947 19.681 9.47196 that,
144.11 291.947 8.03772 9.47196 in
155.267 291.947 21.0495 9.47196 spite
179.385 291.947 8.99786 9.47196 of
191.504 291.947 14.2089 9.47196 the
208.781 291.947 50.9982 9.47196 assumption
262.899 291.947 8.99786 9.47196 of
275.016 291.947 21.1092 9.47196 fixed
299.256 291.947 47.3877 9.47196 annualised
349.775 291.947 36.863 9.47196 volatility
389.734 291.947 12.4659 9.47196 for
405.332 291.947 23.1042 9.47196 MTM
431.609 291.947 23.0893 9.47196 value
457.89 291.947 8.99786 9.47196 of
470.007 291.947 20.3971 9.47196 each
493.525 291.947 25.2018 9.47196 trade,

56.6342 305.991 14.2089 9.47196 the
73.6748 305.991 47.2682 9.47196 annualised
123.715 305.991 37.103 9.47196 volatility
173.508 304.671 3.87113 12.0277 (
181.32 304.671 3.87113 12.0277 )

177.323 304.671 3.23175 12.0277 t

189.719 305.988 8.99786 9.47196 of
201.599 305.988 14.2089 9.47196 the
218.517 305.988 31.6658 9.47196 netting
253.076 305.988 12.7359 9.47196 set
268.675 305.988 40.2205 9.47196 generally
311.755 305.988 37.9416 9.47196 depends
352.432 305.988 11.5167 9.47196 on
366.831 305.988 19.7288 9.47196 time
390.692 304.427 2.85942 12.3063 t
398.159 305.988 35.9297 9.47196 because
436.798 305.988 27.382 9.47196 trades
467.036 305.988 17.4171 9.47196 that
487.316 305.988 31.4895 9.47196 mature

56.6405 322.432 28.7286 9.47196 before
88.0782 322.432 19.7288 9.47196 time
111.792 320.878 2.85942 12.3063 t
119.279 322.428 11.7169 9.47196 do
133.798 322.428 14.8972 9.47196 not
151.438 322.428 45.5292 9.47196 contribute
199.677 322.428 9.19706 9.47196 to
221.629 321.121 3.87945 12.0277 (
229.458 321.121 3.87945 12.0277 )

225.45 321.121 3.2387 12.0277 t

235.08 322.428 2.16132 9.47196 .

56.64 357 15.588 11.412 2.2

96.36 357 45.648 11.412 Add-ons
145.2 357 14.9748 11.412 for
163.439 357 64.308 11.412 unmargined
230.999 357 38.0268 11.412 netting
272.278 357 20.448 11.412 sets

56.64 384.228 39.7065 9.47196 Expected
99.2399 384.228 40.1259 9.47196 exposure
142.076 384.228 16.0874 9.47196 (EE)
161.035 384.228 15.2378 9.47196 can
179.153 384.228 11.0885 9.47196 be
192.952 384.228 44.3838 9.47196 calculated
240.108 384.228 12.4639 9.47196 for
255.345 384.228 10.6941 9.47196 an
268.798 384.228 53.5081 9.47196 unmargined
325.079 384.228 31.6668 9.47196 netting
359.519 384.228 15.0008 9.47196 set:

274.417 402.934 5.66534 20.0082 {

331.598 402.934 5.66534 20.0082 }

184.433 405.862 28.4966 6.79996 no-margin

169.17 407.909 14.627 11.7621 EE

214.489 407.909 3.99114 11.7621 (
222.544 407.909 3.99114 11.7621 )
238.899 407.909 7.32308 11.7621 E
253.132 407.909 20.4123 11.7621 max
288.339 407.909 3.99114 11.7621 (
296.393 407.909 3.99114 11.7621 )

322.05 407.909 10.0498 11.7621 ,0

361.876 407.909 14.1032 11.7621 (0)
386.595 407.909 3.99114 11.7621 (
394.649 407.909 3.99114 11.7621 )

218.423 407.909 3.33194 11.7621 t

292.271 407.909 3.33194 11.7621 t
308.439 407.909 12.2203 11.7621 tY

390.527 407.909 3.33194 11.7621 t
406.696 407.909 3.33194 11.7621 t

126.898 407.448 102.511 11.1673 =
242.57 407.448 102.511 11.1673 =

501.957 409.068 16.8025 9.47196 (11)

56.6352 438.709 26.8093 9.47196 where
97.2216 437.371 4.07775 12.0277 (
103.724 437.371 4.07775 12.0277 )

114.722 438.708 6.6234 9.47196 is
125.765 438.708 14.2089 9.47196 the
144.367 438.708 38.5074 9.47196 standard
187.331 438.708 31.0901 9.47196 normal
222.853 438.708 47.5421 9.47196 probability
274.816 438.708 33.7226 9.47196 density,
312.979 438.708 10.1562 9.47196 so
336.608 438.021 14.0011 11.4444 (0)
361.583 438.021 5.9493 11.4444 1
369.019 438.021 3.30781 11.4444 /
381.227 438.021 5.9493 11.4444 2

353.464 437.572 6.53233 10.8657 =

397.92 438.708 2.16132 9.47196 .
404.522 438.708 17.423 9.47196 This
426.365 438.708 23.2088 9.47196 value
453.967 438.708 45.9833 9.47196 represents
504.369 438.708 14.3295 9.47196 the

56.6406 454.544 34.7295 9.47196 average
95.0414 454.544 40.2513 9.47196 exposure
138.964 454.544 8.99687 9.47196 of
151.684 454.544 14.2089 9.47196 the
169.685 454.544 31.5463 9.47196 netting
205.085 454.544 12.8564 9.47196 set
221.645 454.544 8.4172 9.47196 at
233.765 454.544 19.7298 9.47196 time
258.592 452.978 2.85942 12.3063 t
263.28 454.548 2.16132 9.47196 .
269.16 454.548 24.8582 9.47196 Cases
297.835 454.548 26.8083 9.47196 where
328.314 454.548 14.2089 9.47196 the
346.314 454.548 31.5453 9.47196 netting
381.593 454.548 12.8554 9.47196 set
398.151 454.548 23.3293 9.47196 value
425.151 454.548 6.6234 9.47196 is
435.471 454.548 37.7285 9.47196 negative
476.87 454.548 41.8957 9.47196 represent

56.6399 468.353 42.2633 9.47196 situations
101.639 468.353 26.8083 9.47196 where
131.277 468.353 14.2099 9.47196 the
148.196 468.353 21.6301 9.47196 bank
172.555 468.353 22.5823 9.47196 owes
197.874 468.353 14.3295 9.47196 the
214.912 468.353 56.5409 9.47196 counterparty
274.191 468.353 16.6671 9.47196 and
293.63 468.353 10.1572 9.47196 so
306.59 468.353 14.2089 9.47196 the
323.508 468.353 40.1288 9.47196 exposure
366.346 468.353 6.74392 9.47196 is
375.825 468.353 12.8564 9.47196 set
391.423 468.353 9.19607 9.47196 to
403.422 468.353 21.3602 9.47196 zero.

96.3604 487.675 59.2819 9.47196 Conceptually,
158.52 487.675 14.2069 9.47196 the
175.556 487.675 53.6266 9.47196 unmargined
231.955 487.675 45.1696 9.47196 aggregate
279.955 487.675 32.2824 9.47196 add-on
315.119 487.675 29.7426 9.47196 should
347.633 487.675 11.0895 9.47196 be
361.433 487.675 33.4636 9.47196 defined
397.668 487.675 9.38332 9.47196 as
409.788 487.675 14.3285 9.47196 the
426.826 487.675 20.7596 9.47196 EEPE
450.466 487.675 44.2632 9.47196 calculated
497.622 487.675 21.0525 9.47196 from

56.6399 501.599 14.2059 9.47196 the
75.4782 501.599 10.0795 9.47196 EE
90.3595 501.599 28.3671 9.47196 profile
123.479 501.599 8.99786 9.47196 of
137.159 501.599 38.9934 9.47196 Equation
180.961 501.599 18.9638 9.47196 (11).
204.605 501.599 41.0412 9.47196 However,
250.326 501.599 15.7428 9.47196 this
270.727 501.599 27.1071 9.47196 would
302.649 501.599 31.369 9.47196 require
338.65 501.599 47.2682 9.47196 calculating
400.529 500.271 3.87945 12.0277 (
408.358 500.271 3.87945 12.0277 )

404.35 500.271 3.2387 12.0277 t

418.681 501.588 8.4162 9.47196 at
431.763 501.588 30.4935 9.47196 several
466.927 501.588 19.7298 9.47196 time
491.29 501.588 27.5025 9.47196 points

56.6452 517.424 37.6747 9.47196 between
98.4064 517.424 19.0356 9.47196 zero
121.569 517.424 16.6671 9.47196 and
142.333 517.424 16.7288 9.47196 one
163.088 517.424 20.8821 9.47196 year.
188.051 517.424 10.9958 9.47196 To
203.175 517.424 23.9867 9.47196 avoid
231.258 517.424 15.6233 9.47196 this
251.058 517.424 49.9235 9.47196 complexity,
305.185 517.424 14.2089 9.47196 the
323.429 517.424 52.7302 9.47196 consultative
380.194 517.424 25.5464 9.47196 paper
409.838 517.424 23.0494 9.47196 BCBS
436.961 517.424 27.6061 9.47196 (2013)
468.641 517.424 31.7873 9.47196 floored
504.525 517.424 14.2089 9.47196 the

56.6452 531.468 44.3887 9.47196 remaining
103.328 531.468 36.7404 9.47196 maturity
142.329 531.468 8.99786 9.47196 of
153.61 531.468 9.85044 9.47196 all
165.731 531.468 27.383 9.47196 trades
195.372 531.468 10.701 9.47196 by
208.333 531.468 16.7288 9.47196 one
227.29 531.468 20.7606 9.47196 year.
248.64 530.424 3.49272 6.16248 4
254.401 531.468 16.0087 9.47196 The
272.761 531.468 36.861 9.47196 maturity
311.883 531.468 20.7457 9.47196 floor
334.924 531.468 6.6234 9.47196 is
343.806 531.468 45.6168 9.47196 equivalent
391.687 531.468 9.19607 9.47196 to
403.208 531.468 40.5472 9.47196 replacing
455.979 530.131 3.87945 12.064 (
463.808 530.131 3.87945 12.064 )

459.8 530.131 3.2387 12.064 t

471.721 531.468 18.5973 9.47196 with
502.719 530.131 14.2562 12.064 (0)

56.6359 547.185 8.03772 9.47196 in
67.4326 547.185 38.8739 9.47196 Equation
109.065 547.185 16.8045 9.47196 (11)
128.756 547.185 42.4694 9.47196 whenever

189.982 546.618 5.8565 11.2543 1

175.458 546.618 3.25621 11.2543 t
199.199 547.188 20.6371 9.47196 year,
222.595 547.188 25.5544 9.47196 which
251.03 547.188 27.2625 9.47196 allows
281.028 547.188 16.7268 9.47196 one
300.465 547.188 9.19706 9.47196 to
312.464 547.188 38.5661 9.47196 calculate
353.74 547.188 14.3295 9.47196 the
370.779 547.188 20.7596 9.47196 EEPE
394.297 547.188 21.0534 9.47196 from
418.054 547.188 39.1169 9.47196 Equation
459.93 547.188 16.8045 9.47196 (11)
479.513 547.188 8.03772 9.47196 in
490.312 547.188 28.3063 9.47196 closed

56.6315 560.993 23.159 9.47196 form:

248.333 579.361 3.46535 6.76662 1
254.015 579.361 11.6124 6.76662 year

176.594 588.669 28.5032 6.76662 no-margin

282.647 588.669 28.5032 6.76662 no-margin

176.503 597.196 26.7428 6.76662 aggregate

255.707 607.105 3.46535 6.76662 0

230.132 582.97 5.9941 11.7045 1

350.422 582.97 5.9941 11.7045 2

140.725 590.713 35.0283 11.7045 AddOn

267.38 590.713 14.6304 11.7045 EE

312.711 590.713 3.99207 11.7045 (
320.764 590.713 3.99207 11.7045 )

365.908 590.713 14.1065 11.7045 (0)
389.634 590.713 14.1077 11.7045 (0)
411.863 590.713 5.9941 11.7045 1
419.542 590.713 20.1018 11.7045 year

218.516 600.279 5.9941 11.7045 1
226.196 600.279 20.1018 11.7045 year

350.422 600.279 5.9941 11.7045 3

316.639 590.713 3.33272 11.7045 t
327.129 590.713 9.32682 11.7045 dt

91.9786 590.249 117.424 11.1126 =
222.566 590.249 117.424 11.1126 =

501.961 591.828 16.8025 9.47196 (12)

96.3604 624.586 21.8891 9.47196 Note
121.8 624.586 17.5376 9.47196 that
142.921 624.586 38.8779 9.47196 Equation
185.403 624.586 16.8045 9.47196 (12)
205.801 624.586 15.4778 9.47196 can
224.881 624.586 11.0855 9.47196 be
239.518 624.586 35.7464 9.47196 restated
278.878 624.586 8.03672 9.47196 in
290.519 624.586 24.9827 9.47196 terms
319.078 624.586 8.99786 9.47196 of
331.678 624.586 53.7571 9.47196 aggregation
389.038 624.586 8.99786 9.47196 of
401.638 624.586 47.057 9.47196 trade-level
452.285 624.586 36.6249 9.47196 add-ons
492.487 624.586 26.2665 9.47196 rather

56.6498 637.903 19.678 9.47196 than
79.0887 637.903 53.8776 9.47196 aggregation
135.728 637.903 8.99687 9.47196 of
147.487 637.903 47.06 9.47196 trade-level
197.296 637.903 46.323 9.47196 volatilities:

411.559 656.686 3.47285 6.72244 1

411.684 666.53 3.47285 6.72244 2

201.373 672.592 28.5649 6.72244 no-margin

308.907 672.592 28.5649 6.72244 no-margin

374.231 672.592 28.5649 6.72244 no-margin

201.279 681.061 26.8007 6.72244 aggregate

253.623 689.342 1.73642 6.72244 ,

165.425 674.616 35.1043 11.628 AddOn

263.196 674.616 4.00073 11.628 r
272.958 674.616 35.1043 11.628 AddOn

338.285 674.616 35.1043 11.628 AddOn

266.262 681.061 3.87084 6.72244 ij

308.687 681.061 1.9309 6.72244 i

375.518 681.061 1.9309 6.72244 j

251.182 689.342 1.9309 6.72244 i
257.221 689.342 1.9309 6.72244 j

234.256 674.16 6.5958 11.04 =

501.962 675.588 16.8025 9.47196 (13)

56.6406 708.227 26.8093 9.47196 where
86.1591 708.227 32.2873 9.47196 add-on
121.205 708.227 8.99786 9.47196 of
132.962 708.227 23.0893 9.47196 trade
160.192 706.853 2.85942 12.12 i
167.639 708.228 45.8638 9.47196 represents
216.239 708.228 14.3295 9.47196 the
233.278 708.228 20.7596 9.47196 EEPE
256.797 708.228 8.99687 9.47196 of
268.556 708.228 5.06964 9.47196 a
276.354 708.228 31.6668 9.47196 netting
310.794 708.228 12.7368 9.47196 set
326.274 708.228 44.3877 9.47196 consisting
373.434 708.228 8.99786 9.47196 of
385.193 708.228 18.7407 9.47196 only
406.672 708.228 23.2098 9.47196 trade
433.892 706.853 2.85942 12.12 i
438.6 708.228 2.16132 9.47196 :

56.64 756.432 2.71656 4.79304 4

76.4448 757.332 12.7249 7.64604 See
91.3276 757.332 26.0335 7.64604 Pykhtin
119.534 757.332 22.1076 7.64604 (2014)
143.776 757.332 9.99774 7.64604 for
155.898 757.332 27.1728 7.64604 analysis
185.186 757.332 7.1966 7.64604 of
194.549 757.332 11.6451 7.64604 the
208.352 757.332 18.3063 7.64604 BCBS
228.872 757.332 22.1084 7.64604 (2013)
253.115 757.332 36.0642 7.64604 proposals.

76.56 795.948 40.9994 7.18956 Foundations
119.635 795.948 6.804 7.18956 of
128.515 795.948 10.674 7.18956 the
141.237 795.948 42.373 7.18956 standardised
185.639 795.948 31.1548 7.18956 approach
218.875 795.948 9.35096 7.18956 for
230.275 795.948 34.813 7.18956 measuring
267.117 795.948 42.4146 7.18956 counterparty
311.513 795.948 18.7639 7.18956 credit
332.276 795.948 11.436 7.18956 risk
345.72 795.948 33.3215 7.18956 exposures

534.6 796.068 4.07484 7.18956 5

266.909 79.9195 28.4785 6.66827 no-margin

310.111 74.3013 5.98895 11.5342 2

231.069 81.9312 34.9982 11.5342 AddOn

325.582 81.9312 14.0956 11.5342 (0)

360.798 81.9312 5.98895 11.5342 1
368.472 81.9312 20.0833 11.5342 year

310.111 91.3586 5.98895 11.5342 3

266.691 88.32 1.92507 6.66827 i

349.444 88.32 1.92507 6.66827 i

299.693 81.4745 6.57587 10.9509 =

521.878 82.668 16.8025 9.47196 (14)

116.277 111.353 40.9217 9.47196 However,
160.918 111.353 48.5998 9.47196 application
213.12 111.353 8.99786 9.47196 of
225.72 111.353 14.3295 9.47196 the
243.601 111.353 39.348 9.47196 one-year
286.562 111.353 20.7437 9.47196 floor
310.919 111.353 26.9856 9.47196 would
341.518 111.353 24.3731 9.47196 result
369.475 111.353 8.03772 9.47196 in
381.112 111.353 59.0558 9.47196 unreasonably
443.748 111.353 19.5555 9.47196 high
466.904 111.353 47.1955 9.47196 trade-level
517.689 111.353 20.9021 9.47196 add-

76.5665 124.669 15.7408 9.47196 ons
96.368 124.669 12.4639 9.47196 for
112.929 124.669 47.2204 9.47196 short-term
164.178 124.669 29.5214 9.47196 trades.
197.781 124.669 8.27676 9.47196 In
210.143 124.669 43.563 9.47196 particular,
257.788 124.669 47.3299 9.47196 short-term
309.145 124.669 27.2615 9.47196 trades
340.468 124.669 27.1061 9.47196 would
371.671 124.669 20.6899 9.47196 have
396.512 124.669 5.06964 9.47196 a
405.635 124.669 42.0212 9.47196 capability
451.71 124.669 9.19706 9.47196 to
465.033 124.669 24.8562 9.47196 offset
493.957 124.669 44.6915 9.47196 long-term

76.5964 137.986 27.2635 9.47196 trades
106.476 137.986 9.19706 9.47196 to
118.357 137.986 5.06964 9.47196 a
126.037 137.986 24.4777 9.47196 much
153.157 137.986 31.6668 9.47196 greater
187.598 137.986 27.3771 9.47196 extent
217.598 137.986 17.5366 9.47196 that
237.758 137.986 19.1003 9.47196 they
259.478 137.986 31.9218 9.47196 should.
291.96 136.944 3.49272 6.16248 5
298.079 137.988 10.9968 9.47196 To
311.758 137.988 33.4945 9.47196 prevent
347.875 137.988 17.8812 9.47196 this,
368.397 137.988 14.3295 9.47196 the
385.317 137.988 41.9983 9.47196 definition
429.957 137.988 8.99786 9.47196 of
441.718 137.988 14.2089 9.47196 the
458.517 137.988 45.1696 9.47196 aggregate
506.277 137.988 32.3999 9.47196 add-on

76.559 151.305 12.4639 9.47196 for
92.1544 151.305 53.3776 9.47196 unmargined
148.663 151.305 31.6638 9.47196 netting
183.459 151.305 17.183 9.47196 sets
203.736 151.305 16.4639 9.47196 was
223.295 151.305 19.4569 9.47196 kept
245.852 151.305 8.03772 9.47196 in
257.007 151.305 14.3285 9.47196 the
274.404 151.305 21.0534 9.47196 form
298.52 151.305 8.99786 9.47196 of
310.635 151.305 38.9944 9.47196 Equation
352.8 151.305 18.9638 9.47196 (13),
374.88 151.305 14.8972 9.47196 but
392.878 151.305 14.3295 9.47196 the
410.276 151.305 42.1179 9.47196 definition
455.514 151.305 8.99687 9.47196 of
467.631 151.305 47.069 9.47196 trade-level
517.807 151.305 20.7865 9.47196 add-

76.569 164.502 11.5177 9.47196 on
90.8477 164.502 16.4639 9.47196 was
110.048 164.502 38.0253 9.47196 changed
150.846 164.502 9.19706 9.47196 to
162.846 164.502 62.8107 9.47196 accommodate
228.487 164.502 43.824 9.47196 maturities
275.047 164.502 31.3063 9.47196 shorter
309.126 164.502 19.7975 9.47196 than
331.685 164.502 16.7298 9.47196 one
351.126 164.502 20.7606 9.47196 year:

242.531 189.12 28.4571 6.66817 no-margin

385.252 189.12 28.4571 6.66817 no-margin

285.7 183.502 5.98445 11.5342 2

206.718 191.127 34.9719 11.5342 AddOn

301.16 191.127 14.085 11.5342 (0)

336.349 191.127 5.98445 11.5342 1
344.017 191.127 20.0695 11.5342 year
367.768 191.127 17.3154 11.5342 MF

285.7 200.551 5.98445 11.5342 3

242.313 197.521 1.92362 6.66817 i

325.003 197.521 1.92362 6.66817 i

383.539 197.521 1.92362 6.66817 i

275.289 190.675 6.57093 10.9509 =

521.876 191.868 16.8025 9.47196 (15)

76.5544 222.704 26.8073 9.47196 where
106.071 222.704 36.858 9.47196 maturity
145.667 222.704 25.5434 9.47196 factor

193.191 220.002 28.2174 6.63397 no-margin

175.853 221.999 17.173 11.475 MF
191.491 228.36 1.90741 6.63397 i

226.199 222.708 6.6234 9.47196 is
235.561 222.708 33.3411 9.47196 defined
271.675 222.708 9.38332 9.47196 as

256.121 253.737 28.483 6.77554 no-margin

307.441 248.029 24.2817 11.7198 min{
345.782 248.029 35.2 11.7198 ,1year}

238.617 255.782 17.3346 11.7198 MF

329.555 265.361 26.7626 11.7198 1year

342.6 254.525 1.92537 6.77554 i

254.407 262.272 1.92537 6.77554 i

331.587 248.029 9.97909 11.7198 M

288.904 255.322 6.57686 11.1271 =

521.878 256.908 16.8025 9.47196 (16)

76.5566 291.708 25.7038 9.47196 scales
105.718 291.708 24.7167 9.47196 down
133.917 291.708 14.2099 9.47196 the
151.558 291.708 37.102 9.47196 volatility
192.12 291.708 9.11738 9.47196 of
204.72 291.708 14.2089 9.47196 the
222.36 291.708 23.0893 9.47196 trade
248.881 291.708 23.1042 9.47196 MTM
275.521 291.708 21.176 9.47196 from
300.119 291.708 16.7268 9.47196 one
320.397 291.708 18.4658 9.47196 year
342.358 291.708 9.19607 9.47196 to
355.078 291.708 14.3295 9.47196 the
372.839 291.708 23.0893 9.47196 trade
399.359 291.708 44.6268 9.47196 remaining
447.479 291.708 36.7414 9.47196 maturity

501.121 296.949 1.96265 7.00258 i

489.895 290.235 10.1724 12.1125 M
508.556 291.708 12.4639 9.47196 for
524.514 291.708 14.2069 9.47196 the

76.561 310.433 27.2635 9.47196 trades
106.56 310.433 18.5973 9.47196 with

155.048 308.974 26.5926 12.0802 1year

141.036 315.669 1.91314 6.98387 i

130.094 308.974 9.9157 12.0802 M
146.926 308.5 6.53508 11.4694 <

183.6 310.428 2.16132 9.47196 .

76.56 345.84 15.588 11.412 2.3

116.28 345.84 45.648 11.412 Add-ons
165.12 345.84 14.9748 11.412 for
183.359 345.84 50.748 11.412 margined
237.359 345.84 38.028 11.412 netting
278.639 345.84 20.448 11.412 sets

76.56 373.068 14.2657 9.47196 For
93.24 373.068 42.1069 9.47196 margined
137.76 373.068 31.6668 9.47196 netting
171.84 373.068 19.3214 9.47196 sets,
193.561 373.068 14.3295 9.47196 the
210.242 373.068 34.1489 9.47196 SA-CCR
246.835 373.068 32.4049 9.47196 add-on
281.64 373.068 6.6234 9.47196 is
290.761 373.068 33.4626 9.47196 defined
326.637 373.068 11.0446 9.47196 (in
340.084 373.068 14.3295 9.47196 the
356.884 373.068 21.7367 9.47196 spirit
381.004 373.068 8.99786 9.47196 of
392.525 373.068 14.3285 9.47196 the
409.205 373.068 20.5843 9.47196 IMM
432.246 373.068 37.3361 9.47196 Shortcut
471.966 373.068 38.0432 9.47196 Method)
512.519 373.068 9.2628 9.47196 as
524.279 373.068 14.3285 9.47196 the

76.56 386.385 39.9446 9.47196 expected
118.68 386.385 35.9277 9.47196 increase
156.719 386.385 8.99687 9.47196 of
167.88 386.385 14.2089 9.47196 the
184.201 386.385 31.5453 9.47196 netting
217.921 386.385 12.7359 9.47196 set
232.803 386.385 23.1072 9.47196 MTM
258.131 386.385 19.3065 9.47196 over
279.613 386.385 14.2089 9.47196 the
295.934 386.385 22.6849 9.47196 MPR.
319.2 385.344 3.49272 6.16248 6
324.722 386.388 23.2088 9.47196 Since
350.042 386.388 14.2089 9.47196 the
366.364 386.388 38.2374 9.47196 portfolio
406.805 386.388 6.6234 9.47196 is
415.567 386.388 38.8669 9.47196 assumed
456.609 386.388 9.19607 9.47196 to
468.01 386.388 20.6889 9.47196 have
490.812 386.388 14.2089 9.47196 the
507.133 386.388 31.4577 9.47196 current

76.5584 399.705 23.1042 9.47196 MTM
102.477 399.705 24.2496 9.47196 equal
129.476 399.705 9.19706 9.47196 to
141.475 399.705 21.2407 9.47196 zero,
165.473 399.705 14.2089 9.47196 the
182.513 399.705 32.4039 9.47196 add-on
217.678 399.705 12.4669 9.47196 for
232.917 399.705 5.06964 9.47196 a
240.716 399.705 42.2264 9.47196 margined
285.715 399.705 31.6668 9.47196 netting
320.155 399.705 12.7368 9.47196 set
335.634 399.705 33.4676 9.47196 defined
371.873 399.705 8.03772 9.47196 in
382.673 399.705 15.7428 9.47196 this
401.152 399.705 33.8262 9.47196 manner
437.751 399.705 34.2236 9.47196 reduces
474.71 399.705 9.19706 9.47196 to
486.709 399.705 14.3285 9.47196 the
503.748 399.705 23.2098 9.47196 value
529.668 399.705 8.99786 9.47196 of

76.5584 413.021 14.2089 9.47196 the
93.4775 413.021 10.0805 9.47196 EE
106.317 413.021 8.99786 9.47196 of
118.076 413.021 10.6781 9.47196 an
131.516 413.021 42.7692 9.47196 otherwise
177.117 413.021 45.6178 9.47196 equivalent
225.476 413.021 53.6276 9.47196 unmargined
281.877 413.021 31.5463 9.47196 netting
316.318 413.021 12.7368 9.47196 set
331.796 413.021 8.53672 9.47196 at
343.076 413.021 14.2089 9.47196 the
360.117 413.021 19.6092 9.47196 time
382.435 413.021 23.1759 9.47196 point
408.475 413.021 24.2506 9.47196 equal
435.475 413.021 9.32455 9.47196 to
447.598 413.021 14.2089 9.47196 the
464.517 413.021 22.6769 9.47196 MPR:

219.329 432.742 19.4375 6.72244 margin

274.829 432.742 28.5312 6.72244 no-margin

219.235 441.211 26.769 6.72244 aggregate

183.423 434.766 35.0628 11.628 AddOn

259.548 434.766 14.6436 11.628 EE

304.923 434.766 34.5588 11.628 (MPR)

359.172 434.766 14.1216 11.628 (0)
388.235 434.766 14.1216 11.628 (0)
410.797 434.766 25.4412 11.628 MPR

230.476 434.31 19.572 11.04 =

322.792 434.31 19.572 11.04 =

521.879 435.708 16.8025 9.47196 (17)

116.278 459.343 39.1229 9.47196 Similarly,
158.159 459.343 12.4659 9.47196 for
173.398 459.343 5.06964 9.47196 a
181.198 459.343 42.2274 9.47196 margined
226.197 459.343 31.5473 9.47196 netting
260.517 459.343 12.8564 9.47196 set
276.115 459.343 46.6676 9.47196 containing
325.556 459.343 18.7407 9.47196 only
347.036 459.343 23.0893 9.47196 trade
374.142 457.953 2.85942 12.1199 i
378.84 459.348 2.16132 9.47196 ,
383.76 459.348 14.2059 9.47196 the
400.797 459.348 32.2893 9.47196 add-on
435.847 459.348 6.6234 9.47196 is

277.462 479.201 19.4012 6.57118 margin

241.619 481.18 35.0011 11.3664 AddOn

317.954 481.18 14.0956 11.3664 (0)

352.487 481.18 25.3965 11.3664 MPR

277.244 487.48 1.92523 6.57118 i

340.818 487.48 1.92523 6.57118 i

301.171 480.734 6.57642 10.7916 =

521.876 481.788 16.8025 9.47196 (18)

116.275 504.586 22.7964 9.47196 Thus,
141.711 504.586 16.8493 9.47196 one
161.151 504.586 15.3573 9.47196 can
179.148 504.586 31.9686 9.47196 replace
213.827 504.586 53.7571 9.47196 aggregation
270.224 504.586 8.99786 9.47196 of
281.982 504.586 47.07 9.47196 trade-level
331.681 504.586 44.1855 9.47196 volatilities
378.483 504.586 18.7178 9.47196 with
399.843 504.586 53.8786 9.47196 aggregation
456.364 504.586 8.99786 9.47196 of
468.005 504.586 47.1686 9.47196 trade-level
517.803 504.586 20.906 9.47196 add-

76.5646 517.903 15.7408 9.47196 ons
95.3999 517.903 12.4639 9.47196 for
110.995 517.903 20.7576 9.47196 both
134.87 517.903 42.1069 9.47196 margined
180.108 517.903 16.5436 9.47196 and
199.902 517.903 53.3816 9.47196 unmargined
256.414 517.903 31.6668 9.47196 netting
291.213 517.903 17.0635 9.47196 sets
311.371 517.903 12.3902 9.47196 via
326.848 517.903 38.8759 9.47196 Equation
368.845 517.903 16.8045 9.47196 (13)
388.801 517.903 17.5366 9.47196 that
409.439 517.903 12.4092 9.47196 we
424.916 517.903 30.0483 9.47196 restate
458.032 517.903 19.6083 9.47196 here
480.707 517.903 12.4659 9.47196 for
496.305 517.903 42.2254 9.47196 margined

76.5646 531.219 31.5473 9.47196 netting
110.884 531.219 19.2009 9.47196 sets:

421.284 550.036 3.47915 6.72244 1

421.409 559.88 3.47915 6.72244 2

231.092 565.942 19.4937 6.72244 margin

336.691 565.942 19.4937 6.72244 margin

393.018 565.942 19.4937 6.72244 margin

230.998 574.411 26.8493 6.72244 aggregate

281.304 582.692 1.73958 6.72244 ,

195.078 567.966 35.1677 11.628 AddOn

290.896 567.966 4.00795 11.628 r
300.675 567.966 35.1677 11.628 AddOn

356.999 567.966 35.1677 11.628 AddOn

293.967 574.411 3.87786 6.72244 ij

336.468 574.411 1.93441 6.72244 i

394.298 574.411 1.93441 6.72244 j

278.859 582.692 1.93441 6.72244 i
284.909 582.692 1.93441 6.72244 j

261.902 567.509 6.60771 11.04 =

116.282 601.547 29.7625 9.47196 Finally,
149.161 601.547 47.1805 9.47196 trade-level
199.57 601.547 42.2274 9.47196 margined
244.928 601.547 36.5044 9.47196 add-ons
284.527 601.547 8.03672 9.47196 in
295.681 601.547 38.9964 9.47196 Equation
337.795 601.547 16.8045 9.47196 (18)
357.851 601.547 15.2378 9.47196 can
376.209 601.547 11.0895 9.47196 be
390.366 601.547 35.9845 9.47196 restated
429.482 601.547 8.03772 9.47196 in
440.64 601.547 30.14 9.47196 exactly
473.877 601.547 14.3295 9.47196 the
491.275 601.547 23.2088 9.47196 same
517.551 601.547 21.0554 9.47196 form

76.571 614.744 9.2628 9.47196 as
88.5699 614.744 47.1745 9.47196 trade-level
138.492 614.744 52.3219 9.47196 non-margin
193.576 614.744 36.6219 9.47196 add-ons
232.934 614.744 8.03772 9.47196 in
243.731 614.744 38.9964 9.47196 Equation
285.486 614.744 16.8045 9.47196 (15)

251.522 639.369 19.3802 6.66817 margin

385.139 639.369 19.3802 6.66817 margin

285.612 633.751 5.983 11.5342 2

215.717 641.377 34.9635 11.5342 AddOn

301.068 641.377 14.0816 11.5342 (0)

336.25 641.377 5.983 11.5342 1
343.915 641.377 20.0646 11.5342 year
367.66 641.377 17.31 11.5342 MF

285.612 650.8 5.983 11.5342 3

251.304 647.77 1.92315 6.66817 i

324.906 647.77 1.92315 6.66817 i

383.427 647.77 1.92315 6.66817 i

275.204 640.924 6.56933 10.9509 =

521.88 642.108 16.8025 9.47196 (19)

76.5582 670.793 18.5973 9.47196 with
97.9174 670.793 44.7822 9.47196 differently
145.439 670.793 33.4666 9.47196 defined
181.678 670.793 36.861 9.47196 maturity
221.277 670.793 31.9218 9.47196 factors:

76.56 729.192 2.71656 4.79304 5

96.3648 730.092 11.4369 7.64604 For
109.927 730.092 31.3841 7.64604 example,
143.529 730.092 7.47077 7.64604 to
153.13 730.092 14.8113 7.64604 fully
170.053 730.092 20.0043 7.64604 offset
192.255 730.092 11.4047 7.64604 the
205.817 730.092 12.0359 7.64604 risk
219.98 730.092 7.1958 7.64604 of
229.342 730.092 4.09236 7.64604 a
235.584 730.092 31.5787 7.64604 one-year
269.287 730.092 8.7033 7.64604 FX
280.21 730.092 28.9842 7.64604 forward,
311.411 730.092 4.64551 7.64604 it
318.254 730.092 21.6557 7.64604 would
341.898 730.092 8.885 7.64604 be
352.94 730.092 32.0048 7.64604 sufficient
387.143 730.092 7.47157 7.64604 to
396.745 730.092 18.0345 7.64604 book
416.906 730.092 4.09236 7.64604 a
423.148 730.092 14.6915 7.64604 very
439.951 730.092 37.9753 7.64604 short-term
480.127 730.092 8.5835 7.64604 FX
490.929 730.092 27.2942 7.64604 forward
520.331 730.092 7.4772 7.64604 or
529.932 730.092 8.62451 7.64604 an

96.3648 740.649 8.69928 7.64604 FX
107.284 740.649 15.4456 7.64604 spot
124.924 740.649 28.8829 7.64604 contract
156.002 740.649 7.1966 7.64604 of
165.365 740.649 11.5229 7.64604 the
179.046 740.649 18.6046 7.64604 same
199.808 740.649 29.063 7.64604 notional
231.008 740.649 6.47059 7.64604 in
239.651 740.649 11.5229 7.64604 the
253.332 740.649 30.9628 7.64604 opposite
286.453 740.649 32.9431 7.64604 direction.

76.56 756.432 2.71656 4.79304 6

96.3648 757.332 12.7249 7.64604 See
111.248 757.332 18.3095 7.64604 BCBS
131.771 757.332 22.0979 7.64604 (2006)
156.003 757.332 13.3713 7.64604 and
171.482 757.332 18.3095 7.64604 BCBS
192.005 757.332 23.8145 7.64604 (2010).
218.037 757.332 12.7249 7.64604 See
232.92 757.332 14.0684 7.64604 also
249.119 757.332 27.1607 7.64604 analysis
278.394 757.332 6.47059 7.64604 in
287.037 757.332 24.8307 7.64604 Gibson
314.04 757.332 22.0979 7.64604 (2005)
338.39 757.332 21.4845 7.64604 where
362.032 757.332 11.5245 7.64604 the
375.715 757.332 16.5793 7.64604 IMM
394.448 757.332 29.8453 7.64604 Shortcut
426.49 757.332 28.136 7.64604 Method
456.611 757.332 13.2491 7.64604 was
471.974 757.332 13.2861 7.64604 first
487.458 757.332 35.5842 7.64604 proposed.

57.12 796.068 4.07484 7.18956 6

216.84 796.068 40.9994 7.18956 Foundations
259.915 796.068 6.804 7.18956 of
268.795 796.068 10.674 7.18956 the
281.517 796.068 42.373 7.18956 standardised
325.919 796.068 31.1548 7.18956 approach
359.155 796.068 9.35096 7.18956 for
370.555 796.068 34.813 7.18956 measuring
407.397 796.068 42.4146 7.18956 counterparty
451.793 796.068 18.7639 7.18956 credit
472.556 796.068 11.436 7.18956 risk
485.996 796.068 33.3199 7.18956 exposures

259.245 82.9873 19.6279 6.77554 margin

293.771 77.2788 6.0594 11.7198 3
311.192 77.2788 25.6979 11.7198 MPR

241.54 85.027 17.5359 11.7198 MF

293.771 94.602 6.0594 11.7198 2
309.992 94.602 27.0746 11.7198 1year

257.51 91.523 1.94772 6.77554 i

283.23 84.5674 6.65322 11.1271 =

501.956 86.148 16.8025 9.47196 (20)

96.3551 118.906 22.7964 9.47196 Thus,
121.552 118.906 14.3265 9.47196 the
138.356 118.906 25.3681 9.47196 entire
166.075 118.906 43.9694 9.47196 difference
212.395 118.906 37.7972 9.47196 between
252.715 118.906 42.1069 9.47196 margined
297.355 118.906 16.5465 9.47196 and
316.315 118.906 53.5071 9.47196 unmargined
372.356 118.906 47.051 9.47196 trade-level
421.917 118.906 36.5104 9.47196 add-ons
460.925 118.906 30.623 9.47196 resides
493.925 118.906 8.03772 9.47196 in
504.366 118.906 14.3285 9.47196 the

56.6446 132.103 36.7385 9.47196 maturity
96.9626 132.103 31.9198 9.47196 factors.
132.483 132.103 35.8072 9.47196 Because
171.841 132.103 8.99687 9.47196 of
184.437 132.103 17.7597 9.47196 this,
205.797 132.103 22.8472 9.47196 there
232.195 132.103 14.5316 9.47196 will
250.316 132.103 11.0895 9.47196 be
264.956 132.103 11.4739 9.47196 no
280.074 132.103 45.7144 9.47196 distinction
329.389 132.103 24.7685 9.47196 made
357.708 132.103 37.7992 9.47196 between
399.108 132.103 42.2234 9.47196 margined
444.945 132.103 16.5436 9.47196 and
465.102 132.103 53.5031 9.47196 unmargined

56.6446 145.42 31.5473 9.47196 netting
90.9637 145.42 17.0625 9.47196 sets
110.762 145.42 8.03772 9.47196 in
121.562 145.42 14.3295 9.47196 the
138.601 145.42 45.1068 9.47196 remainder
186.48 145.42 8.99687 9.47196 of
198.239 145.42 15.6243 9.47196 this
216.599 145.42 25.5464 9.47196 paper
244.918 145.42 23.7576 9.47196 when
271.437 145.42 36.7534 9.47196 add-ons
310.926 145.42 13.7289 9.47196 are
327.365 145.42 44.6417 9.47196 discussed.

56.64 190.212 10.6002 13.352 3.

96.3592 190.212 56.4268 13.352 Structure
156.483 190.212 12.6739 13.352 of
172.919 190.212 45.5177 13.352 add-on
222.131 190.212 72.2007 13.352 calculations

56.64 225.348 14.2657 9.47196 For
73.7981 225.348 14.2059 9.47196 the
90.8337 225.348 36.1668 9.47196 purpose
129.829 225.348 8.99786 9.47196 of
141.705 225.348 14.2089 9.47196 the
158.879 225.348 32.4039 9.47196 add-on
194.164 225.348 49.3219 9.47196 calculation,
246.363 225.348 20.5176 9.47196 each
269.762 225.348 23.0893 9.47196 trade
295.681 225.348 8.15724 9.47196 in
306.72 225.348 14.2089 9.47196 the
323.758 225.348 31.5473 9.47196 netting
358.197 225.348 12.8564 9.47196 set
373.916 225.348 6.74392 9.47196 is
383.515 225.348 38.7474 9.47196 assigned
425.17 225.348 9.19706 9.47196 to
437.288 225.348 8.4162 9.47196 at
448.567 225.348 20.2965 9.47196 least
471.726 225.348 16.7288 9.47196 one
491.284 225.348 8.99786 9.47196 of
503.164 225.348 15.5296 9.47196 five

56.65 238.665 22.0973 9.47196 asset
82.0908 238.665 32.1618 9.47196 classes:
117.488 238.665 33.1369 9.47196 interest
153.846 238.665 17.2089 9.47196 rate
174.243 238.665 16.92 9.47196 (IR),
194.399 238.665 31.5583 9.47196 foreign
229.317 238.665 41.9296 9.47196 exchange
274.555 238.665 18.9569 9.47196 (FX),
296.871 238.665 27.1211 9.47196 credit,
327.228 238.665 34.4865 9.47196 equities
365.051 238.665 16.5465 9.47196 and
384.967 238.665 59.2859 9.47196 commodities.
447.612 238.665 16.0097 9.47196 The
466.929 238.665 51.7193 9.47196 designation

56.65 251.981 29.627 9.47196 should
88.6903 251.981 11.0895 9.47196 be
102.251 251.981 24.7685 9.47196 made
129.37 251.981 43.4266 9.47196 according
175.21 251.981 9.31658 9.47196 to
186.967 251.981 14.2059 9.47196 the
203.524 251.981 28.4846 9.47196 nature
234.36 251.981 8.99786 9.47196 of
245.758 251.981 14.2069 9.47196 the
262.317 251.981 33.7405 9.47196 primary
298.556 251.981 15.0306 9.47196 risk
315.958 251.981 25.5434 9.47196 factor
343.915 251.981 14.0257 9.47196 (eg
360.355 251.981 8.59548 9.47196 IR
371.396 251.981 12.4629 9.47196 for
386.273 251.981 21.9767 9.47196 most
410.633 251.981 25.9657 9.47196 single
438.951 251.981 37.5771 9.47196 currency
478.907 251.981 8.59648 9.47196 IR
489.948 251.981 28.8033 9.47196 swaps,

56.65 265.298 10.7966 9.47196 FX
70.5671 265.298 12.462 9.47196 for
86.0409 265.298 21.9728 9.47196 most
111.114 265.298 64.002 9.47196 cross-currency
178.213 265.298 28.6818 9.47196 swaps,
210.01 265.298 24.9767 9.47196 credit
238.088 265.298 12.4659 9.47196 for
253.686 265.298 21.9767 9.47196 most
278.763 265.298 25.0962 9.47196 credit
306.961 265.298 30.617 9.47196 default
340.679 265.298 31.8023 9.47196 swaps).
375.597 265.298 14.2657 9.47196 For
392.994 265.298 23.0893 9.47196 more
419.152 265.298 37.092 9.47196 complex
459.351 265.298 29.4238 9.47196 trades,
491.892 265.298 26.8083 9.47196 where

56.65 278.614 5.7768 9.47196 it
64.6907 278.614 6.6234 9.47196 is
73.572 278.614 33.0164 9.47196 difficult
108.853 278.614 9.19607 9.47196 to
120.374 278.614 45.0491 9.47196 determine
167.655 278.614 5.06964 9.47196 a
174.976 278.614 25.7287 9.47196 single
202.936 278.614 33.7405 9.47196 primary
238.937 278.614 15.1502 9.47196 risk
256.338 278.614 27.6012 9.47196 factor,
286.219 278.614 21.6301 9.47196 bank
310.1 278.614 49.4634 9.47196 supervisors
361.821 278.614 18.5007 9.47196 may
382.583 278.614 31.369 9.47196 require
416.184 278.614 17.4171 9.47196 that
435.866 278.614 27.2625 9.47196 trades
465.386 278.614 11.0895 9.47196 be
478.707 278.614 39.9466 9.47196 allocated

56.65 291.811 9.19706 9.47196 to
68.6488 291.811 23.0893 9.47196 more
94.4482 291.811 19.7975 9.47196 than
117.008 291.811 16.7298 9.47196 one
136.568 291.811 22.0973 9.47196 asset
161.407 291.811 22.8014 9.47196 class.

96.36 311.148 25.0096 9.47196 While
125.763 311.148 14.3285 9.47196 the
144.602 311.148 34.0323 9.47196 SA-CCR
183.24 311.148 32.2853 9.47196 add-on
220.09 311.148 38.4227 9.47196 formulas
263.051 311.148 13.7289 9.47196 are
281.292 311.148 22.0973 9.47196 asset
307.93 311.148 59.2819 9.47196 class-specific,
371.771 311.148 22.9688 9.47196 there
399.251 311.148 13.7289 9.47196 are
417.489 311.148 5.06964 9.47196 a
426.971 311.148 34.6668 9.47196 number
466.094 311.148 8.99687 9.47196 of
479.536 311.148 39.1179 9.47196 common

56.6495 324.465 35.3022 9.47196 features
95.1658 324.465 12.4659 9.47196 for
110.883 324.465 9.85044 9.47196 all
124.083 324.465 22.0963 9.47196 asset
149.4 324.465 32.2804 9.47196 classes.
184.916 324.465 22.4568 9.47196 Most
210.593 324.465 53.1625 9.47196 importantly,
266.992 324.465 72.5108 9.47196 netting-set-level
342.73 324.465 36.6299 9.47196 add-ons
382.574 324.465 13.8484 9.47196 are
399.61 324.465 44.3867 9.47196 calculated
447.248 324.465 21.176 9.47196 from
471.605 324.465 47.068 9.47196 trade-level

56.6694 337.781 36.5094 9.47196 add-ons
95.9148 337.781 12.3892 9.47196 via
111.033 337.781 10.6771 9.47196 an
124.477 337.781 53.8776 9.47196 aggregation
181.239 337.781 45.2901 9.47196 procedure
229.238 337.781 26.2675 9.47196 based
258.278 337.781 11.5167 9.47196 on
272.556 337.781 14.2099 9.47196 the
289.475 337.781 33.0114 9.47196 general
325.236 337.781 42.2643 9.47196 principles
370.236 337.781 36.5881 9.47196 outlined
409.597 337.781 8.03772 9.47196 in
420.517 337.781 14.2089 9.47196 the
437.436 337.781 37.5841 9.47196 previous
477.756 337.781 33.6021 9.47196 section.

56.64 369.84 15.588 11.412 3.1

96.36 369.84 58.704 11.412 Trade-level
158.4 369.84 44.088 11.412 add-ons

56.64 399.108 16.0077 9.47196 The
75.3578 399.108 34.1598 9.47196 SA-CCR
112.32 399.108 21.1431 9.47196 does
136.199 399.108 14.8972 9.47196 not
153.839 399.108 32.3013 9.47196 directly
188.879 399.108 34.1289 9.47196 operate
225.718 399.108 18.5993 9.47196 with
247.078 399.108 23.0893 9.47196 trade
272.878 399.108 46.323 9.47196 volatilities.
321.958 399.108 34.2006 9.47196 Instead,
358.917 399.108 14.3295 9.47196 the
375.958 399.108 46.573 9.47196 directional
425.28 399.108 32.2843 9.47196 add-on

497.634 396.402 19.3449 6.63397 (trade)

462.156 398.399 34.7358 11.475 AddOn
497.51 404.76 1.91064 6.63397 i

56.6359 415.791 12.4659 9.47196 for
71.8747 415.791 20.3971 9.47196 each
95.1542 415.791 23.0893 9.47196 trade
122.242 414.403 2.85942 12.1199 i
129.719 415.788 8.99786 9.47196 of
141.478 415.788 22.0963 9.47196 asset
166.316 415.788 20.663 9.47196 class
191.527 414.617 5.85 11.8922 a
202.199 415.788 6.6234 9.47196 is
211.557 415.788 23.8771 9.47196 given
238.193 415.788 10.8215 9.47196 by
251.753 415.788 14.3285 9.47196 the
268.791 415.788 34.6937 9.47196 product
306.228 415.788 9.11838 9.47196 of
318.105 415.788 14.2069 9.47196 the
335.022 415.788 40.9017 9.47196 following
378.696 415.788 18.1003 9.47196 four
399.569 415.788 45.5152 9.47196 quantities:
447.842 415.788 46.4514 9.47196 directional
497.043 415.788 21.5983 9.47196 delta

64.7798 436.869 2.04113 6.98387 i

69.36 431.628 2.16132 9.47196 ,
74.2792 431.628 37.6667 9.47196 adjusted
114.719 431.628 36.3709 9.47196 notional
163.323 428.944 2.31019 6.61633 (
170.291 428.944 2.31019 6.61633 )

166.197 428.944 3.46875 6.61633 a

162.135 437.279 1.92863 6.61633 i

155.822 430.936 6 11.4444 d
174.96 431.628 2.16132 9.47196 ,
179.879 431.628 50.061 9.47196 supervisory
232.678 431.628 25.5454 9.47196 factor

275.98 428.944 2.33683 6.61633 (
283.029 428.944 2.33683 6.61633 )

262.324 430.936 13.5707 11.4444 SF
278.888 428.944 3.50875 6.61633 a

274.336 437.279 1.95087 6.61633 i

290.039 431.628 16.5465 9.47196 and
309.358 431.628 36.861 9.47196 maturity
348.957 431.628 25.5464 9.47196 factor
379.205 430.174 17.6797 12.0802 MF
395.305 436.87 1.96368 6.98387 i
399.72 431.628 2.16132 9.47196 :

255.056 453.644 19.4362 6.61633 (trade)

305.814 453.644 2.2992 6.61633 (
312.749 453.644 2.2992 6.61633 )

331.441 453.644 2.2992 6.61633 (
338.377 453.644 2.2992 6.61633 )

219.414 455.636 34.896 11.4444 AddOn

318.002 455.636 13.3581 11.4444 SF
344.19 455.636 17.2766 11.4444 MF

308.674 453.644 3.45225 6.61633 a

334.304 453.644 3.45225 6.61633 a

254.929 461.981 1.91945 6.61633 i

293.744 461.981 1.91945 6.61633 i
304.632 461.981 1.91945 6.61633 i

329.825 461.981 1.91945 6.61633 i

359.93 461.981 1.91945 6.61633 i

298.349 455.636 5.97145 11.4444 d

278.506 455.187 6.55665 10.8657 =

501.955 456.348 16.8025 9.47196 (21)

56.6338 481.188 26.8073 9.47196 where
86.6283 481.188 36.858 9.47196 maturity
126.703 481.188 25.5434 9.47196 factor
157.41 479.724 17.7191 12.0801 MF
173.545 486.419 1.96807 6.98387 i
181.197 481.188 6.6234 9.47196 is
191.034 481.188 33.4666 9.47196 defined
227.752 481.188 12.2697 9.47196 via
243.229 481.188 38.9984 9.47196 Equation
285.466 481.188 16.8045 9.47196 (16)
305.518 481.188 12.4639 9.47196 for
321.353 481.188 53.3776 9.47196 unmargined
377.982 481.188 27.383 9.47196 trades
408.579 481.188 16.5436 9.47196 and
428.373 481.188 12.3892 9.47196 via
444.09 481.188 38.8749 9.47196 Equation
486.202 481.188 16.8045 9.47196 (20)
506.271 481.188 12.4639 9.47196 for

56.6273 497.871 42.1029 9.47196 margined
101.862 497.871 29.5214 9.47196 trades.
134.501 497.871 38.9954 9.47196 Equation
176.613 497.871 16.8045 9.47196 (21)
196.545 497.871 6.6234 9.47196 is
206.263 497.871 27.8571 9.47196 meant
237.222 497.871 9.19706 9.47196 to
249.579 497.871 11.0895 9.47196 be
263.86 497.871 45.6168 9.47196 equivalent
312.578 497.871 9.19706 9.47196 to
324.936 497.871 43.2234 9.47196 Equations
371.254 497.871 16.8045 9.47196 (15)
391.184 497.871 16.5465 9.47196 and
410.865 497.871 16.924 9.47196 (19)
430.904 497.871 18.5983 9.47196 with
452.62 497.871 16.7268 9.47196 one
472.415 497.871 46.1965 9.47196 difference:

56.6273 511.188 36.5074 9.47196 add-ons
96.9563 511.188 8.03672 9.47196 in
108.833 511.188 38.9964 9.47196 Equation
151.676 511.188 16.8045 9.47196 (21)
172.323 511.188 15.3573 9.47196 can
191.523 511.188 11.0895 9.47196 be
206.403 511.188 39.842 9.47196 negative.
250.083 511.188 39.4097 9.47196 Negative
293.284 511.188 36.6219 9.47196 add-ons
333.727 511.188 13.7289 9.47196 are
351.247 511.188 5.06964 9.47196 a
360.246 511.188 28.7037 9.47196 means
392.766 511.188 8.99786 9.47196 of
405.607 511.188 71.5068 9.47196 accommodating
480.967 511.188 37.7305 9.47196 negative

56.6472 525.59 51.6237 9.47196 correlations
117.275 531.195 3.97171 6.61624 ij

113.872 524.852 4.79532 11.4444 r
126.836 525.588 8.03772 9.47196 in
138.474 525.588 38.8828 9.47196 Equation
180.958 525.588 16.926 9.47196 (13)
201.476 525.588 33.4965 9.47196 without
238.556 525.588 23.8671 9.47196 using
266.037 525.588 37.7305 9.47196 negative
307.319 525.588 51.7442 9.47196 correlations
362.641 525.588 40.3241 9.47196 explicitly.
406.683 525.588 48.9474 9.47196 Comparing
459.244 525.588 38.9974 9.47196 Equation
501.84 525.588 16.8045 9.47196 (21)

56.6375 543.227 18.5983 9.47196 with
77.9947 543.227 43.2184 9.47196 Equations
123.949 543.227 16.8045 9.47196 (15)
143.519 543.227 16.6641 9.47196 and
162.96 543.227 16.926 9.47196 (19)
182.641 543.227 30.384 9.47196 reveals
215.761 543.227 17.5366 9.47196 that
236.04 543.227 14.3295 9.47196 the
253.08 543.227 34.0423 9.47196 SA-CCR
289.925 543.227 59.7859 9.47196 approximates
352.446 543.227 14.2089 9.47196 the
369.366 543.227 47.1775 9.47196 trade-level
419.412 543.227 36.9825 9.47196 volatility
459.133 543.227 12.2697 9.47196 via

284.412 562.255 2.31631 6.72244 (
291.399 562.255 2.31631 6.72244 )

335.986 569.942 2.31631 6.72244 (
342.973 569.942 2.31631 6.72244 )

259.534 564.278 6.01595 11.628 3
270.876 564.278 13.4517 11.628 SF
301.269 571.966 2.40638 11.628 |
318.319 571.966 2.40638 11.628 |

261.508 581.466 6.01595 11.628 2
279.116 581.466 14.1591 11.628 (0)

287.295 562.255 3.47795 6.72244 a

338.869 569.942 3.47795 6.72244 a

282.783 570.723 1.93374 6.72244 i

243.303 578.411 1.93374 6.72244 i

313.426 578.411 1.93374 6.72244 i

334.794 578.411 1.93374 6.72244 i

328.466 571.966 6.01595 11.628 d

238.399 571.509 11.0453 11.04 =

501.959 572.868 16.8025 9.47196 (22)

56.6372 604.551 26.8073 9.47196 where
86.3927 604.551 14.2059 9.47196 the
103.547 604.551 16.694 9.47196 first
123.222 604.551 25.4239 9.47196 factor
151.658 604.551 17.3274 9.47196 (the
171.934 604.551 23.2875 9.47196 ratio)
198.21 604.551 15.3573 9.47196 can
216.568 604.551 11.0885 9.47196 be
230.606 604.551 49.1875 9.47196 interpreted
282.805 604.551 9.2628 9.47196 as
295.164 604.551 14.2099 9.47196 the
312.323 604.551 38.6259 9.47196 standard
353.96 604.551 40.7972 9.47196 deviation
397.758 604.551 8.99786 9.47196 of
409.756 604.551 14.2099 9.47196 the
426.914 604.551 33.7405 9.47196 primary
463.632 604.551 15.1502 9.47196 risk
481.75 604.551 25.4249 9.47196 factor
510.236 604.551 8.53672 9.47196 at

56.6372 617.867 14.2059 9.47196 the
73.5533 617.867 39.3589 9.47196 one-year
115.685 617.867 35.6419 9.47196 horizon.

96.3677 637.07 16.0087 9.47196 The
116.048 637.07 43.4644 9.47196 quantities
163.21 637.07 17.4161 9.47196 that
184.33 637.07 30.5862 9.47196 appear
218.771 637.07 8.03772 9.47196 in
230.532 637.07 38.8789 9.47196 Equation
273.128 637.07 16.8045 9.47196 (21)
293.645 637.07 13.8494 9.47196 are
311.166 637.07 38.9854 9.47196 specified
353.885 637.07 8.03772 9.47196 in
365.645 637.07 14.2099 9.47196 the
383.526 637.07 18.7308 9.47196 final
405.967 637.07 38.6269 9.47196 standard
448.324 637.07 12.4659 9.47196 for
464.645 637.07 14.2089 9.47196 the
482.525 637.07 36.2355 9.47196 SA-CCR.

56.6472 650.387 20.8991 9.47196 They
80.2843 650.387 20.8064 9.47196 have
103.8 650.387 14.2069 9.47196 the
120.717 650.387 40.9017 9.47196 following
164.512 650.387 40.5561 9.47196 meaning:

96.3677 671.751 47.2184 9.47196 Directional
147.127 671.751 21.4777 9.47196 delta
180.462 676.969 2.04917 6.98387 i

185.04 671.748 2.16132 9.47196 :
190.8 671.748 23.0703 9.47196 Delta
217.441 671.748 27.143 9.47196 serves
248.161 671.748 16.3971 9.47196 two
268.201 671.748 42.6019 9.47196 purposes:
314.401 671.748 5.7768 9.47196 it
323.762 671.748 37.344 9.47196 specifies
364.683 671.748 14.3295 9.47196 the
382.563 671.748 38.8799 9.47196 direction
425.045 671.748 8.99786 9.47196 of
437.646 671.748 14.2089 9.47196 the
455.406 671.748 23.2088 9.47196 trade
482.167 671.748 18.5983 9.47196 with
504.368 671.748 14.3295 9.47196 the

96.3562 688.431 31.9367 9.47196 respect
132.117 688.431 9.19706 9.47196 to
145.201 688.431 14.3285 9.47196 the
163.325 688.431 33.7415 9.47196 primary
200.886 688.431 15.0306 9.47196 risk
219.851 688.431 25.4259 9.47196 factor
249.136 688.431 37.2474 9.47196 (positive
290.158 688.431 12.4639 9.47196 for
306.475 688.431 21.9598 9.47196 long,
332.275 688.431 16.5436 9.47196 and
352.672 688.431 37.606 9.47196 negative
394.069 688.431 12.4639 9.47196 for
410.386 688.431 25.5663 9.47196 short)
439.784 688.431 16.5436 9.47196 and
460.301 688.431 27.0235 9.47196 serves
491.141 688.431 9.38332 9.47196 as
504.341 688.431 14.3295 9.47196 the

96.3562 701.748 30.2256 9.47196 scaling
129.952 701.748 25.5464 9.47196 factor
158.869 701.748 12.4659 9.47196 for
174.706 701.748 27.142 9.47196 trades
205.181 701.748 17.5366 9.47196 that
226.057 701.748 13.7289 9.47196 are
243.094 701.748 45.4843 9.47196 non-linear
291.949 701.748 8.03672 9.47196 in
303.345 701.748 14.2089 9.47196 the
320.862 701.748 33.7415 9.47196 primary
357.939 701.748 15.1502 9.47196 risk
376.415 701.748 27.7217 9.47196 factor.
407.492 701.748 27.8412 9.47196 Banks
438.688 701.748 33.3909 9.47196 internal
475.426 701.748 26.1828 9.47196 deltas
504.942 701.748 13.8484 9.47196 are

96.3462 715.064 14.8962 9.47196 not
115.669 715.064 36.1219 9.47196 allowed;
156.231 715.064 56.5061 9.47196 standardised
217.31 715.064 27.384 9.47196 values
249.114 715.064 13.7289 9.47196 are
267.236 715.064 20.9867 9.47196 used
292.679 715.064 34.0801 9.47196 instead.
331.2 715.064 29.0623 9.47196 Trades
364.682 715.064 17.5366 9.47196 that
386.643 715.064 13.8484 9.47196 are
404.885 715.064 14.8962 9.47196 not
424.207 715.064 33.2634 9.47196 options
461.89 715.064 9.34646 9.47196 or
475.693 715.064 24.8631 9.47196 CDOs
504.975 715.064 13.7289 9.47196 are

96.3462 728.381 38.8669 9.47196 assumed
137.986 728.381 9.19607 9.47196 to
149.985 728.381 11.0895 9.47196 be
163.784 728.381 24.2277 9.47196 linear
190.785 728.381 8.03772 9.47196 in
201.585 728.381 14.2099 9.47196 the
218.625 728.381 47.0281 9.47196 underlying
268.426 728.381 15.0296 9.47196 risk
286.185 728.381 25.5464 9.47196 factor
314.504 728.381 16.5465 9.47196 and
333.822 728.381 20.8094 9.47196 have
357.341 728.381 21.9897 9.47196 delta
382.06 728.381 8.99786 9.47196 of
393.82 728.381 17.0565 9.47196 unit
413.618 728.381 50.042 9.47196 magnitude.
466.417 728.381 14.2667 9.47196 For
483.457 728.381 35.4018 9.47196 options,

96.3462 741.697 25.7038 9.47196 banks
124.548 741.697 29.627 9.47196 should
156.709 741.697 15.1691 9.47196 use
174.229 741.697 14.3285 9.47196 the
190.909 741.697 60.26 9.47196 Black-Scholes
253.546 741.697 34.3441 9.47196 formula
290.26 741.697 12.4639 9.47196 for
305.139 741.697 21.9897 9.47196 delta
329.619 741.697 9.2628 9.47196 as
341.392 741.697 39.346 9.47196 provided
383.151 741.697 8.03772 9.47196 in
393.712 741.697 14.3285 9.47196 the
410.392 741.697 18.7298 9.47196 final
431.512 741.697 41.0432 9.47196 standard.
474.955 741.697 14.2657 9.47196 For
491.635 741.697 26.9976 9.47196 CDOs,

76.56 795.948 40.9994 7.18956 Foundations
119.635 795.948 6.804 7.18956 of
128.515 795.948 10.674 7.18956 the
141.237 795.948 42.373 7.18956 standardised
185.639 795.948 31.1548 7.18956 approach
218.875 795.948 9.35096 7.18956 for
230.275 795.948 34.813 7.18956 measuring
267.117 795.948 42.4146 7.18956 counterparty
311.513 795.948 18.7639 7.18956 credit
332.276 795.948 11.436 7.18956 risk
345.72 795.948 33.3215 7.18956 exposures

534.6 796.068 4.07484 7.18956 7

116.28 74.628 5.06964 9.47196 a
124.8 74.628 56.3865 9.47196 standardised
184.8 74.628 34.2295 9.47196 formula
222.48 74.628 39.4635 9.47196 provided
265.437 74.628 8.03772 9.47196 in
277.077 74.628 14.2089 9.47196 the
294.837 74.628 38.6269 9.47196 standard
337.077 74.628 16.5764 9.47196 text
357.237 74.628 29.626 9.47196 should
390.357 74.628 11.0855 9.47196 be
404.995 74.628 20.9857 9.47196 used
429.474 74.628 18.7228 9.47196 with
451.677 74.628 33.367 9.47196 internal
488.513 74.628 50.051 9.47196 attachment

116.28 87.9445 16.5465 9.47196 and
135.599 87.9445 52.6954 9.47196 detachment
191.038 87.9445 27.5035 9.47196 points
221.277 87.9445 18.7437 9.47196 (this
242.757 87.9445 34.2295 9.47196 formula
279.716 87.9445 6.6224 9.47196 is
289.074 87.9445 42.3469 9.47196 discussed
334.194 87.9445 19.666 9.47196 later
356.753 87.9445 8.03772 9.47196 in
367.553 87.9445 15.6233 9.47196 this
385.912 87.9445 30.7216 9.47196 paper).

116.28 109.309 37.0791 9.47196 Adjusted
156.597 109.309 35.8182 9.47196 notional
204.972 106.603 2.31019 6.63397 (
211.941 106.603 2.31019 6.63397 )

207.847 106.603 3.46875 6.63397 a

203.785 114.96 1.92863 6.63397 i

197.472 108.599 6 11.475 d
216.6 109.308 2.16132 9.47196 :
221.997 109.308 25.0096 9.47196 While
250.194 109.308 14.3295 9.47196 the
267.712 109.308 41.9983 9.47196 definition
312.949 109.308 8.99687 9.47196 of
325.186 109.308 37.6667 9.47196 adjusted
366.104 109.308 36.3709 9.47196 notional
405.702 109.308 6.6234 9.47196 is
415.539 109.308 22.0973 9.47196 asset
440.879 109.308 59.2799 9.47196 class-specific,
503.52 109.308 16.7258 9.47196 one
523.434 109.308 15.2368 9.47196 can

116.283 125.991 40.1019 9.47196 generally
159.363 125.991 21.409 9.47196 state
183.721 125.991 17.4171 9.47196 that
204.119 125.991 37.9068 9.47196 adjusted
245.038 125.991 36.2514 9.47196 notional
284.277 125.991 43.1029 9.47196 quantifies
330.355 125.991 14.2099 9.47196 the
347.513 125.991 16.4888 9.47196 size
366.951 125.991 8.99786 9.47196 of
378.949 125.991 14.2099 9.47196 the
396.107 125.991 25.0813 9.47196 trade.
424.185 125.991 6.01584 9.47196 It
433.182 125.991 6.6234 9.47196 is
442.781 125.991 55.3308 9.47196 proportional
501.099 125.991 9.19706 9.47196 to
513.337 125.991 25.1868 9.47196 either

116.283 139.308 5.06964 9.47196 a
123.843 139.308 29.5434 9.47196 trades
156.002 139.308 36.3709 9.47196 notional
194.883 139.308 12.3833 9.47196 (as
209.884 139.308 8.03772 9.47196 in
220.444 139.308 14.3295 9.47196 the
237.365 139.308 19.1292 9.47196 case
258.965 139.308 8.99687 9.47196 of
270.605 139.308 10.8016 9.47196 IR,
283.925 139.308 10.7956 9.47196 FX
297.244 139.308 16.6671 9.47196 and
316.444 139.308 28.0882 9.47196 credit)
347.042 139.308 9.34646 9.47196 or
359.043 139.308 14.2089 9.47196 the
375.842 139.308 31.4577 9.47196 current
409.803 139.308 21.6501 9.47196 price
434.044 139.308 8.99786 9.47196 of
445.564 139.308 14.3295 9.47196 the
462.365 139.308 47.1486 9.47196 underlying
512.167 139.308 26.4239 9.47196 assets

116.283 152.505 12.2608 9.47196 (as
131.758 152.505 8.03772 9.47196 in
143.035 152.505 14.3295 9.47196 the
160.552 152.505 19.1292 9.47196 case
182.868 152.505 8.99687 9.47196 of
195.105 152.505 27.382 9.47196 equity
225.827 152.505 16.6661 9.47196 and
245.744 152.505 55.2232 9.47196 commodity).
304.203 152.505 14.2657 9.47196 For
321.72 152.505 8.59548 9.47196 IR
333.596 152.505 16.5465 9.47196 and
353.394 152.505 24.8572 9.47196 credit
381.471 152.505 49.0829 9.47196 derivatives,
433.789 152.505 14.3295 9.47196 the
451.306 152.505 37.7872 9.47196 adjusted
492.344 152.505 36.2514 9.47196 notional
531.822 152.505 6.74292 9.47196 is

116.283 165.821 17.4768 9.47196 also
136.562 165.821 55.2113 9.47196 proportional
194.523 165.821 9.19706 9.47196 to
206.522 165.821 14.3295 9.47196 the
223.562 165.821 50.061 9.47196 supervisory
276.361 165.821 39.602 9.47196 duration.

116.283 187.185 49.3398 9.47196 Supervisory
168.719 187.185 24.7735 9.47196 factor

211.53 184.494 2.33683 6.61633 (
218.579 184.494 2.33683 6.61633 )

197.874 186.486 13.5708 11.4444 SF
214.438 184.494 3.50875 6.61633 a

209.886 192.829 1.95086 6.61633 i

222.84 187.188 2.16132 9.47196 :
227.999 187.188 16.1282 9.47196 The
247.195 187.188 50.058 9.47196 supervisory
300.23 187.188 25.6659 9.47196 factor
328.908 187.188 6.6234 9.47196 is
338.506 187.188 14.3265 9.47196 the
355.904 187.188 50.058 9.47196 supervisory
408.939 187.188 23.2068 9.47196 value
435.094 187.188 8.99786 9.47196 of
447.212 187.188 20.7586 9.47196 EEPE
470.968 187.188 8.99687 9.47196 of
482.963 187.188 5.06964 9.47196 a
491.124 187.188 31.5413 9.47196 netting
525.676 187.188 12.8574 9.47196 set

116.278 203.871 44.2682 9.47196 consisting
163.438 203.871 8.99786 9.47196 of
175.437 203.871 5.06964 9.47196 a
183.357 203.871 25.9707 9.47196 single
212.157 203.871 24.2267 9.47196 linear
239.397 203.871 22.9698 9.47196 trade
265.315 203.871 10.7269 9.47196 (ie
278.872 203.871 17.177 9.47196 unit
298.911 203.871 24.4946 9.47196 delta)
326.275 203.871 8.99687 9.47196 of
338.272 203.871 17.0565 9.47196 unit
358.432 203.871 37.6677 9.47196 adjusted
398.992 203.871 36.3709 9.47196 notional
438.231 203.871 45.1068 9.47196 belonging
486.23 203.871 9.19706 9.47196 to
498.349 203.871 14.3295 9.47196 the
515.508 203.871 23.2098 9.47196 same

116.278 217.188 36.2634 9.47196 subclass
156.238 217.188 8.99786 9.47196 of
168.839 217.188 22.2168 9.47196 asset
194.759 217.188 20.5435 9.47196 class
220.818 216.017 5.82 11.8922 a
232.316 217.188 9.2628 9.47196 as
245.276 217.188 23.0883 9.47196 trade
273.342 215.803 2.85942 12.12 i
278.04 217.188 2.16132 9.47196 .
283.8 217.188 51.1406 9.47196 Supervisory
338.64 217.188 29.7834 9.47196 factors
372.12 217.188 50.9295 9.47196 incorporate
426.721 217.188 14.3295 9.47196 the
444.601 217.188 37.103 9.47196 volatility
485.403 217.188 38.8669 9.47196 assumed
527.884 217.188 10.8205 9.47196 by

116.28 230.993 44.6636 9.47196 regulators
164.883 230.993 12.4659 9.47196 for
181.323 230.993 14.3295 9.47196 the
199.568 230.993 33.857 9.47196 primary
237.485 230.993 15.0306 9.47196 risk
256.449 230.993 27.7107 9.47196 factor.
288.123 230.993 25.1301 9.47196 While
317.283 230.993 14.2099 9.47196 the
335.528 230.993 18.7308 9.47196 final
358.33 230.993 38.6269 9.47196 standard
400.926 230.993 37.4635 9.47196 specifies
442.331 230.993 50.1815 9.47196 supervisory
496.456 230.993 29.7834 9.47196 factors
530.18 230.993 8.4162 9.47196 at

116.29 244.309 32.4417 9.47196 specific
151.57 244.309 45.7443 9.47196 subclasses
200.171 244.309 26.638 9.47196 within
229.691 244.309 20.5166 9.47196 each
252.97 244.309 22.2168 9.47196 asset
277.928 244.309 22.8024 9.47196 class,
303.489 244.309 55.7013 9.47196 conceptually
361.928 244.309 14.2089 9.47196 the
378.847 244.309 34.1608 9.47196 SA-CCR
415.811 244.309 39.0502 9.47196 structure
457.57 244.309 6.74292 9.47196 is
467.049 244.309 18.3812 9.47196 very
488.168 244.309 33.366 9.47196 flexible:
524.292 244.309 14.3295 9.47196 the

116.29 257.626 34.5443 9.47196 method
153.009 257.626 15.2378 9.47196 can
170.408 257.626 11.209 9.47196 be
183.73 257.626 24.2606 9.47196 easily
210.131 257.626 24.7695 9.47196 made
237.131 257.626 23.0883 9.47196 more
262.332 257.626 9.34646 9.47196 or
273.853 257.626 16.1033 9.47196 less
292.095 257.626 36.7026 9.47196 granular
330.972 257.626 33.612 9.47196 without
366.73 257.626 40.7802 9.47196 changing
409.684 257.626 14.3295 9.47196 the
426.125 257.626 39.1657 9.47196 structure
467.404 257.626 8.99786 9.47196 of
478.563 257.626 14.2059 9.47196 the
494.881 257.626 43.6925 9.47196 approach.

76.56 289.68 15.588 11.412 3.2

116.28 289.68 40.512 11.412 Add-on
160.08 289.68 64.752 11.412 aggregation

76.56 316.908 55.0778 9.47196 Aggregation
134.279 316.908 8.99786 9.47196 of
146.039 316.908 47.1735 9.47196 trade-level
195.96 316.908 36.5094 9.47196 add-ons
235.207 316.908 9.19706 9.47196 to
247.087 316.908 14.2099 9.47196 the
264.007 316.908 31.5483 9.47196 netting
298.329 316.908 12.7368 9.47196 set
313.809 316.908 20.0505 9.47196 level
336.61 316.908 6.6234 9.47196 is
345.85 316.908 22.7287 9.47196 done
371.169 316.908 10.701 9.47196 by
384.488 316.908 41.0272 9.47196 imposing
428.168 316.908 5.06964 9.47196 a
435.969 316.908 29.7575 9.47196 certain
468.368 316.908 39.1697 9.47196 structure
510.129 316.908 11.5167 9.47196 on
524.408 316.908 14.2089 9.47196 the

76.57 331.31 47.3976 9.47196 correlation
128.652 331.31 27.4926 9.47196 matrix
166.225 336.923 3.97171 6.63397 ij

162.822 330.563 4.79532 11.475 r
176.881 331.308 8.03772 9.47196 in
189.602 331.308 14.2099 9.47196 the
208.443 331.308 53.7591 9.47196 aggregation
266.887 331.308 34.2295 9.47196 formula
305.768 331.308 23.9976 9.47196 given
334.569 331.308 10.701 9.47196 by
349.93 331.308 38.8789 9.47196 Equation
393.481 331.308 18.9638 9.47196 (13).
417.125 331.308 6.4242 9.47196 A
428.287 331.308 14.9002 9.47196 key
447.847 331.308 32.2804 9.47196 add-on
484.815 331.308 53.7571 9.47196 aggregation

76.574 348.947 35.1767 9.47196 concept
114.494 348.947 8.99786 9.47196 of
126.253 348.947 14.2099 9.47196 the
143.172 348.947 34.0383 9.47196 SA-CCR
180.013 348.947 6.6234 9.47196 is
189.372 348.947 14.3295 9.47196 the
206.412 348.947 28.7983 9.47196 notion
237.972 348.947 8.99786 9.47196 of
249.731 348.947 5.06964 9.47196 a
257.537 348.947 36.4665 9.47196 hedging
296.777 348.947 14.8812 9.47196 set.
314.416 348.947 10.701 9.47196 By
327.856 348.947 44.1626 9.47196 definition,
374.776 348.947 5.06964 9.47196 a
382.575 348.947 36.4675 9.47196 hedging
421.815 348.947 12.8564 9.47196 set
437.413 348.947 6.74292 9.47196 is
446.892 348.947 14.2089 9.47196 the
463.811 348.947 29.6569 9.47196 largest
496.211 348.947 42.4774 9.47196 collection

76.574 362.264 8.99786 9.47196 of
88.9304 362.264 27.143 9.47196 trades
119.407 362.264 8.99786 9.47196 of
131.763 362.264 5.06964 9.47196 a
140.16 362.264 23.9976 9.47196 given
167.516 362.264 22.2168 9.47196 asset
193.073 362.264 20.5435 9.47196 class
216.95 362.264 26.7575 9.47196 within
247.19 362.264 5.06964 9.47196 a
255.587 362.264 31.5483 9.47196 netting
290.506 362.264 12.8574 9.47196 set
306.703 362.264 12.4659 9.47196 for
322.66 362.264 25.4378 9.47196 which
351.457 362.264 31.6668 9.47196 netting
386.494 362.264 35.1797 9.47196 benefits
425.008 362.264 13.7289 9.47196 are
442.165 362.264 48.3468 9.47196 recognised
493.881 362.264 8.03672 9.47196 in
505.332 362.264 14.3295 9.47196 the
523.091 362.264 15.4778 9.47196 PFE

76.574 375.461 32.2843 9.47196 add-on
112.822 375.461 8.99786 9.47196 of
125.784 375.461 14.3265 9.47196 the
144.143 375.461 36.2434 9.47196 SA-CCR.
184.349 375.461 13.2757 9.47196 No
201.753 375.461 31.5473 9.47196 netting
237.279 375.461 6.74292 9.47196 is
247.963 375.461 48.4674 9.47196 recognised
300.524 375.461 27.5035 9.47196 across
331.968 375.461 36.5861 9.47196 hedging
372.648 375.461 19.2019 9.47196 sets,
395.928 375.461 10.0367 9.47196 so
409.973 375.461 5.06964 9.47196 a
418.977 375.461 72.711 9.47196 netting-set-level
495.641 375.461 32.3939 9.47196 add-on
532.001 375.461 6.6234 9.47196 is

76.594 388.777 44.2662 9.47196 calculated
123.632 388.777 9.38232 9.47196 as
135.75 388.777 5.06964 9.47196 a
143.549 388.777 24.9767 9.47196 direct
171.389 388.777 18.5356 9.47196 sum
192.629 388.777 8.99786 9.47196 of
204.388 388.777 14.2089 9.47196 the
221.307 388.777 37.7285 9.47196 absolute
261.745 388.777 27.5025 9.47196 values
291.984 388.777 8.99786 9.47196 of
303.744 388.777 77.5466 9.47196 hedging-set-level
384.039 388.777 38.7673 9.47196 add-ons:

270.09 408.631 33.2715 6.95422 (no-margin)

369.349 408.631 14.3252 6.95422 (HS)

234.082 410.725 35.2539 12.029 AddOn

333.344 410.725 35.2539 12.029 AddOn
369.441 417.392 5.03617 6.95422 m

319.797 425.959 5.03617 6.95422 m

307.417 410.253 6.6239 11.4207 =

521.877 412.428 16.8025 9.47196 (23)

76.555 446.153 26.8093 9.47196 where

145.473 443.444 14.4308 6.61633 (HS)

109.196 445.436 35.5174 11.4444 AddOn
145.568 451.779 5.07378 6.61633 m
165.964 446.148 6.6234 9.47196 is
176.529 446.148 14.3285 9.47196 the
194.772 446.148 32.3899 9.47196 add-on
231.128 446.148 12.4659 9.47196 for
247.572 446.148 36.5871 9.47196 hedging
288.132 446.148 12.8574 9.47196 set
306.999 444.967 9.03049 11.8922 m
318.6 446.148 2.16132 9.47196 .
324.725 446.148 38.8739 9.47196 Equation
367.563 446.148 16.8045 9.47196 (23)
388.44 446.148 6.6234 9.47196 is
399.004 446.148 45.7363 9.47196 equivalent
448.689 446.148 9.19607 9.47196 to
461.893 446.148 41.7473 9.47196 assuming
507.733 446.148 30.8571 9.47196 perfect

76.562 462.951 34.1309 9.47196 positive
113.524 462.951 47.3986 9.47196 correlation
163.683 462.951 37.9187 9.47196 between
204.363 462.951 36.4675 9.47196 hedging
243.724 462.951 12.7368 9.47196 set
259.203 462.951 23.2237 9.47196 MTM
285.241 462.951 29.5224 9.47196 values.

116.283 482.153 78.9738 9.47196 Hedging-set-level
199.449 482.153 36.6299 9.47196 add-ons
240.378 482.153 13.7299 9.47196 are
258.261 482.153 39.347 9.47196 obtained
301.825 482.153 12.3892 9.47196 via
318.389 482.153 14.3285 9.47196 the
336.872 482.153 40.9067 9.47196 following
381.995 482.153 39.084 9.47196 two-step
425.423 482.153 53.7581 9.47196 aggregation
483.508 482.153 33.5025 9.47196 process
521.191 482.153 17.5366 9.47196 that

76.582 495.47 46.824 9.47196 recognises
127.103 495.47 31.5463 9.47196 netting
162.383 495.47 26.7575 9.47196 within
192.864 495.47 20.5176 9.47196 each
217.105 495.47 36.5861 9.47196 hedging
257.425 495.47 15.0018 9.47196 set.
276.145 495.47 11.2907 9.47196 All
291.146 495.47 27.2635 9.47196 trades
322.227 495.47 8.99687 9.47196 of
334.947 495.47 5.06964 9.47196 a
343.707 495.47 36.4675 9.47196 hedging
383.908 495.47 12.7368 9.47196 set
400.349 495.47 13.8484 9.47196 are
417.868 495.47 48.8279 9.47196 designated
470.429 495.47 9.19706 9.47196 to
483.394 495.47 55.3019 9.47196 single-factor

76.5919 508.786 34.9218 9.47196 subsets.
114.391 508.786 6.01684 9.47196 It
123.27 508.786 6.6234 9.47196 is
132.749 508.786 38.8659 9.47196 assumed
174.508 508.786 17.4171 9.47196 that
194.909 508.786 9.85044 9.47196 all
207.627 508.786 27.2635 9.47196 trades
237.746 508.786 8.99786 9.47196 of
249.625 508.786 5.06964 9.47196 a
257.543 508.786 23.8771 9.47196 given
284.302 508.786 55.3228 9.47196 single-factor
342.517 508.786 28.5742 9.47196 subset
373.953 508.786 13.7289 9.47196 are
390.511 508.786 27.4796 9.47196 driven
420.871 508.786 10.701 9.47196 by
434.43 508.786 14.2089 9.47196 the
451.467 508.786 23.0893 9.47196 same
477.385 508.786 30.7366 9.47196 market
510.983 508.786 27.7217 9.47196 factor,

76.5919 522.103 10.0367 9.47196 so
89.4304 522.103 13.5645 9.47196 full
105.744 522.103 24.9717 9.47196 offset
133.458 522.103 6.6234 9.47196 is
142.817 522.103 34.0672 9.47196 allowed
179.657 522.103 12.4639 9.47196 for
194.894 522.103 20.1541 9.47196 such
217.807 522.103 29.4009 9.47196 trades:

273.661 540.792 16.653 6.72244 (SFS)

362.841 540.792 19.5685 6.72244 (trade)

310.33 557.539 11.5367 6.72244 SFS

237.776 542.816 35.1335 11.628 AddOn

326.956 542.816 35.1323 11.628 AddOn

322.728 560.617 1.40151 4.87523 j

275.038 549.261 1.93252 6.72244 j

362.718 549.261 1.93252 6.72244 i

303.755 557.544 6.93065 6.72244 i

294.359 542.36 6.60129 11.04 =

521.881 543.708 16.8025 9.47196 (24)

76.5595 579.464 26.8093 9.47196 where

143.784 576.752 19.3449 6.63397 (trade)

108.306 578.749 34.7358 11.475 AddOn
143.66 585.11 1.91064 6.63397 i

167.997 579.468 6.6234 9.47196 is
177.715 579.468 14.2099 9.47196 the
194.993 579.468 46.3309 9.47196 directional
244.432 579.468 32.4029 9.47196 add-on
279.954 579.468 10.6074 9.47196 (ie
293.63 579.468 36.5124 9.47196 add-ons
333.237 579.468 12.4659 9.47196 for
348.834 579.468 19.7865 9.47196 long
371.751 579.468 16.5465 9.47196 and
391.429 579.468 22.5763 9.47196 short
417.107 579.468 27.144 9.47196 trades
447.346 579.468 20.8094 9.47196 have
471.224 579.468 38.6896 9.47196 opposite
512.982 579.468 25.5683 9.47196 signs)

76.5547 597.227 12.4659 9.47196 for
91.1959 597.227 22.9688 9.47196 trade
117.692 595.853 2.85942 12.12 i
124.561 597.228 42.7065 9.47196 described
169.443 597.228 26.8093 9.47196 above
198.483 597.228 16.6661 9.47196 and
217.325 597.228 37.1986 9.47196 notation
273.173 596.502 19.986 11.4444 SFS
294.422 602.845 1.92863 6.61624 j

258.297 596.502 3.336 11.4444 i

300.961 597.228 29.627 9.47196 should
332.763 597.228 11.0895 9.47196 be
345.965 597.228 49.1875 9.47196 interpreted
397.446 597.228 9.2628 9.47196 as
408.847 597.228 9.97096 9.47196 all
420.969 597.228 27.2635 9.47196 trades
450.371 597.228 44.9873 9.47196 belonging
497.534 597.228 9.19607 9.47196 to
508.935 597.228 29.7714 9.47196 single-

76.5625 614.867 25.4259 9.47196 factor
104.761 614.867 28.6968 9.47196 subset
140.201 614.016 3.23592 11.628 j
148.679 614.868 8.99786 9.47196 of
160.436 614.868 5.06964 9.47196 a
168.234 614.868 23.8781 9.47196 given
194.871 614.868 36.7036 9.47196 hedging
234.348 614.868 15.0008 9.47196 set.

116.279 636.71 56.3925 9.47196 Single-factor
175.923 636.71 32.8989 9.47196 subsets
212.158 636.71 13.7299 9.47196 are
229.196 636.71 29.9866 9.47196 further
262.556 636.71 50.9862 9.47196 aggregated
316.793 636.71 9.19706 9.47196 to
329.393 636.71 5.06964 9.47196 a
337.67 636.71 53.5529 9.47196 hedging-set
394.444 636.71 20.17 9.47196 level
417.841 636.71 25.907 9.47196 under
446.999 636.71 14.3285 9.47196 the
464.639 636.71 50.9982 9.47196 assumption
518.997 636.71 19.681 9.47196 that,

76.5685 650.027 26.638 9.47196 within
105.967 650.027 5.06964 9.47196 a
113.766 650.027 36.7076 9.47196 hedging
153.247 650.027 15.0018 9.47196 set,
171.006 650.027 15.0306 9.47196 risk
188.765 650.027 29.9029 9.47196 factors
221.404 650.027 30.4666 9.47196 driving
254.765 650.027 55.3149 9.47196 single-factor
312.853 650.027 32.9029 9.47196 subsets
348.491 650.027 13.7289 9.47196 are
365.05 650.027 49.2213 9.47196 imperfectly
417.01 650.027 46.802 9.47196 correlated:

429.586 668.296 3.475 6.68591 1

429.711 678.087 3.475 6.68591 2

223.15 684.49 14.2725 6.68591 (HS)

344.052 684.49 16.6522 6.68591 (SFS)

404.441 684.49 16.6522 6.68591 (SFS)

260.242 701.146 1.7375 6.68591 ,
270.981 701.146 8.8404 6.68591 HS

187.276 686.501 35.1259 11.5648 AddOn

308.177 686.501 35.1259 11.5648 AddOn

368.566 686.501 35.1259 11.5648 AddOn

279.785 704.206 3.6391 4.84878 m

223.246 692.912 5.0179 6.68591 m

294.748 692.912 5.02694 6.68591 jk

345.434 692.912 1.9321 6.68591 j

404.544 692.912 3.0858 6.68591 k

257.684 701.15 1.9321 6.68591 j
262.569 701.15 3.0858 6.68591 k

241.47 686.043 8.75172 10.98 =

521.874 687.228 16.8025 9.47196 (25)

76.5529 723.104 26.8073 9.47196 where
106.79 723.104 37.1946 9.47196 notation
155.517 721.635 3.01698 12.1125 ,

177.956 721.635 15.3866 12.1125 HS
193.323 728.349 5.03725 7.00248 m

151.745 721.635 3.35488 12.1125 j
159.795 721.635 5.35815 12.1125 k

204.356 723.108 29.627 9.47196 should
237.476 723.108 11.0895 9.47196 be
252.117 723.108 49.1875 9.47196 interpreted
304.799 723.108 9.2628 9.47196 as
317.519 723.108 9.97096 9.47196 all
330.96 723.108 21.1441 9.47196 pairs
355.561 723.108 8.99786 9.47196 of
368.041 723.108 55.4254 9.47196 single-factor
426.96 723.108 32.7833 9.47196 subsets
463.201 723.108 44.9873 9.47196 belonging
511.681 723.108 9.19706 9.47196 to
524.402 723.108 14.2089 9.47196 the

76.5593 740.867 23.0893 9.47196 same
102.358 740.867 36.5861 9.47196 hedging
141.716 740.867 12.8564 9.47196 set
159.399 739.667 9.03056 11.9452 m
173.759 740.868 8.99786 9.47196 of
185.518 740.868 5.06964 9.47196 a
193.316 740.868 23.9976 9.47196 given
220.076 740.868 22.0963 9.47196 asset
244.915 740.868 22.8004 9.47196 class,
270.474 740.868 16.5465 9.47196 and
289.793 740.868 51.8637 9.47196 correlations
355.368 746.495 5.21304 6.61624 jk

365.879 740.868 13.7289 9.47196 are
382.317 740.868 46.305 9.47196 prescribed
431.395 740.868 10.701 9.47196 by
444.834 740.868 47.0421 9.47196 regulators.

57.12 796.068 4.07484 7.18956 8

216.84 796.068 40.9994 7.18956 Foundations
259.915 796.068 6.804 7.18956 of
268.795 796.068 10.674 7.18956 the
281.517 796.068 42.373 7.18956 standardised
325.919 796.068 31.1548 7.18956 approach
359.155 796.068 9.35096 7.18956 for
370.555 796.068 34.813 7.18956 measuring
407.397 796.068 42.4146 7.18956 counterparty
451.793 796.068 18.7639 7.18956 credit
472.556 796.068 11.436 7.18956 risk
485.996 796.068 33.3199 7.18956 exposures

96.36 74.628 16.0087 9.47196 The
115.078 74.628 18.8573 9.47196 next
136.677 74.628 31.4367 9.47196 section
170.876 74.628 41.1816 9.47196 describes
214.915 74.628 83.3274 9.47196 asset-class-specific
300.959 74.628 32.6638 9.47196 aspects
336.359 74.628 8.99786 9.47196 of
348.118 74.628 14.2099 9.47196 the
365.038 74.628 32.8899 9.47196 general
400.677 74.628 47.071 9.47196 framework
450.477 74.628 36.4665 9.47196 outlined
489.716 74.628 28.9218 9.47196 above.

56.6395 87.9445 25.4896 9.47196 These
86.0444 87.9445 32.6628 9.47196 aspects
122.648 87.9445 31.9696 9.47196 include
158.532 87.9445 14.2099 9.47196 the
176.757 87.9445 41.9924 9.47196 definition
222.714 87.9445 8.99687 9.47196 of
235.675 87.9445 37.6627 9.47196 adjusted
277.315 87.9445 36.365 9.47196 notional
317.634 87.9445 24.8243 9.47196 along
346.437 87.9445 18.5983 9.47196 with
368.995 87.9445 14.3295 9.47196 the
387.232 87.9445 54.8358 9.47196 specification
446.032 87.9445 8.99786 9.47196 of
458.994 87.9445 36.5811 9.47196 hedging
499.552 87.9445 19.2019 9.47196 sets,

56.6296 101.261 55.3069 9.47196 single-factor
114.709 101.261 32.9039 9.47196 subsets
150.349 101.261 16.5465 9.47196 and
169.789 101.261 47.3967 9.47196 correlation
219.948 101.261 51.9623 9.47196 parameters.

56.64 145.932 10.6002 13.352 4.

96.3592 145.932 47.4384 13.352 Add-on
147.605 145.932 71.9396 13.352 calculations
223.432 145.932 15.0747 13.352 by
242.291 145.932 31.0256 13.352 asset
277.208 145.932 28.8789 13.352 class

56.64 181.92 15.588 11.412 4.1

96.36 181.92 39.948 11.412 Interest
139.56 181.92 20.676 11.412 rate

56.64 209.148 38.8609 9.47196 Consider
97.9162 209.148 5.06964 9.47196 a
105.356 209.148 75.7169 9.47196 fixed-for-floating
183.488 209.148 8.59648 9.47196 IR
194.528 209.148 22.2965 9.47196 swap
219.249 209.148 9.2628 9.47196 as
230.889 209.148 14.3285 9.47196 the
247.689 209.148 21.9767 9.47196 most
272.169 209.148 39.1179 9.47196 common
313.69 209.148 37.0094 9.47196 example
353.051 209.148 8.99786 9.47196 of
364.452 209.148 10.7976 9.47196 an
377.653 209.148 8.59548 9.47196 IR
388.692 209.148 44.7543 9.47196 derivative.
435.966 209.148 37.9695 9.47196 Suppose
476.406 209.148 17.4161 9.47196 that
496.326 209.148 22.2965 9.47196 swap

57.9421 223.003 2.85942 12.12 i
65.1599 224.388 42.7433 9.47196 payments
110.4 224.388 19.5764 9.47196 start
132.48 224.388 8.4162 9.47196 at
143.399 224.388 19.6092 9.47196 time
174.292 229.619 2.04113 6.98387 i

167.777 222.924 6.35 12.0802 S
178.32 224.388 2.16132 9.47196 ,
183 224.388 16.6661 9.47196 end
202.2 224.388 8.4172 9.47196 at
213.12 224.388 19.4887 9.47196 time
244.177 229.619 1.85284 6.98387 i

237.362 222.924 7.04391 12.0802 E
251.16 224.388 16.5465 9.47196 and
270.24 224.388 20.3861 9.47196 refer
293.16 224.388 9.19706 9.47196 to
304.921 224.388 36.2504 9.47196 notional
358.118 222.924 4.05308 12.0802 (
366.298 222.924 4.05308 12.0802 )

354.695 229.619 1.95617 6.98387 i

346.169 222.923 8.11832 12.0802 N
362.113 222.923 3.38365 12.0802 t
374.64 224.388 8.4162 9.47196 at
385.56 224.388 19.4907 9.47196 time
408.942 222.828 2.85942 12.3063 t
413.64 224.388 2.16132 9.47196 .
418.32 224.388 8.27676 9.47196 In
429.119 224.388 14.2089 9.47196 the
445.799 224.388 48.9833 9.47196 continuous
497.279 224.388 21.3622 9.47196 limit,

56.6437 241.191 22.2975 9.47196 swap
81.724 241.191 23.1042 9.47196 MTM
107.643 241.191 23.2058 9.47196 value
133.679 241.191 15.2378 9.47196 can
151.676 241.191 11.21 9.47196 be
165.595 241.191 30.7186 9.47196 written
199.073 241.191 9.38232 9.47196 as

224.999 269.338 3.9338 14.8664 [

290.417 269.338 3.9338 14.8664 ]

185.88 269.795 14.132 6.67205 swap

295.314 287.97 15.0828 6.67205 max{
317.118 287.97 1.73135 6.67205 ,
321.548 287.97 3.32419 6.67205 }

201.353 271.803 3.98904 11.5408 (
209.402 271.803 3.98904 11.5408 )
229.024 271.803 14.7283 11.5408 SR
247.99 271.803 3.98904 11.5408 (
256.039 271.803 3.98904 11.5408 )
271.388 271.803 14.5426 11.5408 FR

338.272 271.803 3.98904 11.5408 (
348.38 271.803 3.98904 11.5408 )
353.745 271.803 19.151 11.5408 DF(
376.769 271.803 2.99478 11.5408 ,
386.814 271.803 3.98904 11.5408 )

310.663 263.418 1.39625 4.8387 i

314.188 291.022 1.39625 4.8387 i

306.638 260.366 4.23142 6.67205 E

183.353 278.2 1.92526 6.67205 i

244.621 278.2 1.92526 6.67205 i

286.797 278.2 1.92526 6.67205 i

334.901 278.2 1.92526 6.67205 i

310.694 287.97 3.4627 6.67205 S
319.212 287.97 1.92526 6.67205 t

176.646 271.804 7.31923 11.5408 V

205.283 271.804 3.33019 11.5408 t

251.921 271.804 3.33019 11.5408 t

326.509 271.804 7.99006 11.5408 N

372.835 271.804 3.33019 11.5408 t
391.115 271.804 5.98955 11.5408 d

183.274 271.351 32.9904 10.9572 =

501.963 272.508 16.8045 9.47196 (26)

56.641 308.264 26.8093 9.47196 where
87.2265 306.785 14.9432 12.1125 SR
106.471 306.785 4.04888 12.1125 (
114.641 306.785 4.04888 12.1125 )

103.058 313.499 1.95415 7.00258 i
110.468 306.785 3.38015 12.1125 t
122.76 308.268 6.6234 9.47196 is
131.761 308.268 14.3295 9.47196 the
148.442 308.268 22.416 9.47196 swap
173.282 308.268 17.2089 9.47196 rate
192.962 308.268 8.4162 9.47196 at
203.763 308.268 19.6092 9.47196 time
227.242 306.682 2.85942 12.3547 t
231.96 308.268 2.16132 9.47196 ,
236.521 308.268 10.8763 9.47196 FR
249.841 308.268 6.6234 9.47196 is
258.842 308.268 14.2099 9.47196 the
275.403 308.268 21.3493 9.47196 fixed
299.165 308.268 17.2089 9.47196 rate
318.726 308.268 16.6661 9.47196 and
339.786 306.931 19.326 12.0641 DF(
363.02 306.931 3.02195 12.0641 ,
373.155 306.931 4.02524 12.0641 )

359.051 306.931 3.36041 12.0641 t
381.6 308.268 6.6234 9.47196 is
390.601 308.268 14.3295 9.47196 the
407.282 308.268 37.8161 9.47196 discount
447.483 308.268 25.5464 9.47196 factor
475.443 308.268 21.176 9.47196 from
499.085 308.268 19.6092 9.47196 time

69.358 324.948 9.19706 9.47196 to
81.5958 324.948 19.4897 9.47196 time
105.442 323.378 2.85942 12.3063 t
110.16 324.948 2.16132 9.47196 .
115.318 324.948 16.1282 9.47196 The
134.396 324.948 34.0403 9.47196 SA-CCR
171.478 324.948 37.343 9.47196 assumes
211.796 324.948 17.5376 9.47196 that
232.314 324.948 9.85044 9.47196 all
245.153 324.948 42.2603 9.47196 variability
290.39 324.948 8.99786 9.47196 of
302.389 324.948 14.3295 9.47196 the
319.667 324.948 22.2965 9.47196 swap
344.984 324.948 23.2397 9.47196 MTM
371.277 324.948 23.2098 9.47196 value
397.436 324.948 28.5832 9.47196 results
428.995 324.948 21.176 9.47196 from
453.113 324.948 36.3839 9.47196 changes
492.472 324.948 8.99687 9.47196 of
504.469 324.948 14.2089 9.47196 the

56.635 338.753 22.2965 9.47196 swap
81.5947 338.753 19.3224 9.47196 rate,
103.676 338.753 18.8632 9.47196 thus
125.276 338.753 42.9953 9.47196 freezing
170.997 338.753 14.3295 9.47196 the
187.917 338.753 37.6966 9.47196 discount
228.237 338.753 25.6659 9.47196 factor
256.556 338.753 8.03772 9.47196 in
267.235 338.753 14.3295 9.47196 the
284.154 338.753 35.6419 9.47196 integral.
322.555 338.753 16.1292 9.47196 The
341.275 338.753 8.59548 9.47196 IR
352.554 338.753 50.061 9.47196 supervisory
405.354 338.753 25.5464 9.47196 factor
433.554 338.753 6.6234 9.47196 is
442.794 338.753 27.9766 9.47196 meant
473.393 338.753 9.19706 9.47196 to
485.273 338.753 33.4098 9.47196 capture

56.635 352.069 14.2059 9.47196 the
73.551 352.069 39.349 9.47196 one-year
115.673 352.069 36.9825 9.47196 volatility
155.393 352.069 8.99786 9.47196 of
167.153 352.069 14.2089 9.47196 the
184.072 352.069 22.2965 9.47196 swap
209.151 352.069 19.3224 9.47196 rate,
231.231 352.069 22.9698 9.47196 while
256.911 352.069 14.2089 9.47196 the
273.83 352.069 37.7872 9.47196 adjusted
314.39 352.069 36.2514 9.47196 notional
353.39 352.069 6.6234 9.47196 is
362.87 352.069 27.8571 9.47196 meant
393.47 352.069 9.19607 9.47196 to
405.469 352.069 41.7772 9.47196 represent
449.988 352.069 14.2089 9.47196 the
466.907 352.069 23.2108 9.47196 value
492.827 352.069 8.99687 9.47196 of
504.586 352.069 14.2089 9.47196 the

56.635 365.386 33.4915 9.47196 integral
93.9611 365.386 8.03772 9.47196 in
105.846 365.386 38.9984 9.47196 Equation
148.675 365.386 16.8045 9.47196 (26)
169.322 365.386 8.4162 9.47196 at
181.687 365.386 19.6092 9.47196 time

222.954 364.896 6.0577 11.1712 0

206.611 364.896 3.36808 11.1712 t
213.552 364.458 6.65135 10.6063 =
231.36 365.388 2.16132 9.47196 .
237.36 365.388 16.1282 9.47196 The
257.279 365.388 34.0403 9.47196 SA-CCR
295.203 365.388 59.7849 9.47196 approximates
358.809 365.388 14.2089 9.47196 the
376.809 365.388 33.611 9.47196 integral
414.25 365.388 10.701 9.47196 by
428.774 365.388 30.2266 9.47196 setting
462.858 365.388 14.2089 9.47196 the
480.858 365.388 37.7872 9.47196 adjusted

56.6417 379.193 36.2504 9.47196 notional
95.6411 379.193 24.2506 9.47196 equal
122.641 379.193 9.19706 9.47196 to

262.96 397.744 9.6989 6.61633 (IR
273.535 397.744 2.31954 6.61633 )

307.86 399.736 15.4704 11.4444 SD

261.768 406.079 1.93644 6.61633 i

298.447 406.079 1.93644 6.61633 i

323.551 406.079 1.93644 6.61633 i

255.43 399.736 6.0243 11.4444 d

290.009 399.736 8.03642 11.4444 N

269.503 399.287 10.3979 10.8657 =

501.961 400.428 16.8045 9.47196 (27)

56.6392 425.268 26.8093 9.47196 where
97.3412 430.91 1.92862 6.63397 i

88.935 424.549 8.004 11.475 N
104.637 425.268 6.6234 9.47196 is
114.354 425.268 14.2069 9.47196 the
131.63 425.268 34.7285 9.47196 average
169.427 425.268 8.99786 9.47196 of
181.543 425.268 14.3285 9.47196 the
198.94 425.268 22.2984 9.47196 swap
224.379 425.268 36.364 9.47196 notional
263.85 425.268 19.3065 9.47196 over
286.288 425.268 14.2059 9.47196 the
303.562 425.268 44.3818 9.47196 remaining
351.074 425.268 13.2488 9.47196 life
367.391 425.268 8.99786 9.47196 of
379.507 425.268 14.2059 9.47196 the
396.781 425.268 22.2975 9.47196 swap
422.22 425.268 42.8599 9.47196 payments
468.174 425.268 16.6641 9.47196 and
489.36 423.785 15.408 12.1125 SD
504.985 430.499 1.92863 7.00258 i
512.157 425.268 6.6234 9.47196 is

56.6369 441.951 14.2059 9.47196 the
73.5529 441.951 50.059 9.47196 supervisory
126.35 441.951 37.4347 9.47196 duration
166.543 441.951 23.9976 9.47196 given
193.3 441.951 10.7 9.47196 by

290.272 464.932 21.246 11.5553 exp(

332.991 464.932 3.996 11.5553 )
348.178 464.932 21.246 11.5553 exp(

391.834 464.932 3.996 11.5553 )

183.96 472.572 15.414 11.5553 SD

223.46 472.572 21.246 11.5553 exp(
260.772 472.572 3.996 11.5553 )

219.523 464.176 1.39867 4.84481 i

219.21 491.814 1.39867 4.84481 i

215.491 461.12 4.23881 6.68038 E

329.616 471.337 1.92863 6.68038 i

388.46 471.337 1.92863 6.68038 i

199.585 478.977 1.92863 6.68038 i

215.71 488.759 3.46875 6.68038 S

318.773 464.933 10.692 11.5553 rS

376.683 464.933 12.024 11.5553 rE

251.96 472.572 8.0232 11.5553 rt
267.147 472.572 9.336 11.5553 dt

340.491 482.013 4.668 11.5553 r

205.71 472.119 2.28 10.971 =

280.026 472.119 2.28 10.971 =

501.955 473.268 16.8045 9.47196 (28)

56.6335 506.993 18.5973 9.47196 with
77.9927 506.993 14.3295 9.47196 the
95.0323 506.993 33.0174 9.47196 interest
130.792 506.993 17.2099 9.47196 rate
150.711 506.993 12.8564 9.47196 set
166.309 506.993 9.19706 9.47196 to

197.823 506.496 21 11.1711 0.05

180.327 506.496 4.668 11.1711 r
188.511 506.058 6.588 10.6062 =

220.44 506.988 2.16132 9.47196 .

96.3583 526.788 33.1359 9.47196 Interest
132.234 526.788 17.3284 9.47196 rate
152.273 526.788 36.5861 9.47196 hedging
191.632 526.788 17.184 9.47196 sets
211.552 526.788 13.8494 9.47196 are
228.11 526.788 38.9874 9.47196 specified
269.991 526.788 9.2628 9.47196 as
282.11 526.788 9.85044 9.47196 all
294.71 526.788 8.59648 9.47196 IR
306.109 526.788 27.383 9.47196 trades
336.349 526.788 8.99786 9.47196 of
348.108 526.788 5.06964 9.47196 a
355.907 526.788 31.5463 9.47196 netting
390.348 526.788 12.7359 9.47196 set
405.947 526.788 59.0269 9.47196 denominated
467.746 526.788 8.03772 9.47196 in
478.545 526.788 14.3295 9.47196 the
495.585 526.788 23.2088 9.47196 same

56.6378 540.105 39.598 9.47196 currency.
100.676 540.105 24.7665 9.47196 Three
129.716 540.105 55.5539 9.47196 single-factor
189.607 540.105 32.7823 9.47196 subsets
226.689 540.105 8.99786 9.47196 of
240.012 540.105 5.06964 9.47196 a
249.375 540.105 36.5851 9.47196 hedging
290.296 540.105 12.8554 9.47196 set
307.458 540.105 13.8484 9.47196 are
325.579 540.105 33.3451 9.47196 defined
363.26 540.105 12.3902 9.47196 via
379.943 540.105 14.3285 9.47196 the
398.545 540.105 25.3691 9.47196 range
428.187 540.105 8.99786 9.47196 of
441.509 540.105 14.2089 9.47196 the
460.108 540.105 16.6651 9.47196 end
481.11 540.105 21.7208 9.47196 date:
507.153 540.105 11.5287 9.47196 (1)

80.4197 553.985 6.0778 12.1125 1
88.2066 553.985 20.3825 12.1125 year

66.1116 560.699 1.95362 7.00248 i

58.9258 553.985 7.42707 12.1125 E

111.36 555.468 2.16132 9.47196 ;
116.757 555.468 11.4062 9.47196 (2)
131.965 553.985 6.0594 12.1125 1
140.739 553.985 20.3196 12.1125 year

196.504 553.985 6.0594 12.1125 5
206.035 553.985 24.9744 12.1125 years

181.292 560.699 1.94772 7.00248 i

174.128 553.985 7.40459 12.1125 E

164.155 553.51 6.65322 11.5 <

233.4 555.468 2.16132 9.47196 ;
238.797 555.468 11.4062 9.47196 (3)

278.041 553.985 5.9754 12.1125 5
287.44 553.985 24.6282 12.1125 years

262.853 560.699 1.92073 7.00248 i

255.788 553.985 7.30194 12.1125 E
268.958 553.51 6.56099 11.5 >

314.28 555.468 2.16132 9.47196 .
319.678 555.468 22.7964 9.47196 Thus,
345.712 555.468 39.1159 9.47196 Equation
388.065 555.468 16.926 9.47196 (24)
408.243 555.468 37.344 9.47196 specifies
448.8 555.468 14.3285 9.47196 the
466.316 555.468 36.6299 9.47196 add-ons
506.16 555.468 12.4629 9.47196 for

56.6447 572.151 20.5176 9.47196 each
79.9242 572.151 8.99687 9.47196 of
91.683 572.151 14.2099 9.47196 the
108.602 572.151 22.9688 9.47196 three
134.402 572.151 36.7404 9.47196 maturity
174.002 572.151 33.864 9.47196 buckets
210.602 572.151 8.99786 9.47196 of
222.361 572.151 5.06964 9.47196 a
230.161 572.151 23.9986 9.47196 given
256.921 572.151 39.7215 9.47196 currency.
299.52 572.151 53.1834 9.47196 Correlations
355.44 572.151 37.7982 9.47196 between
395.999 572.151 14.3285 9.47196 the
413.159 572.151 36.7404 9.47196 maturity
452.638 572.151 33.9835 9.47196 buckets
489.358 572.151 13.8494 9.47196 are
505.917 572.151 12.8564 9.47196 set

56.6447 587.509 9.2628 9.47196 as
69.2411 587.509 33.2415 9.47196 follows:
114.585 592.749 7.0242 7.00248 12

142.745 592.749 7.0242 7.00248 23

162.995 586.035 22.2709 12.1125 70%

111.023 585.56 14.6043 11.5 =
138.962 585.56 14.6043 11.5 =

190.317 587.508 16.5465 9.47196 and
218.852 592.749 6.9975 7.00248 13
238.836 586.035 22.1863 12.1125 30%

229.632 585.56 6.64499 11.5 =

266.037 587.508 49.1944 9.47196 (calibration
318.589 587.508 8.99786 9.47196 of
330.946 587.508 23.5693 9.47196 these
357.823 587.508 51.7432 9.47196 correlations
412.9 587.508 6.6234 9.47196 is
422.857 587.508 42.3469 9.47196 discussed
468.573 587.508 19.5455 9.47196 later
491.489 587.508 8.03672 9.47196 in
502.885 587.508 15.7428 9.47196 this

56.6375 604.191 30.5991 9.47196 paper).
90.116 604.191 22.7964 9.47196 Thus,
115.671 604.191 8.15724 9.47196 in
126.588 604.191 14.2059 9.47196 the
143.624 604.191 19.1292 9.47196 case
165.463 604.191 8.99687 9.47196 of
177.34 604.191 10.8016 9.47196 IR,
190.9 604.191 38.8749 9.47196 Equation
232.534 604.191 16.8045 9.47196 (25)
252.112 604.191 41.8768 9.47196 becomes:

155.303 624.603 3.60839 15.9957 (

209.288 624.603 3.60839 15.9957 )
225.737 624.603 3.60839 15.9957 (

279.722 624.603 3.60839 15.9957 )
298.003 624.603 3.60839 15.9957 (

351.988 624.603 3.60839 15.9957 )

213.152 623.175 3.1757 6.17185 2

283.589 623.175 3.1757 6.17185 2

355.858 623.175 3.1757 6.17185 2

120.054 626.245 18.3371 6.17185 (CCY)

192.606 626.245 14.9296 6.17185 (MB)

263.043 626.245 14.9296 6.17185 (MB)

335.309 626.245 14.9296 6.17185 (MB)

192.002 634.022 3.1757 6.17185 1

263.125 634.022 3.1757 6.17185 2

335.193 634.022 3.1757 6.17185 3

490.2 649.742 3.1757 6.17185 1

145.967 656.799 14.9296 6.17185 (MB)

200.869 656.799 14.9296 6.17185 (MB)

278.775 656.799 14.9296 6.17185 (MB)

333.677 656.799 14.9296 6.17185 (MB)

412.612 656.799 14.9296 6.17185 (MB)

467.513 656.799 14.9296 6.17185 (MB)
490.315 658.78 3.1757 6.17185 2

145.364 664.576 3.1757 6.17185 1

200.953 664.576 3.1757 6.17185 2

278.858 664.576 3.1757 6.17185 2

333.562 664.576 3.1757 6.17185 3

412.01 664.576 3.1757 6.17185 1

467.4 664.576 3.1757 6.17185 3

87.2694 628.103 32.1006 10.6757 AddOn

159.824 628.103 32.0995 10.6757 AddOn

218.589 628.103 6.19622 10.6757 +
230.261 628.103 32.1006 10.6757 AddOn

302.531 628.103 32.0995 10.6757 AddOn

87.2694 658.654 19.9125 10.6757 +1.4
113.19 658.654 32.0995 10.6757 AddOn

168.093 658.654 32.1006 10.6757 AddOn

226.256 658.654 13.7328 10.6757 1.4
245.997 658.654 32.1006 10.6757 AddOn

300.899 658.654 32.1006 10.6757 AddOn

360.093 658.654 13.7328 10.6757 0.6
379.834 658.654 32.1006 10.6757 AddOn

434.737 658.654 32.1006 10.6757 AddOn

120.142 634.02 4.58571 6.17185 m

6.28852 627.685 135.8 10.1358 =

289.941 627.685 6.03142 10.1358 +

219.051 658.236 6.03142 10.1358 +

351.853 658.236 6.03142 10.1358 +

501.96 639.948 16.8045 9.47196 (29)

56.64 682.788 26.8093 9.47196 where
85.9224 682.788 14.2089 9.47196 the
102.605 682.788 37.1976 9.47196 notation
142.326 682.788 25.4777 9.47196 CCY
170.284 682.788 38.9038 9.47196 indicates
211.684 682.788 17.5366 9.47196 that
231.724 682.788 14.2089 9.47196 the
248.404 682.788 36.5871 9.47196 hedging
287.524 682.788 12.8564 9.47196 set
303.004 682.788 6.6234 9.47196 is
312.124 682.788 5.06964 9.47196 a
319.684 682.788 37.341 9.47196 currency
359.525 682.788 16.5465 9.47196 and
378.605 682.788 14.3295 9.47196 the
395.4 682.788 37.3181 9.47196 notation
435.24 682.788 22.2307 9.47196 MB
459.95 682.788 38.7832 9.47196 indicates
501.23 682.788 17.4171 9.47196 that

56.63 696.105 14.2089 9.47196 the
73.5491 696.105 55.4294 9.47196 single-factor
131.751 696.105 32.9039 9.47196 subsets
167.391 696.105 13.8494 9.47196 are
183.95 696.105 36.861 9.47196 maturity
223.549 696.105 36.1219 9.47196 buckets.

76.56 795.948 40.9994 7.18956 Foundations
119.635 795.948 6.804 7.18956 of
128.515 795.948 10.674 7.18956 the
141.237 795.948 42.373 7.18956 standardised
185.639 795.948 31.1548 7.18956 approach
218.875 795.948 9.35096 7.18956 for
230.275 795.948 34.813 7.18956 measuring
267.117 795.948 42.4146 7.18956 counterparty
311.513 795.948 18.7639 7.18956 credit
332.276 795.948 11.436 7.18956 risk
345.72 795.948 33.3215 7.18956 exposures

534.6 796.068 4.07484 7.18956 9

76.56 75.36 15.588 11.412 4.2

116.28 75.36 40.152 11.412 Foreign
159.72 75.36 50.436 11.412 exchange

76.56 102.588 38.8629 9.47196 Consider
118.435 102.588 5.06964 9.47196 a
126.593 102.588 24.2257 9.47196 linear
153.951 102.588 10.7966 9.47196 FX
167.746 102.588 23.0883 9.47196 trade
193.906 102.588 20.1541 9.47196 such
217.179 102.588 9.2628 9.47196 as
229.54 102.588 10.6771 9.47196 an
243.215 102.588 10.7966 9.47196 FX
257.009 102.588 34.1837 9.47196 forward
294.205 102.588 37.7972 9.47196 between
335.123 102.588 5.06964 9.47196 a
343.161 102.588 31.6748 9.47196 foreign
377.958 102.588 37.5771 9.47196 currency
418.512 102.588 16.6631 9.47196 and
438.308 102.588 14.2069 9.47196 the
455.464 102.588 40.3619 9.47196 domestic
498.905 102.588 39.597 9.47196 currency.

76.56 115.905 43.067 9.47196 Assuming
122.161 115.905 17.4161 9.47196 that
142.081 115.905 14.3295 9.47196 the
158.881 115.905 34.0682 9.47196 forward
195.483 115.905 36.7404 9.47196 maturity
234.723 115.905 6.6224 9.47196 is
243.842 115.905 31.6658 9.47196 greater
278.042 115.905 19.7975 9.47196 than
300.362 115.905 16.7288 9.47196 one
319.684 115.905 18.4658 9.47196 year
340.683 115.905 34.4277 9.47196 (smaller
377.645 115.905 43.823 9.47196 maturities
423.965 115.905 13.7289 9.47196 are
440.285 115.905 45.827 9.47196 accounted
488.645 115.905 10.7 9.47196 by
501.845 115.905 36.7414 9.47196 maturity

76.56 129.221 34.9198 9.47196 factors),
114.596 129.221 36.9815 9.47196 volatility
154.675 129.221 8.99786 9.47196 of
166.794 129.221 14.3295 9.47196 the
184.192 129.221 40.583 9.47196 forwards
227.869 129.221 23.1042 9.47196 MTM
254.147 129.221 23.2098 9.47196 value
280.425 129.221 19.426 9.47196 over
302.983 129.221 14.2089 9.47196 the
320.38 129.221 39.2544 9.47196 one-year
362.766 129.221 33.4746 9.47196 horizon
399.358 129.221 6.6234 9.47196 is
409.076 129.221 56.1694 9.47196 independent
468.347 129.221 8.99786 9.47196 of
480.462 129.221 14.3295 9.47196 the
497.859 129.221 40.7015 9.47196 forwards

76.57 142.418 36.7424 9.47196 maturity
115.811 142.418 16.6671 9.47196 and
135.011 142.418 6.6234 9.47196 is
144.132 142.418 23.8771 9.47196 given
170.532 142.418 10.701 9.47196 by
183.732 142.418 14.3295 9.47196 the
200.652 142.418 34.6967 9.47196 product
237.851 142.418 8.99687 9.47196 of
249.371 142.418 14.2089 9.47196 the
266.051 142.418 36.2504 9.47196 notional
304.811 142.418 8.99687 9.47196 of
316.331 142.418 14.3295 9.47196 the
333.132 142.418 31.5583 9.47196 foreign
367.212 142.418 13.5466 9.47196 leg
383.291 142.418 44.0272 9.47196 converted
429.852 142.418 9.19706 9.47196 to
441.732 142.418 14.2099 9.47196 the
458.412 142.418 40.2424 9.47196 domestic
501.133 142.418 37.5811 9.47196 currency

76.57 155.735 23.7446 9.47196 using
105.01 155.735 14.2089 9.47196 the
123.851 155.735 31.4517 9.47196 current
159.968 155.735 10.7966 9.47196 FX
175.446 155.735 19.3363 9.47196 spot
199.446 155.735 17.0894 9.47196 rate
221.167 155.735 16.5446 9.47196 and
242.407 155.735 14.2059 9.47196 the
261.245 155.735 39.3559 9.47196 one-year
305.291 155.735 31.9686 9.47196 relative
341.894 155.735 36.9825 9.47196 volatility
383.537 155.735 8.99786 9.47196 of
397.218 155.735 14.2089 9.47196 the
416.06 155.735 10.7966 9.47196 FX
431.54 155.735 19.3373 9.47196 spot
455.542 155.735 19.2019 9.47196 rate.
479.423 155.735 17.5435 9.47196 This
501.625 155.735 37.0104 9.47196 example

76.57 169.051 42.9844 9.47196 motivates
122.29 169.051 44.2682 9.47196 specifying
169.331 169.051 14.3295 9.47196 the
186.371 169.051 37.7872 9.47196 adjusted
226.93 169.051 36.2514 9.47196 notional
266.051 169.051 43.4266 9.47196 according
312.25 169.051 9.31658 9.47196 to
322.08 168.024 3.49272 6.16248 7

284.746 187.744 14.7063 6.61633 (FX)

323.296 187.744 20.0265 6.61633 foreign

283.549 196.079 1.94378 6.61633 i

322.131 196.079 1.94378 6.61633 i

277.187 189.736 6.04715 11.4444 d

313.663 189.736 8.0669 11.4444 N

303.517 189.287 6.63977 10.8657 =

521.883 190.428 16.8025 9.47196 (30)

76.5614 215.149 26.8093 9.47196 where

118.456 212.444 20.1333 6.61633 foreign

117.284 220.779 1.95415 6.61633 i

108.766 214.436 8.10992 11.4444 N

143.758 215.148 6.6234 9.47196 is
153.356 215.148 14.2059 9.47196 the
170.512 215.148 31.3302 9.47196 current
204.823 215.148 23.2088 9.47196 value
230.981 215.148 8.99687 9.47196 of
242.975 215.148 14.2059 9.47196 the
260.131 215.148 36.2444 9.47196 notional
299.363 215.148 8.99687 9.47196 of
311.358 215.148 14.2059 9.47196 the
328.513 215.148 31.5553 9.47196 foreign
363.066 215.148 37.4546 9.47196 currency
403.498 215.148 13.4271 9.47196 leg
419.936 215.148 8.99786 9.47196 of
431.932 215.148 22.9688 9.47196 trade
459.192 213.753 2.85942 12.12 i
466.918 215.148 43.3051 9.47196 measured
513.234 215.148 8.03672 9.47196 in
524.272 215.148 14.3295 9.47196 the

76.5557 231.831 40.2414 9.47196 domestic
119.753 231.831 39.598 9.47196 currency.
162.349 231.831 5.75688 9.47196 If
171.104 231.831 20.7576 9.47196 both
194.86 231.831 17.7836 9.47196 legs
215.618 231.831 8.99786 9.47196 of
227.614 231.831 5.06964 9.47196 a
235.652 231.831 22.9688 9.47196 trade
261.57 231.831 13.8484 9.47196 are
278.367 231.831 8.03772 9.47196 in
289.403 231.831 37.5681 9.47196 different
329.953 231.831 31.5553 9.47196 foreign
364.506 231.831 46.7353 9.47196 currencies,
414.24 231.831 5.06964 9.47196 a
422.4 231.831 54.77 9.47196 conservative
480.118 231.831 58.5578 9.47196 simplification

76.5557 245.148 6.6234 9.47196 is
85.9151 245.148 34.9227 9.47196 applied:
123.596 245.148 38.9974 9.47196 Equation
165.355 245.148 16.8045 9.47196 (30)
184.911 245.148 29.7445 9.47196 should
217.427 245.148 11.0885 9.47196 be
231.226 245.148 44.3838 9.47196 calculated
278.381 245.148 12.4629 9.47196 for
293.617 245.148 20.7576 9.47196 both
317.134 245.148 19.8015 9.47196 legs,
339.815 245.148 16.5436 9.47196 and
359.131 245.148 14.3295 9.47196 the
376.17 245.148 43.6148 9.47196 maximum
422.489 245.148 29.7416 9.47196 should
455.003 245.148 11.0895 9.47196 be
468.802 245.148 33.355 9.47196 chosen.

116.276 264.47 12.1173 9.47196 An
130.558 264.47 10.7966 9.47196 FX
143.52 264.47 36.4656 9.47196 hedging
182.279 264.47 12.7359 9.47196 set
197.28 264.47 6.6234 9.47196 is
206.042 264.47 39.1059 9.47196 specified
247.323 264.47 9.2628 9.47196 as
258.844 264.47 9.85044 9.47196 all
270.964 264.47 27.2625 9.47196 trades
300.365 264.47 8.99687 9.47196 of
311.526 264.47 5.06964 9.47196 a
318.847 264.47 31.5463 9.47196 netting
352.687 264.47 12.7349 9.47196 set
367.567 264.47 50.0251 9.47196 referencing
419.767 264.47 14.3285 9.47196 the
436.326 264.47 23.0893 9.47196 same
461.527 264.47 17.0256 9.47196 pair
480.727 264.47 8.99786 9.47196 of
491.889 264.47 46.6805 9.47196 currencies.

76.5557 277.786 6.01584 9.47196 It
85.194 277.786 6.6234 9.47196 is
94.4329 277.786 38.8669 9.47196 assumed
135.953 277.786 17.5366 9.47196 that
156.113 277.786 9.85044 9.47196 all
168.593 277.786 10.7966 9.47196 FX
182.033 277.786 27.2635 9.47196 trades
211.913 277.786 8.99687 9.47196 of
223.552 277.786 14.2099 9.47196 the
240.353 277.786 23.2098 9.47196 same
266.153 277.786 36.5881 9.47196 hedging
305.395 277.786 12.8574 9.47196 set
320.874 277.786 13.7289 9.47196 are
337.194 277.786 27.3581 9.47196 driven
367.194 277.786 10.701 9.47196 by
380.514 277.786 14.3295 9.47196 the
397.434 277.786 23.2098 9.47196 same
423.234 277.786 30.621 9.47196 market
456.479 277.786 27.7187 9.47196 factor,
486.837 277.786 25.5554 9.47196 which
515.032 277.786 6.6224 9.47196 is
524.271 277.786 14.3285 9.47196 the

76.5557 291.103 10.7966 9.47196 FX
91.5554 291.103 19.3363 9.47196 spot
115.079 291.103 17.2089 9.47196 rate
136.442 291.103 12.4639 9.47196 for
153.24 291.103 14.2069 9.47196 the
171.718 291.103 36.7016 9.47196 hedging
212.636 291.103 19.3433 9.47196 sets
236.276 291.103 37.4546 9.47196 currency
278.034 291.103 18.9618 9.47196 pair.
301.317 291.103 23.0415 9.47196 Thus,
328.562 291.103 38.9944 9.47196 Equation
371.759 291.103 16.8045 9.47196 (24)
392.875 291.103 49.4634 9.47196 aggregates
446.519 291.103 9.85044 9.47196 all
460.682 291.103 27.2635 9.47196 trades
492.126 291.103 8.99786 9.47196 of
505.449 291.103 5.06964 9.47196 a
514.692 291.103 23.9976 9.47196 given

76.5557 304.419 37.4606 9.47196 currency
117.232 304.419 18.9579 9.47196 pair,
139.426 304.419 16.5465 9.47196 and
159.223 304.419 38.9974 9.47196 Equation
201.581 304.419 16.8045 9.47196 (25)
221.633 304.419 34.103 9.47196 reduces
258.95 304.419 9.19706 9.47196 to
271.428 304.419 27.3462 9.47196 taking
302.025 304.419 14.2099 9.47196 the
319.546 304.419 37.7295 9.47196 absolute
360.463 304.419 23.0893 9.47196 value
386.741 304.419 8.99687 9.47196 of
398.978 304.419 14.2089 9.47196 the
416.375 304.419 25.8502 9.47196 single
445.534 304.419 55.3278 9.47196 single-factor
504.113 304.419 34.4417 9.47196 add-on:

114.235 318.075 17.1023 6.85994 (CCY
133.018 318.075 13.748 6.85994 pair)

198.297 318.075 16.6195 6.85994 (SFS)

197.638 326.719 3.46875 6.85994 1

78.4225 320.14 35.0628 11.8658 AddOn

162.485 320.14 35.0628 11.8658 AddOn

114.329 326.717 5.00888 6.85994 m

150.797 319.675 6.588 11.2658 =

220.56 321.348 2.16132 9.47196 .
226.201 321.348 25.7944 9.47196 When
255.48 321.348 21.3582 9.47196 delta
280.32 321.348 12.4659 9.47196 for
296.28 321.348 10.7966 9.47196 FX
310.561 321.348 27.143 9.47196 trades
341.281 321.348 6.6234 9.47196 is
351.362 321.348 46.4425 9.47196 calculated,
401.283 321.348 14.3295 9.47196 the
419.044 321.348 23.0893 9.47196 trade
445.564 321.348 38.8779 9.47196 direction
487.925 321.348 26.7585 9.47196 within
518.166 321.348 20.5186 9.47196 each

76.5583 340.192 37.4616 9.47196 currency
116.638 340.192 16.9061 9.47196 pair
136.318 340.192 21.8562 9.47196 must
160.798 340.192 11.21 9.47196 be
174.599 340.192 44.7772 9.47196 consistent
221.999 340.192 14.1472 9.47196 (eg
238.799 340.192 34.2495 9.47196 positive
275.639 340.192 12.4669 9.47196 for
290.879 340.192 9.85044 9.47196 all
303.478 340.192 27.2635 9.47196 trades
333.358 340.192 19.9071 9.47196 long
355.917 340.192 39.9167 9.47196 GBP/EUR
398.638 340.192 16.5465 9.47196 and
417.838 340.192 37.7305 9.47196 negative
458.278 340.192 12.4659 9.47196 for
473.398 340.192 9.85044 9.47196 all
485.998 340.192 27.2635 9.47196 trades
515.999 340.192 22.5773 9.47196 short

76.5583 353.509 45.1248 9.47196 GBP/EUR).

76.56 385.56 15.588 11.412 4.3

116.28 385.56 31.908 11.412 Credit

76.56 412.788 23.1042 9.47196 MTM
102.718 412.788 23.0893 9.47196 value
128.756 412.788 8.99786 9.47196 of
140.755 412.788 14.2089 9.47196 the
157.913 412.788 22.0963 9.47196 most
182.992 412.788 34.1867 9.47196 popular
220.19 412.788 24.9767 9.47196 credit
248.149 412.788 44.7732 9.47196 derivative,
295.92 412.788 54.538 9.47196 single-name
353.407 412.788 9.34646 9.47196 or
365.766 412.788 23.652 9.47196 index
392.406 412.788 24.9777 9.47196 credit
420.364 412.788 30.7376 9.47196 default
454.083 412.788 22.417 9.47196 swap
479.522 412.788 26.636 9.47196 (CDS),
509.155 412.788 15.2378 9.47196 can
527.393 412.788 11.209 9.47196 be

76.57 425.985 52.787 9.47196 represented
132.13 425.985 8.03772 9.47196 in
142.928 425.985 14.3285 9.47196 the
159.967 425.985 21.176 9.47196 form
183.846 425.985 28.6669 9.47196 similar
215.286 425.985 9.19706 9.47196 to
227.286 425.985 38.9974 9.47196 Equation
269.047 425.985 18.9638 9.47196 (26):

165.532 454.595 13.4954 6.67205 CDS

265.473 454.595 14.2301 6.67205 contr

288.057 472.77 15.1238 6.67205 max{
309.919 472.77 1.73605 6.67205 ,
314.362 472.77 3.33322 6.67205 }

180.078 456.603 3.99986 11.5408 (
188.148 456.603 3.99986 11.5408 )
209.668 456.603 14.7502 11.5408 CS
227.562 456.603 3.99986 11.5408 (
235.632 456.603 3.99986 11.5408 )
250.834 456.603 14.7502 11.5408 CS

331.135 456.603 3.99986 11.5408 (
341.27 456.603 3.99986 11.5408 )
346.651 456.603 19.2017 11.5408 DF(
369.735 456.603 3.0029 11.5408 ,
379.808 456.603 3.99986 11.5408 )
385.25 456.603 9.0087 11.5408 [1
404.58 456.603 14.659 11.5408 EL
422.849 456.603 3.99986 11.5408 (
430.731 456.603 3.0029 11.5408 ,
440.804 456.603 7.94087 11.5408 )]

303.447 448.217 1.40004 4.8387 i

306.982 475.821 1.40004 4.8387 i

299.412 445.166 4.24291 6.67205 E

162.874 463 1.93049 6.67205 i

224.183 463 1.93049 6.67205 i

265.348 463 1.93049 6.67205 i

327.752 463 1.93049 6.67205 i

419.462 463 1.93049 6.67205 i

303.478 472.77 3.4721 6.67205 S
312.02 472.77 1.93049 6.67205 t

156.148 456.603 7.33909 11.5408 V

184.019 456.603 3.33922 11.5408 t

231.502 456.603 3.33922 11.5408 t

319.338 456.603 8.01174 11.5408 N

365.789 456.603 3.33922 11.5408 t

426.785 456.603 3.33922 11.5408 t

450.556 456.603 6.0058 11.5408 d

195.03 456.151 113.161 10.9572 =

521.874 457.308 16.8025 9.47196 (31)

76.543 493.064 26.8093 9.47196 where
107.804 491.585 14.9094 12.1125 CS
125.891 491.585 4.04302 12.1125 (
134.049 491.585 4.04302 12.1125 )

122.475 498.299 1.95131 7.00258 i
129.873 491.585 3.37525 12.1125 t
143.279 493.068 6.6234 9.47196 is
152.638 493.068 14.2089 9.47196 the
169.557 493.068 24.9767 9.47196 credit
197.277 493.068 29.7465 9.47196 spread
229.918 493.068 8.4162 9.47196 at
241.076 493.068 19.6092 9.47196 time
264.792 491.482 2.85942 12.3547 t
269.52 493.068 2.16132 9.47196 ,

290.979 490.352 14.5395 6.63397 contr

276.022 492.349 15.0709 11.475 CS
290.851 498.71 1.97247 6.63397 i

310.799 493.068 6.6234 9.47196 is
320.158 493.068 14.2089 9.47196 the
337.077 493.068 49.2114 9.47196 contractual
389.159 493.068 24.9767 9.47196 credit
416.879 493.068 29.7465 9.47196 spread
449.398 493.068 16.5465 9.47196 and
470.55 491.585 14.4617 12.1125 EL
488.571 491.585 3.94605 12.1125 (
496.348 491.585 2.9625 12.1125 ,
506.286 491.585 3.94605 12.1125 )

485.239 498.299 1.90452 7.00258 i
492.46 491.585 3.2943 12.1125 t
514.919 493.068 6.6234 9.47196 is
524.278 493.068 14.3295 9.47196 the

76.5594 509.871 49.9345 9.47196 risk-neutral
131.524 509.871 39.9486 9.47196 expected
176.526 509.871 16.7039 9.47196 loss
198.247 509.871 16.7288 9.47196 due
219.847 509.871 9.19607 9.47196 to
234.127 509.871 41.0481 9.47196 default(s)
280.085 509.871 37.7982 9.47196 between
322.926 509.871 19.6092 9.47196 time
348.792 508.282 2.85942 12.3547 t
358.44 509.868 16.5465 9.47196 and
380.04 509.868 19.6043 9.47196 time
419.4 509.868 14.5057 9.47196 per
438.84 509.868 17.0515 9.47196 unit
460.916 509.868 8.99687 9.47196 of
474.833 509.868 38.5173 9.47196 notional.
513.96 508.824 3.49272 6.16248 8
522.36 509.868 16.2487 9.47196 The

76.5606 523.673 50.057 9.47196 supervisory
131.158 523.673 29.7834 9.47196 factors
165.48 523.673 12.4659 9.47196 for
182.522 523.673 24.9757 9.47196 credit
212.043 523.673 46.9425 9.47196 derivatives
263.525 523.673 34.8172 9.47196 account
302.887 523.673 12.4659 9.47196 for
320.049 523.673 14.2089 9.47196 the
338.771 523.673 39.34 9.47196 one-year
382.686 523.673 36.9825 9.47196 volatility
424.209 523.673 8.99786 9.47196 of
437.771 523.673 14.2089 9.47196 the
456.493 523.673 24.9767 9.47196 credit
486.015 523.673 31.9218 9.47196 spread.
522.616 523.673 16.0087 9.47196 The

76.5606 536.989 37.6667 9.47196 adjusted
117.239 536.989 36.3719 9.47196 notional
156.599 536.989 12.4659 9.47196 for
172.2 536.989 24.9767 9.47196 credit
200.278 536.989 46.824 9.47196 derivatives
250.196 536.989 6.6234 9.47196 is
259.916 536.989 27.8571 9.47196 meant
290.877 536.989 9.19706 9.47196 to
303.115 536.989 41.7762 9.47196 represent
347.873 536.989 14.3295 9.47196 the
365.152 536.989 23.2088 9.47196 value
391.31 536.989 8.99786 9.47196 of
403.307 536.989 14.3285 9.47196 the
420.585 536.989 33.611 9.47196 integral
457.184 536.989 8.03772 9.47196 in
468.222 536.989 38.9984 9.47196 Equation
510.221 536.989 16.8045 9.47196 (31)
530.159 536.989 8.4162 9.47196 at

76.5606 550.186 19.6102 9.47196 time

117.105 549.696 6.0577 11.1711 0

100.761 549.696 3.36808 11.1711 t
107.703 549.258 6.65135 10.6062 =
125.52 550.188 2.16132 9.47196 .
130.798 550.188 6.01684 9.47196 It
139.915 550.188 16.4629 9.47196 was
159.473 550.188 35.0243 9.47196 decided
197.628 550.188 9.19706 9.47196 to
209.986 550.188 28.6091 9.47196 ignore
241.663 550.188 14.2099 9.47196 the
258.94 550.188 43.9694 9.47196 difference
305.977 550.188 37.7972 9.47196 between
347.014 550.188 14.2089 9.47196 the
364.292 550.188 37.7046 9.47196 integrals
405.09 550.188 8.03772 9.47196 in
416.248 550.188 43.2234 9.47196 Equations
462.566 550.188 16.924 9.47196 (26)
482.636 550.188 16.5465 9.47196 and
502.317 550.188 16.8045 9.47196 (31)
522.237 550.188 16.5465 9.47196 and

76.5566 563.993 12.7368 9.47196 set
92.155 563.993 14.3295 9.47196 the
109.435 563.993 37.6677 9.47196 adjusted
149.994 563.993 36.3709 9.47196 notional
189.233 563.993 12.5865 9.47196 for
204.712 563.993 24.9767 9.47196 credit
232.55 563.993 46.9445 9.47196 derivatives
282.35 563.993 24.2506 9.47196 equal
309.591 563.993 9.19706 9.47196 to
321.709 563.993 14.2089 9.47196 the
338.748 563.993 16.8493 9.47196 one
358.427 563.993 12.4659 9.47196 for
373.785 563.993 8.59548 9.47196 IR
385.303 563.993 46.9445 9.47196 derivatives
435.102 563.993 23.9976 9.47196 given
461.981 563.993 10.701 9.47196 by
475.539 563.993 43.3439 9.47196 Equations
521.739 563.993 16.8045 9.47196 (27)

76.5566 577.309 16.5465 9.47196 and
95.879 577.309 18.9638 9.47196 (28).

116.287 596.631 11.2907 9.47196 All
131.048 596.631 24.8572 9.47196 credit
159.369 596.631 27.2635 9.47196 trades
190.09 596.631 8.99687 9.47196 of
202.57 596.631 5.06964 9.47196 a
211.089 596.631 23.8781 9.47196 given
238.45 596.631 31.5463 9.47196 netting
273.491 596.631 12.7368 9.47196 set
289.692 596.631 41.7762 9.47196 represent
334.932 596.631 5.06964 9.47196 a
343.452 596.631 25.8502 9.47196 single
372.733 596.631 36.5861 9.47196 hedging
412.813 596.631 14.8812 9.47196 set.
431.163 596.631 6.4242 9.47196 A
441.127 596.631 55.3129 9.47196 single-factor
499.933 596.631 28.5772 9.47196 subset
531.974 596.631 6.6234 9.47196 is

76.5766 609.948 38.9884 9.47196 specified
118.576 609.948 9.2638 9.47196 as
130.936 609.948 9.85144 9.47196 all
143.897 609.948 24.9777 9.47196 credit
171.856 609.948 27.2635 9.47196 trades
202.215 609.948 49.9066 9.47196 referencing
255.133 609.948 14.3295 9.47196 the
272.412 609.948 23.2088 9.47196 same
298.57 609.948 24.9817 9.47196 entity
326.529 609.948 28.5553 9.47196 (which
358.085 609.948 15.3573 9.47196 can
376.443 609.948 11.0895 9.47196 be
390.603 609.948 25.3064 9.47196 either
418.923 609.948 5.06964 9.47196 a
427.083 609.948 25.8492 9.47196 single
455.88 609.948 24.649 9.47196 name
483.478 609.948 9.34547 9.47196 or
495.837 609.948 10.6771 9.47196 an
509.515 609.948 29.0424 9.47196 index).

76.5766 623.265 22.7964 9.47196 Thus,
101.654 623.265 38.9974 9.47196 Equation
142.932 623.265 16.8035 9.47196 (24)
162.013 623.265 49.3438 9.47196 aggregates
213.615 623.265 9.85044 9.47196 all
225.737 623.265 24.9767 9.47196 credit
252.978 623.265 27.2635 9.47196 trades
282.5 623.265 8.03772 9.47196 in
292.821 623.265 5.06964 9.47196 a
300.142 623.265 31.6668 9.47196 netting
334.102 623.265 12.7359 9.47196 set
349.103 623.265 17.4171 9.47196 that
368.784 623.265 41.329 9.47196 reference
412.345 623.265 14.2099 9.47196 the
428.786 623.265 23.0893 9.47196 same
454.107 623.265 27.1211 9.47196 entity.
483.508 623.265 55.0609 9.47196 Aggregation

76.5666 636.581 27.383 9.47196 across
108.608 636.581 31.9437 9.47196 entities
145.211 636.581 6.6234 9.47196 is
156.493 636.581 22.7297 9.47196 done
183.856 636.581 41.6268 9.47196 assuming
230.178 636.581 17.5356 9.47196 that
252.378 636.581 20.5176 9.47196 each
277.579 636.581 24.8612 9.47196 entity
307.101 636.581 6.6234 9.47196 is
318.501 636.581 27.3581 9.47196 driven
350.542 636.581 10.701 9.47196 by
365.904 636.581 5.06964 9.47196 a
375.625 636.581 25.8492 9.47196 single
406.106 636.581 46.0013 9.47196 systematic
456.747 636.581 15.1502 9.47196 risk
476.548 636.581 25.4249 9.47196 factor
506.668 636.581 16.5465 9.47196 and
527.91 636.581 10.6771 9.47196 an

76.5766 650.864 54.8826 9.47196 idiosyncratic
133.579 650.864 15.1502 9.47196 risk
150.86 650.864 27.7217 9.47196 factor.
180.741 650.864 16.1292 9.47196 The
199.101 650.864 46.0023 9.47196 systematic
247.223 650.864 25.5464 9.47196 factor
274.945 650.864 33.2266 9.47196 loading
310.347 650.864 12.4659 9.47196 for
324.988 650.864 24.8612 9.47196 entity
355.971 650.016 3.2526 11.628 j
363.841 650.868 6.6234 9.47196 is
372.603 650.868 44.7483 9.47196 quantified
419.527 650.868 12.2697 9.47196 via
433.928 650.868 47.5182 9.47196 correlation
494.16 656.495 1.92863 6.61624 j

500.761 650.868 37.7962 9.47196 between

76.5649 668.627 14.2089 9.47196 the
94.0816 668.627 13.5705 9.47196 full
110.999 668.627 43.4824 9.47196 stochastic
157.796 668.627 25.3064 9.47196 driver
186.473 668.627 8.99786 9.47196 of
198.713 668.627 24.9767 9.47196 credit
227.031 668.627 29.627 9.47196 spread
260.028 668.627 8.99786 9.47196 of
272.385 668.627 24.8612 9.47196 entity
304.601 667.766 3.23592 11.628 j
313.677 668.628 16.5465 9.47196 and
333.713 668.628 14.2089 9.47196 the
351.23 668.628 46.0013 9.47196 systematic
400.547 668.628 27.7227 9.47196 factor.
431.624 668.628 17.423 9.47196 This
452.504 668.628 47.3976 9.47196 correlation
503.261 668.628 6.6234 9.47196 is
513.217 668.628 12.8564 9.47196 set
529.414 668.628 9.19607 9.47196 to

76.5588 684.345 18.9479 9.47196 50%
99.4827 684.345 12.4669 9.47196 for
115.928 684.345 31.9437 9.47196 entities
151.813 684.345 17.5366 9.47196 that
173.297 684.345 13.8494 9.47196 are
191.057 684.345 25.8502 9.47196 single
220.822 684.345 28.8232 9.47196 names
253.702 684.345 16.5465 9.47196 and
274.227 684.345 9.19607 9.47196 to
287.431 684.345 18.9469 9.47196 80%
310.355 684.345 12.5865 9.47196 for
326.919 684.345 24.2895 9.47196 those
355.124 684.345 17.5366 9.47196 that
376.724 684.345 13.7289 9.47196 are
394.368 684.345 32.6429 9.47196 indices.
431.09 684.345 16.1292 9.47196 The
451.134 684.345 36.0492 9.47196 pairwise
491.099 684.345 47.5182 9.47196 correlation

76.5588 698.747 37.6777 9.47196 between
117.237 698.747 16.5167 9.47196 two
136.796 698.747 31.9377 9.47196 distinct
171.715 698.747 31.9437 9.47196 entities
210.771 697.866 3.2526 11.628 j
219.478 698.748 16.5465 9.47196 and
240.868 698.285 5.16816 11.1296 k
251.758 698.748 6.6234 9.47196 is
261.356 698.748 23.8771 9.47196 given
288.234 698.748 10.701 9.47196 by
301.917 698.748 14.3295 9.47196 the
319.194 698.748 34.6927 9.47196 product
367.681 704.373 1.95087 6.63397 j
377.955 704.373 3.11577 6.63397 k

386.278 698.748 16.5436 9.47196 and
405.833 698.748 15.2368 9.47196 can
424.068 698.748 20.8064 9.47196 have
447.823 698.748 14.2069 9.47196 the
464.978 698.748 40.9027 9.47196 following
508.893 698.748 29.638 9.47196 values:

76.56 735.432 2.71656 4.79304 7

96.3648 736.332 14.8853 7.64604 One
113.405 736.332 12.351 7.64604 can
127.928 736.332 18.4132 7.64604 show
148.451 736.332 14.0057 7.64604 that
164.654 736.332 12.6485 7.64604 this
179.417 736.332 43.908 7.64604 specification
225.498 736.332 5.32972 7.64604 is
232.941 736.332 41.406 7.64604 appropriate
276.502 736.332 9.99854 7.64604 for
288.625 736.332 27.6351 7.64604 another
318.385 736.332 31.4308 7.64604 common
351.989 736.332 29.7625 7.64604 example
383.906 736.332 7.1966 7.64604 of
393.269 736.332 8.58431 7.64604 FX
404.072 736.332 19.4753 7.64604 linear
425.673 736.332 21.8857 7.64604 trades
455.889 736.332 51.292 7.64604 cross-currency
509.296 736.332 19.6248 7.64604 swap.

76.56 753.552 2.71656 4.79304 8

96.3648 754.452 6.71018 7.64604 In
105.246 754.452 11.5229 7.64604 the
118.927 754.452 15.3669 7.64604 case
136.451 754.452 7.1966 7.64604 of
145.814 754.452 43.6725 7.64604 single-name
191.641 754.452 16.5045 7.64604 CDS,
212.166 753.54 12.2843 9.69 EL
227.673 753.54 3.35191 9.69 (
234.279 753.54 2.51645 9.69 ,
243.056 753.54 3.35191 9.69 )

224.654 758.926 1.61777 5.60198 i
230.976 753.54 2.79829 9.69 t
250.683 754.452 5.33052 7.64604 is
258.248 754.452 11.5253 7.64604 the
271.931 754.452 40.0923 7.64604 risk-neutral
314.16 754.452 38.4079 7.64604 cumulative
354.723 754.452 37.9721 7.64604 probability
394.806 754.452 7.1966 7.64604 of
404.169 754.452 24.682 7.64604 default
431.048 754.452 30.3414 7.64604 between
464.922 753.278 2.38285 9.95425 t
471.723 754.452 13.3753 7.64604 and
496.32 753.486 2.49 9.65124 .

57.12 796.068 8.15724 7.18956 10

216.84 796.068 40.9994 7.18956 Foundations
259.915 796.068 6.804 7.18956 of
268.795 796.068 10.674 7.18956 the
281.517 796.068 42.373 7.18956 standardised
325.919 796.068 31.1548 7.18956 approach
359.155 796.068 9.35096 7.18956 for
370.555 796.068 34.813 7.18956 measuring
407.397 796.068 42.4146 7.18956 counterparty
451.793 796.068 18.7639 7.18956 credit
472.556 796.068 11.436 7.18956 risk
485.996 796.068 33.3199 7.18956 exposures

56.64 74.628 18.9469 9.47196 25%
79.4444 74.628 37.6777 9.47196 between
120.962 74.628 16.3981 9.47196 two
141.247 74.628 25.8462 9.47196 single
170.888 74.628 30.8391 9.47196 names;
205.567 74.628 18.9469 9.47196 40%
228.371 74.628 37.6767 9.47196 between
269.888 74.628 5.06964 9.47196 a
278.768 74.628 25.9687 9.47196 single
308.532 74.628 24.5265 9.47196 name
336.85 74.628 16.5446 9.47196 and
357.248 74.628 10.6781 9.47196 an
371.77 74.628 25.9179 9.47196 index;
401.528 74.628 18.9469 9.47196 64%
424.332 74.628 37.6787 9.47196 between
465.851 74.628 16.3981 9.47196 two
486.132 74.628 32.5194 9.47196 indices.

56.64 87.9445 39.348 9.47196 Applying
100.922 87.9445 14.2089 9.47196 the
120.003 87.9445 55.4294 9.47196 single-factor
180.487 87.9445 50.8777 9.47196 assumption
236.288 87.9445 9.19706 9.47196 to
250.449 87.9445 38.9974 9.47196 Equation
294.369 87.9445 16.924 9.47196 (25)
316.208 87.9445 28.5832 9.47196 results
349.688 87.9445 8.03772 9.47196 in
362.648 87.9445 14.2099 9.47196 the
381.729 87.9445 41.0282 9.47196 following
427.692 87.9445 32.2824 9.47196 add-on
464.896 87.9445 53.7571 9.47196 aggregation

56.6599 101.261 36.2365 9.47196 formula:

323.93 138.054 3.93786 17.5047 (

360.613 138.054 3.93786 17.5047 )
370.723 138.054 3.93786 17.5047 (

436.011 138.054 3.93786 17.5047 )

452.472 120.385 3.46565 6.75412 1

452.597 130.275 3.46565 6.75412 2

440.231 136.493 3.46565 6.75412 2

262.922 139.852 22.6647 6.75412 (Entity)

355.309 139.852 3.46565 6.75412 2

411.446 139.852 22.6647 6.75412 (Entity)

159.95 148.363 9.6553 6.75412 CD

293.645 127.6 3.9652 7.72768 2

124.171 141.884 35.0315 11.6828 AddOn

227.147 141.884 35.0315 11.6828 AddOn

327.557 141.884 5.99465 11.6828 1

375.67 141.884 35.0315 11.6828 AddOn

217.088 148.36 1.9269 6.75412 j

264.297 148.36 1.9269 6.75412 j

352.533 148.36 1.9269 6.75412 j

412.822 148.36 1.9269 6.75412 j

200.169 156.682 1.9269 6.75412 j

316.067 156.682 1.9269 6.75412 j

163.005 141.435 10.6585 11.0921 =

301.049 141.435 6.58213 11.0921 +

501.957 142.908 16.8025 9.47196 (32)

96.3464 179.75 16.0077 9.47196 The
114.942 179.75 15.0197 9.47196 key
132.461 179.75 35.5433 9.47196 features
170.502 179.75 8.99786 9.47196 of
182.142 179.75 24.9777 9.47196 credit
209.623 179.75 46.9445 9.47196 derivatives
259.183 179.75 17.5366 9.47196 that
279.224 179.75 13.8494 9.47196 are
295.664 179.75 39.1079 9.47196 captured
337.425 179.75 13.7289 9.47196 are
353.625 179.75 14.3295 9.47196 the
370.546 179.75 36.861 9.47196 maturity
409.906 179.75 28.4567 9.47196 aspect
440.987 179.75 16.5465 9.47196 and
460.187 179.75 14.2089 9.47196 the
476.867 179.75 21.9837 9.47196 basis
501.348 179.75 17.2816 9.47196 risk.

56.626 193.067 16.0067 9.47196 The
75.2233 193.067 55.3149 9.47196 single-factor
133.191 193.067 27.9707 9.47196 model
163.676 193.067 31.7017 9.47196 reflects
197.875 193.067 14.3285 9.47196 the
214.673 193.067 16.2159 9.47196 fact
233.393 193.067 19.6839 9.47196 that,
255.597 193.067 39.598 9.47196 although
297.837 193.067 24.9757 9.47196 credit
325.317 193.067 33.9795 9.47196 spreads
361.793 193.067 8.15724 9.47196 in
372.473 193.067 32.8909 9.47196 general
407.993 193.067 24.5295 9.47196 move
434.993 193.067 40.2006 9.47196 together,
477.713 193.067 23.0893 9.47196 there
503.273 193.067 15.3573 9.47196 can

56.6359 206.383 11.0895 9.47196 be
70.0759 206.383 55.9702 9.47196 considerable
128.398 206.383 55.0041 9.47196 idiosyncratic
185.76 206.383 38.0372 9.47196 variation
226.201 206.383 8.03772 9.47196 in
236.642 206.383 5.06964 9.47196 a
244.082 206.383 25.8492 9.47196 single
272.283 206.383 24.649 9.47196 name
299.403 206.383 17.4161 9.47196 that
319.203 206.383 23.5444 9.47196 limits
345.124 206.383 14.2099 9.47196 the
361.685 206.383 35.1837 9.47196 benefits
399.246 206.383 8.99786 9.47196 of
410.647 206.383 36.5881 9.47196 hedging
449.65 206.383 5.06964 9.47196 a
457.09 206.383 19.7875 9.47196 long
479.291 206.383 18.3692 9.47196 CDS
500.05 206.383 18.7168 9.47196 with

56.6359 219.7 16.7288 9.47196 one
78.2352 219.7 41.2075 9.47196 reference
124.313 219.7 24.5295 9.47196 name
153.713 219.7 18.5973 9.47196 with
177.353 219.7 5.06964 9.47196 a
187.313 219.7 22.5763 9.47196 short
214.794 219.7 18.3642 9.47196 CDS
238.069 219.7 49.9046 9.47196 referencing
292.908 219.7 5.06964 9.47196 a
302.989 219.7 37.3361 9.47196 different
345.229 219.7 26.7715 9.47196 name.
376.92 219.7 17.423 9.47196 This
399.24 219.7 27.9836 9.47196 strikes
432.121 219.7 5.06964 9.47196 a
442.081 219.7 33.8869 9.47196 balance
480.839 219.7 37.7972 9.47196 between

56.6359 232.897 51.2273 9.47196 recognising
111.477 232.897 61.0797 9.47196 diversification
176.159 232.897 28.4358 9.47196 (which
208.197 232.897 6.6234 9.47196 is
218.397 232.897 35.8968 9.47196 greatest
257.878 232.897 23.7576 9.47196 when
285.238 232.897 47.5182 9.47196 correlation
336.36 232.897 6.6234 9.47196 is
346.561 232.897 22.0883 9.47196 zero)
372.238 232.897 16.5465 9.47196 and
392.398 232.897 36.5871 9.47196 hedging
432.599 232.897 8.99786 9.47196 of
445.199 232.897 41.0302 9.47196 dissimilar
489.843 232.897 28.8232 9.47196 names

56.6359 246.213 28.4358 9.47196 (which
87.8336 246.213 6.74292 9.47196 is
97.3126 246.213 35.8968 9.47196 greatest
135.952 246.213 23.7576 9.47196 when
162.472 246.213 47.5182 9.47196 correlation
212.751 246.213 6.6234 9.47196 is
222.11 246.213 21.9608 9.47196 one).

56.64 278.28 15.588 11.412 4.4

96.36 278.28 41.208 11.412 Equities

56.64 305.508 14.2667 9.47196 For
73.2005 305.508 14.2089 9.47196 the
89.6415 305.508 36.3769 9.47196 simplest
128.283 305.508 24.2277 9.47196 linear
154.806 305.508 27.5016 9.47196 equity
184.567 305.508 48.9624 9.47196 derivatives,
235.928 305.508 20.0375 9.47196 such
258.249 305.508 9.38232 9.47196 as
269.89 305.508 27.38 9.47196 equity
299.644 305.508 40.4416 9.47196 forwards,
342.366 305.508 36.9815 9.47196 volatility
381.608 305.508 8.99687 9.47196 of
392.889 305.508 14.3295 9.47196 the
409.45 305.508 23.0893 9.47196 trade
434.771 305.508 23.1042 9.47196 MTM
460.213 305.508 23.2098 9.47196 value
485.654 305.508 6.6234 9.47196 is
494.535 305.508 24.2506 9.47196 equal

56.64 318.825 9.19706 9.47196 to
68.0412 318.825 14.2089 9.47196 the
84.3627 318.825 34.8162 9.47196 product
121.324 318.825 8.99687 9.47196 of
132.485 318.825 14.2089 9.47196 the
148.807 318.825 37.102 9.47196 volatility
188.049 318.825 8.99786 9.47196 of
199.21 318.825 14.2089 9.47196 the
215.65 318.825 23.0703 9.47196 stock
240.852 318.825 29.7684 9.47196 (index)
272.772 318.825 21.6491 9.47196 price
296.652 318.825 16.5465 9.47196 and
315.374 318.825 14.3295 9.47196 the
331.816 318.825 34.4267 9.47196 number
368.418 318.825 8.99786 9.47196 of
379.58 318.825 21.3841 9.47196 units
403.102 318.825 8.99786 9.47196 of
414.264 318.825 23.0703 9.47196 stock
439.466 318.825 29.7675 9.47196 (index)
471.384 318.825 47.2672 9.47196 referenced

56.64 332.141 10.701 9.47196 by
70.6766 332.141 14.2089 9.47196 the
88.3128 332.141 25.2018 9.47196 trade.
116.994 332.141 16.1292 9.47196 The
136.43 332.141 37.102 9.47196 volatility
176.992 332.141 8.99687 9.47196 of
189.348 332.141 14.2089 9.47196 the
206.988 332.141 27.381 9.47196 equity
237.705 332.141 21.6491 9.47196 price
262.785 332.141 15.3573 9.47196 can
281.502 332.141 11.0895 9.47196 be
296.023 332.141 61.3078 9.47196 approximated
360.701 332.141 10.7 9.47196 by
374.861 332.141 14.2089 9.47196 the
392.497 332.141 34.6967 9.47196 product
430.534 332.141 8.99786 9.47196 of
442.892 332.141 14.3295 9.47196 the
460.677 332.141 31.4567 9.47196 current
495.598 332.141 23.0703 9.47196 stock

56.64 345.458 29.7665 9.47196 (index)
91.4363 345.458 21.5295 9.47196 price
117.957 345.458 16.5465 9.47196 and
139.557 345.458 14.3295 9.47196 the
158.877 345.458 32.0901 9.47196 relative
195.957 345.458 36.9815 9.47196 volatility
237.959 345.458 8.99786 9.47196 of
251.998 345.458 14.2089 9.47196 the
271.198 345.458 23.0703 9.47196 stock
299.279 345.458 29.7665 9.47196 (index)
334.075 345.458 23.6421 9.47196 price.
362.876 345.458 16.0087 9.47196 The
383.876 345.458 50.1815 9.47196 supervisory
439.077 345.458 29.6629 9.47196 factors
473.757 345.458 12.4659 9.47196 for
491.276 345.458 27.381 9.47196 equity

56.64 358.774 46.8249 9.47196 derivatives
105.841 358.774 13.7299 9.47196 are
121.922 358.774 27.8571 9.47196 meant
152.044 358.774 9.19607 9.47196 to
163.565 358.774 33.4098 9.47196 capture
199.206 358.774 14.3295 9.47196 the
215.768 358.774 32.0901 9.47196 relative
250.089 358.774 36.9815 9.47196 volatility
289.331 358.774 8.99786 9.47196 of
300.612 358.774 14.2089 9.47196 the
317.053 358.774 23.0703 9.47196 stock
342.374 358.774 29.7684 9.47196 (index)
374.414 358.774 23.8821 9.47196 price,
400.576 358.774 22.9707 9.47196 while
425.779 358.774 14.2089 9.47196 the
442.339 358.774 37.6677 9.47196 adjusted
482.301 358.774 36.3709 9.47196 notional

56.64 371.971 6.6234 9.47196 is
66.597 371.971 12.7368 9.47196 set
82.6744 371.971 24.2506 9.47196 equal
110.272 371.971 9.19607 9.47196 to
122.868 371.971 14.2099 9.47196 the
140.385 371.971 34.7106 9.47196 product
178.436 371.971 9.19706 9.47196 to
191.033 371.971 14.2089 9.47196 the
208.55 371.971 31.3362 9.47196 current
243.227 371.971 23.0703 9.47196 stock
269.624 371.971 29.7684 9.47196 (index)
302.861 371.971 21.5295 9.47196 price
327.698 371.971 16.5465 9.47196 and
347.614 371.971 14.2089 9.47196 the
365.131 371.971 34.4267 9.47196 number
402.928 371.971 8.99786 9.47196 of
415.285 371.971 21.2626 9.47196 units
439.882 371.971 47.0271 9.47196 referenced
490.279 371.971 10.701 9.47196 by
504.316 371.971 14.3295 9.47196 the

56.64 385.288 25.0813 9.47196 trade.

96.3605 404.61 55.0778 9.47196 Aggregation
154.921 404.61 8.99786 9.47196 of
167.401 404.61 27.382 9.47196 equity
198.243 404.61 46.9435 9.47196 derivatives
248.644 404.61 6.6234 9.47196 is
258.724 404.61 22.6092 9.47196 done
284.765 404.61 8.03772 9.47196 in
296.285 404.61 30.1429 9.47196 exactly
329.887 404.61 14.2089 9.47196 the
347.527 404.61 23.0893 9.47196 same
374.167 404.61 33.5871 9.47196 manner
411.248 404.61 9.2628 9.47196 as
423.968 404.61 53.8786 9.47196 aggregation
481.328 404.61 8.99786 9.47196 of
493.809 404.61 24.8572 9.47196 credit

56.64 417.927 48.9624 9.47196 derivatives.
108.24 417.927 6.13636 9.47196 It
117 417.927 6.6234 9.47196 is
126.239 417.927 38.8669 9.47196 assumed
167.759 417.927 17.5366 9.47196 that
187.919 417.927 9.85144 9.47196 all
200.4 417.927 27.2635 9.47196 trades
230.279 417.927 8.03772 9.47196 in
241.079 417.927 5.06964 9.47196 a
248.758 417.927 31.5463 9.47196 netting
282.958 417.927 12.8574 9.47196 set
298.438 417.927 49.9066 9.47196 referencing
350.998 417.927 14.3324 9.47196 the
367.92 417.927 23.0893 9.47196 same
393.719 417.927 24.8602 9.47196 entity
421.198 417.927 28.8491 9.47196 (single
452.637 417.927 24.5285 9.47196 name
479.755 417.927 9.34547 9.47196 or
491.754 417.927 26.888 9.47196 index)

56.64 431.243 13.7289 9.47196 are
72.8399 431.243 27.4776 9.47196 driven
102.84 431.243 10.8215 9.47196 by
116.161 431.243 14.3295 9.47196 the
132.961 431.243 23.2078 9.47196 same
158.64 431.243 27.8412 9.47196 factor,
189 431.243 10.0367 9.47196 so
201.6 431.243 38.9974 9.47196 Equation
243.12 431.243 16.8045 9.47196 (24)
262.443 431.243 6.74292 9.47196 is
271.683 431.243 32.866 9.47196 applied
307.083 431.243 8.4162 9.47196 at
318.123 431.243 10.6771 9.47196 an
331.442 431.243 24.8612 9.47196 entity
358.802 431.243 22.3214 9.47196 level.
383.643 431.243 6.01684 9.47196 It
392.283 431.243 6.6234 9.47196 is
401.403 431.243 30.1061 9.47196 further
434.164 431.243 38.8669 9.47196 assumed
475.564 431.243 17.5356 9.47196 that
495.723 431.243 23.0703 9.47196 stock

56.64 444.56 25.8233 9.47196 prices
85.1993 444.56 16.5465 9.47196 and
104.519 444.56 27.381 9.47196 equity
134.638 444.56 23.7725 9.47196 index
161.159 444.56 27.383 9.47196 values
191.278 444.56 13.7289 9.47196 are
207.717 444.56 27.4786 9.47196 driven
237.957 444.56 10.701 9.47196 by
251.396 444.56 5.06964 9.47196 a
259.195 444.56 25.8492 9.47196 single
287.754 444.56 46.0023 9.47196 systematic
336.474 444.56 25.5464 9.47196 factor
364.793 444.56 18.5973 9.47196 with
386.153 444.56 14.2089 9.47196 the
403.072 444.56 23.2098 9.47196 same
428.992 444.56 47.3976 9.47196 correlation
479.151 444.56 27.383 9.47196 values
509.271 444.56 9.38232 9.47196 as

56.64 457.757 12.4659 9.47196 for
71.8788 457.757 24.8582 9.47196 credit
99.48 457.757 49.2024 9.47196 derivatives:
151.439 457.757 18.9469 9.47196 50%
173.158 457.757 25.8502 9.47196 single
201.718 457.757 28.8232 9.47196 names
233.399 457.757 16.5465 9.47196 and
252.719 457.757 9.19607 9.47196 to
264.717 457.757 18.9479 9.47196 80%
286.437 457.757 12.4659 9.47196 for
301.796 457.757 24.2895 9.47196 those
328.796 457.757 17.5366 9.47196 that
349.196 457.757 13.7289 9.47196 are
365.635 457.757 32.6419 9.47196 indices.
401.156 457.757 22.9209 9.47196 Thus,
426.835 457.757 38.9984 9.47196 Equation
468.595 457.757 16.8045 9.47196 (32)
488.157 457.757 6.6234 9.47196 is
497.516 457.757 21.1062 9.47196 used

56.64 471.073 12.4659 9.47196 for
71.8788 471.073 53.7581 9.47196 aggregation
128.399 471.073 8.99786 9.47196 of
140.159 471.073 27.381 9.47196 equity
170.278 471.073 46.9445 9.47196 derivatives
220.079 471.073 27.5035 9.47196 across
250.318 471.073 34.0821 9.47196 entities.

96.3605 490.395 17.423 9.47196 This
117.117 490.395 29.2784 9.47196 design
149.755 490.395 37.5841 9.47196 captures
190.673 490.395 14.3295 9.47196 the
208.31 490.395 40.4605 9.47196 tendency
252.106 490.395 8.99786 9.47196 of
264.462 490.395 27.2605 9.47196 equity
295.183 490.395 34.9437 9.47196 markets
333.46 490.395 9.19706 9.47196 to
346.058 490.395 24.409 9.47196 move
373.774 490.395 40.2015 9.47196 together,
417.331 490.395 14.8962 9.47196 but
435.568 490.395 23.4239 9.47196 limits
462.445 490.395 14.2089 9.47196 the
479.962 490.395 26.4229 9.47196 ability
509.76 490.395 8.99786 9.47196 of

56.64 503.712 37.4486 9.47196 different
97.5517 503.712 28.8203 9.47196 names
129.829 503.712 9.19607 9.47196 to
142.549 503.712 26.9966 9.47196 offset.
173.146 503.712 20.9289 9.47196 Here
197.506 503.712 26.3024 9.47196 again,
227.285 503.712 5.06964 9.47196 a
235.805 503.712 34.0084 9.47196 balance
273.245 503.712 16.4629 9.47196 was
293.285 503.712 26.3103 9.47196 struck
323.045 503.712 37.7982 9.47196 between
364.325 503.712 51.2273 9.47196 recognising
419.167 503.712 60.8377 9.47196 diversification
483.488 503.712 35.1837 9.47196 benefits

56.64 517.029 16.5436 9.47196 and
75.9554 517.029 36.5811 9.47196 hedging
115.309 517.029 37.3191 9.47196 benefits.

56.64 549.12 15.588 11.412 4.5

96.36 549.12 70.488 11.412 Commodities

56.64 576.348 14.2657 9.47196 For
75.8399 576.348 49.9404 9.47196 commodity
130.681 576.348 49.0819 9.47196 derivatives,
184.682 576.348 14.2099 9.47196 the
203.759 576.348 47.1835 9.47196 arguments
255.84 576.348 18.5973 9.47196 with
279.361 576.348 31.9367 9.47196 respect
316.202 576.348 9.19607 9.47196 to
330.362 576.348 14.2089 9.47196 the
349.444 576.348 37.102 9.47196 volatility
391.446 576.348 8.99687 9.47196 of
405.366 576.348 14.2089 9.47196 the
424.443 576.348 23.1042 9.47196 MTM
452.523 576.348 23.0893 9.47196 value
480.484 576.348 8.99786 9.47196 of
494.404 576.348 24.2267 9.47196 linear

56.64 589.545 40.2215 9.47196 contracts
100.434 589.545 13.8494 9.47196 are
117.834 589.545 28.6659 9.47196 similar
150.114 589.545 9.19706 9.47196 to
162.953 589.545 24.409 9.47196 those
190.911 589.545 20.9867 9.47196 used
215.511 589.545 12.4659 9.47196 for
231.59 589.545 27.381 9.47196 equity
262.551 589.545 46.9435 9.47196 derivatives
313.071 589.545 29.0374 9.47196 above.
345.707 589.545 16.1292 9.47196 The
365.387 589.545 50.061 9.47196 supervisory
419.028 589.545 29.7824 9.47196 factors
452.388 589.545 12.4659 9.47196 for
468.467 589.545 50.1815 9.47196 commodity

56.63 602.862 46.8249 9.47196 derivatives
106.071 602.862 13.8494 9.47196 are
122.511 602.862 27.9766 9.47196 meant
153.111 602.862 9.19706 9.47196 to
164.99 602.862 33.2893 9.47196 capture
200.87 602.862 14.3295 9.47196 the
217.79 602.862 31.9696 9.47196 relative
252.349 602.862 36.9825 9.47196 volatility
292.07 602.862 8.99786 9.47196 of
303.71 602.862 14.2089 9.47196 the
320.509 602.862 50.061 9.47196 commodity
373.189 602.862 23.6421 9.47196 price,
399.468 602.862 22.9698 9.47196 while
425.028 602.862 14.3295 9.47196 the
441.948 602.862 37.6667 9.47196 adjusted
482.268 602.862 36.3709 9.47196 notional

56.63 616.178 6.6234 9.47196 is
66.347 616.178 33.3431 9.47196 defined
102.941 616.178 9.2628 9.47196 as
115.419 616.178 14.3295 9.47196 the
132.816 616.178 34.6947 9.47196 product
170.732 616.178 8.99786 9.47196 of
182.847 616.178 14.2059 9.47196 the
200.244 616.178 31.4507 9.47196 current
234.796 616.178 17.174 9.47196 unit
255.103 616.178 21.6491 9.47196 price
279.942 616.178 14.0257 9.47196 (eg
297.222 616.178 16.7288 9.47196 one
317.018 616.178 25.5703 9.47196 barrel
345.696 616.178 8.99687 9.47196 of
357.813 616.178 13.688 9.47196 oil)
374.732 616.178 8.99687 9.47196 of
386.849 616.178 14.3295 9.47196 the
404.246 616.178 50.061 9.47196 commodity
457.405 616.178 47.1457 9.47196 referenced
507.802 616.178 10.8205 9.47196 by

56.6201 629.495 14.2089 9.47196 the
73.5381 629.495 23.0893 9.47196 trade
99.3365 629.495 16.6671 9.47196 and
118.775 629.495 14.2099 9.47196 the
135.695 629.495 34.5453 9.47196 number
173.013 629.495 9.11738 9.47196 of
184.892 629.495 21.2626 9.47196 units
208.891 629.495 47.1447 9.47196 referenced
258.808 629.495 10.7 9.47196 by
272.247 629.495 14.3295 9.47196 the
289.286 629.495 25.2008 9.47196 trade.

96.3406 648.817 6.4242 9.47196 A
106.058 648.817 49.9424 9.47196 commodity
159.216 648.817 36.7076 9.47196 hedging
199.174 648.817 12.8574 9.47196 set
215.251 648.817 6.74292 9.47196 is
225.208 648.817 38.9874 9.47196 specified
267.446 648.817 9.38332 9.47196 as
280.044 648.817 9.85044 9.47196 all
293.245 648.817 27.2635 9.47196 trades
323.722 648.817 8.99687 9.47196 of
336.082 648.817 5.06964 9.47196 a
344.36 648.817 31.5463 9.47196 netting
379.157 648.817 12.8564 9.47196 set
395.234 648.817 50.0281 9.47196 referencing
448.513 648.817 14.3295 9.47196 the
466.03 648.817 23.2098 9.47196 same
492.428 648.817 26.147 9.47196 broad

56.6201 662.133 38.3002 9.47196 category
100.299 662.133 8.99786 9.47196 of
114.695 662.133 52.0818 9.47196 commodity:
172.175 662.133 32.3979 9.47196 energy,
209.971 662.133 31.0812 9.47196 metals,
246.451 662.133 51.7283 9.47196 agricultural,
303.698 662.133 9.34248 9.47196 or
318.333 662.133 23.5026 9.47196 other
347.253 662.133 52.0818 9.47196 commodity.
404.732 662.133 56.512 9.47196 Single-factor
466.656 662.133 32.9029 9.47196 subsets
504.935 662.133 13.7289 9.47196 are

56.6201 675.33 38.9884 9.47196 specified
99.3415 675.33 9.2638 9.47196 as
112.422 675.33 5.06964 9.47196 a
121.182 675.33 32.6827 9.47196 specific
157.543 675.33 50.061 9.47196 commodity
211.423 675.33 21.4817 9.47196 type:
236.744 675.33 44.0431 9.47196 electricity,
284.626 675.33 12.8414 9.47196 oil,
301.306 675.33 17.2816 9.47196 gas,
322.307 675.33 27.4816 9.47196 nickel,
353.627 675.33 21.7218 9.47196 corn.
379.068 675.33 55.3178 9.47196 Aggregation
438.109 675.33 26.7585 9.47196 within
468.591 675.33 50.061 9.47196 commodity

56.6201 688.647 23.5434 9.47196 types
82.78 688.647 6.6234 9.47196 is
92.0199 688.647 22.7287 9.47196 done
117.339 688.647 12.2697 9.47196 via
132.218 688.647 38.9974 9.47196 Equation
173.859 688.647 19.0834 9.47196 (24).
195.581 688.647 33.5204 9.47196 Specific
231.82 688.647 50.061 9.47196 commodity
284.5 688.647 23.5434 9.47196 types
310.66 688.647 13.8494 9.47196 are
327.1 688.647 50.9872 9.47196 aggregated
380.74 688.647 9.19607 9.47196 to
392.62 688.647 5.06964 9.47196 a
400.42 688.647 36.5871 9.47196 hedging
439.66 688.647 12.8564 9.47196 set
455.14 688.647 20.0495 9.47196 level
477.819 688.647 23.8662 9.47196 using
504.342 688.647 14.3295 9.47196 the

56.6201 701.964 23.0893 9.47196 same
82.2999 701.964 55.4334 9.47196 single-factor
140.387 701.964 27.9707 9.47196 model
170.987 701.964 17.4171 9.47196 that
191.026 701.964 6.6234 9.47196 is
200.266 701.964 20.9867 9.47196 used
223.906 701.964 12.4669 9.47196 for
239.026 701.964 24.8572 9.47196 credit
266.505 701.964 16.5465 9.47196 and
285.705 701.964 27.381 9.47196 equity
315.706 701.964 49.0839 9.47196 derivatives,
367.427 701.964 14.8962 9.47196 but
384.947 701.964 18.5983 9.47196 with
406.186 701.964 14.3295 9.47196 the
423.106 701.964 47.3986 9.47196 correlation
473.146 701.964 45.4664 9.47196 parameter

56.63 715.28 12.7368 9.47196 set
71.8698 715.28 9.19706 9.47196 to
83.5111 715.28 18.9479 9.47196 40%
104.872 715.28 12.4659 9.47196 for
119.753 715.28 9.85044 9.47196 all
132.113 715.28 50.1815 9.47196 commodity
184.674 715.28 25.6819 9.47196 types.
212.875 715.28 17.5435 9.47196 This
232.796 715.28 28.7037 9.47196 results
263.877 715.28 8.03772 9.47196 in
274.318 715.28 14.3285 9.47196 the
290.997 715.28 15.1691 9.47196 use
308.516 715.28 8.99786 9.47196 of
319.913 715.28 38.9974 9.47196 Equation
361.436 715.28 18.9638 9.47196 (32),
382.799 715.28 14.8972 9.47196 but
400.08 715.28 52.0679 9.47196 interpreting
458.701 714.416 3.23592 11.628 j
466.8 715.308 9.2628 9.47196 as
478.563 715.308 5.06964 9.47196 a
486.003 715.308 32.6788 9.47196 specific

56.6376 732.23 50.061 9.47196 commodity
109.438 732.23 19.3692 9.47196 type
131.517 732.23 18.5973 9.47196 with
163.56 737.845 1.92863 6.61624 j

170.759 732.228 12.7368 9.47196 set
186.238 732.228 9.31658 9.47196 to
198.357 732.228 18.9479 9.47196 40%
220.077 732.228 12.4659 9.47196 for
235.316 732.228 9.85144 9.47196 all
251.921 731.366 3.2526 11.628 j
257.64 732.228 2.16132 9.47196 .

76.56 795.948 40.9994 7.18956 Foundations
119.635 795.948 6.804 7.18956 of
128.515 795.948 10.674 7.18956 the
141.237 795.948 42.373 7.18956 standardised
185.639 795.948 31.1548 7.18956 approach
218.875 795.948 9.35096 7.18956 for
230.275 795.948 34.813 7.18956 measuring
267.117 795.948 42.4146 7.18956 counterparty
311.513 795.948 18.7639 7.18956 credit
332.276 795.948 11.436 7.18956 risk
345.72 795.948 33.3215 7.18956 exposures

530.64 796.068 8.15724 7.18956 11

76.56 76.092 10.6002 13.352 5.

116.279 76.092 59.2263 13.352 Multiplier

76.56 111.228 25.6908 9.47196 Recall
105.84 111.228 17.4171 9.47196 that
126.841 111.228 5.06964 9.47196 a
135.48 111.228 72.6124 9.47196 netting-set-level
211.682 111.228 32.2794 9.47196 add-on
247.562 111.228 6.6224 9.47196 is
257.762 111.228 10.6771 9.47196 an
272.159 111.228 37.4884 9.47196 estimate
313.319 111.228 8.99687 9.47196 of
325.917 111.228 14.2059 9.47196 the
343.673 111.228 31.5403 9.47196 netting
378.827 111.228 12.8564 9.47196 set
395.267 111.228 15.4798 9.47196 PFE
414.347 111.228 25.901 9.47196 under
443.862 111.228 14.2069 9.47196 the
461.62 111.228 18.1013 9.47196 four
483.334 111.228 55.2182 9.47196 assumptions

76.56 124.545 27.1071 9.47196 stated
106.798 124.545 8.03772 9.47196 in
117.955 124.545 32.3979 9.47196 Section
153.473 124.545 12.9291 9.47196 2.1
169.552 124.545 8.99786 9.47196 of
181.67 124.545 15.6233 9.47196 this
200.388 124.545 27.6012 9.47196 paper:
231.105 124.545 31.4567 9.47196 current
265.664 124.545 23.1042 9.47196 MTM
291.941 124.545 16.5465 9.47196 and
311.619 124.545 39.9715 9.47196 collateral
354.698 124.545 13.7299 9.47196 are
371.619 124.545 24.1301 9.47196 equal
398.857 124.545 9.19607 9.47196 to
411.214 124.545 21.2407 9.47196 zero;
435.571 124.545 22.8492 9.47196 there
461.489 124.545 13.8494 9.47196 are
478.407 124.545 11.4759 9.47196 no
493.044 124.545 19.4369 9.47196 cash
515.602 124.545 22.9429 9.47196 flows

76.56 137.861 26.635 9.47196 within
106.556 137.861 14.2059 9.47196 the
124.069 137.861 35.6359 9.47196 horizon;
162.942 137.861 23.2237 9.47196 MTM
189.46 137.861 31.2216 9.47196 follows
223.895 137.861 41.4465 9.47196 zero-drift
268.563 137.861 41.1577 9.47196 Brownian
313.083 137.861 33.8431 9.47196 motion.
350.285 137.861 13.2179 9.47196 Let
366.843 137.861 9.86339 9.47196 us
380.04 137.861 36.8958 9.47196 examine
420.124 137.861 21.3762 9.47196 what
444.721 137.861 26.9866 9.47196 would
475.079 137.861 33.358 9.47196 happen
511.799 137.861 9.19706 9.47196 to
524.276 137.861 14.3285 9.47196 the

76.57 151.178 31.5413 9.47196 netting
111.123 151.178 12.8564 9.47196 set
127.083 151.178 15.4798 9.47196 PFE
145.561 151.178 23.7586 9.47196 when
172.439 151.178 14.2069 9.47196 the
189.716 151.178 16.694 9.47196 first
209.392 151.178 16.3971 9.47196 two
228.953 151.178 55.2172 9.47196 assumptions
287.268 151.178 13.7289 9.47196 are
304.065 151.178 34.0821 9.47196 relaxed,
341.268 151.178 10.0367 9.47196 so
354.345 151.178 17.5326 9.47196 that
374.86 151.178 40.3041 9.47196 non-zero
418.205 151.178 31.5762 9.47196 current
452.763 151.178 23.1042 9.47196 MTM
479.044 151.178 16.5465 9.47196 and
498.724 151.178 39.9705 9.47196 collateral

76.57 164.375 13.7289 9.47196 are
93.0079 164.375 36.2405 9.47196 allowed.

116.28 183.708 13.2179 9.47196 Let
132.718 183.708 9.86339 9.47196 us
145.919 183.708 37.3062 9.47196 consider
186.476 183.708 5.06964 9.47196 a
194.876 183.708 42.1069 9.47196 margined
240.354 183.708 31.4268 9.47196 netting
275.154 183.708 15.0018 9.47196 set.
293.392 183.708 43.322 9.47196 Generally,
339.95 183.708 10.0795 9.47196 EE
353.266 183.708 9.11838 9.47196 of
365.624 183.708 5.06964 9.47196 a
373.901 183.708 42.1069 9.47196 margined
419.258 183.708 31.6658 9.47196 netting
454.175 183.708 12.8564 9.47196 set
470.252 183.708 6.6234 9.47196 is
480.212 183.708 58.3078 9.47196 characterised

76.5595 197.025 10.701 9.47196 by
89.9985 197.025 5.06964 9.47196 a
97.7982 197.025 13.5705 9.47196 full
114.118 197.025 20.7019 9.47196 term
137.642 197.025 39.0492 9.47196 structure
179.52 197.025 44.3867 9.47196 calculated
226.681 197.025 21.0554 9.47196 from
248.28 195.984 3.49272 6.16248 9

294.737 215.08 3.96343 14.6792 [

392.33 215.08 3.96343 14.6792 ]

240.803 215.532 19.5477 6.58794 margin

225.433 217.515 14.7295 11.3954 EE

261.924 217.515 4.01911 11.3954 (
270.034 217.515 4.01911 11.3954 )
286.504 217.515 7.3744 11.3954 E
299.359 217.515 26.3487 11.3954 max{
333.493 217.515 4.01911 11.3954 (
341.603 217.515 4.01911 11.3954 )

365.553 217.515 4.01911 11.3954 (
373.663 217.515 19.1191 11.3954 ),0}

265.884 217.515 3.35529 11.3954 t

324.251 217.515 7.3744 11.3954 V
337.452 217.515 3.35529 11.3954 t
356.687 217.515 8.05029 11.3954 C
369.517 217.515 3.35529 11.3954 t

219.135 217.068 57.8124 10.8192 =

521.881 218.148 16.8025 9.47196 (33)

76.5492 242.51 26.8093 9.47196 where
115.847 241.171 3.87945 12.0277 (
123.676 241.171 3.87945 12.0277 )

106.927 241.171 7.11815 12.0277 V
119.673 241.171 3.2387 12.0277 t
132.239 242.508 6.6234 9.47196 is
141.598 242.508 14.3295 9.47196 the
158.637 242.508 23.1052 9.47196 MTM
184.557 242.508 23.3293 9.47196 value
210.596 242.508 8.99786 9.47196 of
222.477 242.508 14.2089 9.47196 the
239.396 242.508 31.6668 9.47196 netting
273.835 242.508 12.8564 9.47196 set
289.556 242.508 8.4162 9.47196 at
300.714 242.508 19.7298 9.47196 time
324.592 240.932 2.85942 12.3547 t
332.039 242.508 16.5465 9.47196 and
361.49 241.171 3.87113 12.0277 (
369.302 241.171 3.87113 12.0277 )

352.952 241.171 7.75387 12.0277 C
365.304 241.171 3.23175 12.0277 t
377.519 242.508 6.6234 9.47196 is
386.878 242.508 14.3295 9.47196 the
404.038 242.508 39.9715 9.47196 collateral
446.759 242.508 38.4516 9.47196 available
488.041 242.508 9.31658 9.47196 to
500.16 242.508 14.2089 9.47196 the
517.079 242.508 21.6301 9.47196 bank

76.5576 258.344 8.4162 9.47196 at
88.3144 258.344 19.7288 9.47196 time
112.792 256.778 2.85942 12.3063 t
117.48 258.348 2.16132 9.47196 .
122.998 258.348 16.0067 9.47196 The
142.433 258.348 34.0493 9.47196 SA-CCR
179.882 258.348 21.2636 9.47196 does
204.603 258.348 14.8962 9.47196 not
222.84 258.348 34.9377 9.47196 attempt
261.117 258.348 9.19607 9.47196 to
273.837 258.348 27.9707 9.47196 model
305.154 258.348 39.9725 9.47196 collateral
348.593 258.348 41.3041 9.47196 dynamics
393.35 258.348 35.5174 9.47196 through
432.35 258.348 19.7298 9.47196 time
455.388 258.348 16.5465 9.47196 and
475.424 258.348 28.3412 9.47196 simply
507.222 258.348 22.9439 9.47196 takes
533.498 258.348 5.06964 9.47196 a

76.5643 272.153 25.8492 9.47196 single
104.885 272.153 23.1779 9.47196 point

148.456 271.685 25.28 11.1296 MPR

132.188 271.685 3.31423 11.1296 t
139.018 271.249 6.54501 10.5668 =

178.92 272.148 21.0525 9.47196 from
202.436 272.148 14.3275 9.47196 the
219.354 272.148 10.0795 9.47196 EE
231.954 272.148 28.4866 9.47196 profile
262.912 272.148 9.38332 9.47196 as
274.792 272.148 14.3285 9.47196 the
291.712 272.148 37.4855 9.47196 measure
331.668 272.148 8.99786 9.47196 of
343.307 272.148 42.2394 9.47196 exposure.
388.066 272.148 57.1176 9.47196 Furthermore,
447.824 272.148 14.2059 9.47196 the
464.62 272.148 34.0453 9.47196 SA-CCR
501.349 272.148 37.2225 9.47196 assumes

76.561 285.953 17.4171 9.47196 that
97.4411 285.953 39.9715 9.47196 collateral
140.883 285.953 6.6234 9.47196 is
150.963 285.953 14.8932 9.47196 not
169.439 285.953 47.7423 9.47196 exchanged
220.674 285.953 28.9009 9.47196 during
253.068 285.953 14.3295 9.47196 the
270.829 285.953 22.6809 9.47196 MPR,
296.99 285.953 10.0367 9.47196 so
310.549 285.953 18.8583 9.47196 only
332.867 285.953 40.6876 9.47196 non-cash
377.157 285.953 39.851 9.47196 collateral
420.597 285.953 15.2378 9.47196 can
439.438 285.953 32.0891 9.47196 change
474.957 285.953 23.2098 9.47196 value
501.598 285.953 19.3065 9.47196 over
524.398 285.953 14.2089 9.47196 the

76.561 299.269 20.4758 9.47196 MPR
100.681 299.269 16.7298 9.47196 due
120.962 299.269 9.19607 9.47196 to
133.802 299.269 36.9815 9.47196 volatility
174.363 299.269 8.99786 9.47196 of
186.964 299.269 14.3295 9.47196 the
204.844 299.269 39.9705 9.47196 collateral
248.405 299.269 24.3612 9.47196 asset.
276.365 299.269 16.1292 9.47196 The
296.045 299.269 36.9825 9.47196 volatility
336.608 299.269 8.99786 9.47196 of
349.208 299.269 40.7902 9.47196 non-cash
393.601 299.269 39.9715 9.47196 collateral
437.162 299.269 6.74292 9.47196 is
447.482 299.269 14.8962 9.47196 not
465.962 299.269 41.3878 9.47196 modelled
511.084 299.269 27.4826 9.47196 either:

76.561 314.627 33.9616 9.47196 instead,
112.922 314.627 5.06964 9.47196 a
120.482 314.627 30.2575 9.47196 haircut
153.122 314.627 6.6234 9.47196 is
162.244 314.627 32.7465 9.47196 applied
197.524 314.627 9.19607 9.47196 to
209.164 314.627 14.2089 9.47196 the
225.725 314.627 31.5762 9.47196 current
259.686 314.627 39.9715 9.47196 collateral
302.047 314.627 23.3293 9.47196 value
337.737 319.869 17.2069 6.98387 MTM

329.397 313.174 8.28 12.0802 C

360.24 314.628 9.19706 9.47196 to
371.881 314.628 28.1978 9.47196 obtain
402.481 314.628 5.06964 9.47196 a
409.921 314.628 57.0429 9.47196 deterministic
469.442 314.628 69.2608 9.47196 cash-equivalent

76.5696 333.353 23.0893 9.47196 value
114.041 338.569 8.82247 6.98387 CE
124.27 331.874 34.2859 12.0802 (MPR)

106.136 331.874 7.9397 12.0802 C

160.2 333.348 2.16132 9.47196 ,
167.281 333.348 9.2628 9.47196 as
181.441 333.348 42.826 9.47196 described
229.201 333.348 10.7 9.47196 by
244.801 333.348 38.9974 9.47196 Equation
288.724 333.348 13.5576 9.47196 (3).
307.321 333.348 22.916 9.47196 Thus,
335.157 333.348 14.2059 9.47196 the
354.354 333.348 34.0393 9.47196 SA-CCR
393.358 333.348 26.4159 9.47196 target
424.797 333.348 37.4884 9.47196 measure
467.156 333.348 8.99786 9.47196 of
481.076 333.348 40.2494 9.47196 exposure
526.196 333.348 12.4659 9.47196 for

76.5659 350.031 42.1069 9.47196 margined
121.446 350.031 31.6668 9.47196 netting
155.885 350.031 17.0635 9.47196 sets
175.684 350.031 6.6234 9.47196 is

278.846 368.08 3.94775 14.6792 [

430.615 368.08 3.94775 14.6792 ]

202.584 368.532 19.4704 6.58794 margin

371.073 376.833 8.9099 6.58794 CE

187.276 370.515 14.6712 11.3954 EE

223.622 370.515 34.6258 11.3954 (MPR)
270.649 370.515 7.3452 11.3954 E
283.453 370.515 26.2444 11.3954 max{
317.452 370.515 34.6258 11.3954 (MPR)

381.416 370.515 49.6648 11.3954 (MPR),0}

308.249 370.515 7.3452 11.3954 V

363.098 370.515 8.01841 11.3954 C

181.012 370.068 80.124 10.8192 =

521.874 371.148 16.8025 9.47196 (34)

116.263 394.913 26.9866 9.47196 Under
146.023 394.913 14.3295 9.47196 the
163.062 394.913 50.9982 9.47196 assumption
216.822 394.913 17.5376 9.47196 that
237.101 394.913 5.06964 9.47196 a
244.901 394.913 31.5463 9.47196 netting
279.22 394.913 19.3433 9.47196 sets
301.299 394.913 23.1042 9.47196 MTM
327.219 394.913 31.2246 9.47196 follows
361.299 394.913 5.06964 9.47196 a
369.099 394.913 34.3431 9.47196 driftless
406.178 394.913 41.0382 9.47196 Brownian
450.099 394.913 33.9616 9.47196 motion,
486.818 394.913 14.2099 9.47196 the
503.738 394.913 23.2088 9.47196 value
529.657 394.913 8.99786 9.47196 of

76.543 408.11 14.2089 9.47196 the
93.461 408.11 23.1042 9.47196 MTM
119.38 408.11 8.53572 9.47196 at
130.659 408.11 14.2089 9.47196 the
147.577 408.11 20.5963 9.47196 MPR
170.976 408.11 15.3573 9.47196 can
189.095 408.11 11.0895 9.47196 be
202.894 408.11 42.826 9.47196 described
248.492 408.11 12.2697 9.47196 via

247.385 429.736 34.3873 11.475 (MPR)

321.696 429.736 14.0484 11.475 (0)
344.144 429.736 25.3162 11.475 MPR

238.239 429.736 7.29461 11.475 V

292.959 429.736 7.29461 11.475 V

373.67 429.736 6.63797 11.475 Y

278.029 429.286 6.60216 10.8947 =

304.342 429.286 6.5544 10.8947 +

521.875 430.428 16.8025 9.47196 (35)

76.5438 452.151 26.8093 9.47196 where

124.864 451.928 3.54851 10.659 )

119.535 451.928 5.3281 10.659 0

115.872 451.928 3.54851 10.659 (

133.197 452.148 6.6234 9.47196 is
143.034 452.148 14.3295 9.47196 the
160.551 452.148 37.102 9.47196 volatility
200.869 452.148 8.99786 9.47196 of
213.106 452.148 14.3295 9.47196 the
230.624 452.148 31.5473 9.47196 netting
265.541 452.148 12.8564 9.47196 set
281.619 452.148 23.2237 9.47196 MTM
308.135 452.148 23.2098 9.47196 value
334.533 452.148 8.53672 9.47196 at
346.411 452.148 19.6092 9.47196 time
369.208 452.148 5.36844 9.47196 0
377.994 452.148 10.6074 9.47196 (ie
391.912 452.148 39.1079 9.47196 counting
434.271 452.148 9.97096 9.47196 all
447.469 452.148 27.384 9.47196 trades
478.066 452.148 8.15824 9.47196 in
489.464 452.148 14.3295 9.47196 the
506.982 452.148 31.6668 9.47196 netting

76.5545 468.711 15.7278 9.47196 set)
97.6697 468.711 16.5465 9.47196 and
120.797 467.395 6.82362 12.1199 Y
136.199 468.708 6.6234 9.47196 is
148.078 468.708 5.06964 9.47196 a
158.397 468.708 38.6269 9.47196 standard
202.316 468.708 31.0911 9.47196 normal
238.676 468.708 34.616 9.47196 random
278.515 468.708 36.601 9.47196 variable.
315.72 467.664 6.97248 6.16248 10
327.959 468.708 53.1466 9.47196 Substituting
386.397 468.708 38.9984 9.47196 Equation
430.677 468.708 16.8045 9.47196 (35)
452.758 468.708 17.3563 9.47196 into
475.437 468.708 38.8779 9.47196 Equation
519.599 468.708 18.9638 9.47196 (34),

76.5584 482.025 47.1477 9.47196 calculating
126.478 482.025 14.3295 9.47196 the
143.518 482.025 51.3597 9.47196 expectation
197.639 482.025 48.1446 9.47196 analytically
248.522 482.025 28.7027 9.47196 results
279.961 482.025 10.202 9.47196 in:

261.127 509.407 3.92597 14.9787 [

337.59 509.407 3.92597 14.9787 ]

194.19 509.868 19.3628 6.72244 margin

390.548 510.649 8.86067 6.72244 CE

292.509 518.337 8.86067 6.72244 CE

366.637 550.399 8.86067 6.72244 CE

400.822 504.204 34.4346 11.628 (MPR)

178.965 511.891 14.5901 11.628 EE

215.111 511.891 34.4346 11.628 (MPR)

302.788 511.891 34.4346 11.628 (MPR)

378.873 522.204 14.0677 11.628 (0)
401.351 522.204 25.3462 11.628 MPR

376.911 543.954 34.4346 11.628 (MPR)

270.715 551.641 14.0677 11.628 (0)
293.193 551.641 25.3462 11.628 MPR

354.962 561.954 14.0677 11.628 (0)
377.44 561.954 25.3462 11.628 MPR

362.621 504.204 7.30463 11.628 V
382.61 504.204 7.97412 11.628 C

264.582 511.891 7.30463 11.628 V
284.571 511.891 7.97412 11.628 C

338.71 543.954 7.30463 11.628 V
358.7 543.954 7.97412 11.628 C

252.409 511.436 53.2006 11.04 =

255.397 551.185 6.5634 11.04 +

521.878 532.668 16.8025 9.47196 (36)

76.5462 586.064 26.8093 9.47196 where
116.998 584.731 3.87113 12.064 (
123.171 584.731 3.87113 12.064 )

132.119 586.068 6.6234 9.47196 is
141.478 586.068 14.2089 9.47196 the
158.397 586.068 38.7474 9.47196 standard
199.917 586.068 30.9716 9.47196 normal
233.759 586.068 47.811 9.47196 cumulative
284.279 586.068 50.7582 9.47196 distribution
337.918 586.068 38.4018 9.47196 function.
379.078 586.068 16.1292 9.47196 The
398.038 586.068 42.1079 9.47196 margined
442.918 586.068 32.4069 9.47196 add-on
478.084 586.068 8.03772 9.47196 in
488.88 586.068 14.2059 9.47196 the
505.795 586.068 21.173 9.47196 form
529.671 586.068 8.99786 9.47196 of

76.562 603.827 38.8749 9.47196 Equation
118.205 603.827 16.8045 9.47196 (17)
137.766 603.827 6.74292 9.47196 is
147.245 603.827 39.346 9.47196 obtained
189.364 603.827 21.173 9.47196 from
213.24 603.827 38.9944 9.47196 Equation
254.993 603.827 16.8045 9.47196 (36)
274.567 603.827 10.701 9.47196 by
288.006 603.827 30.1081 9.47196 setting

349.947 609.069 8.94592 6.98387 CE
360.32 602.374 34.7658 12.0801 (MPR)
407.347 602.374 6.0351 12.0801 0

321.755 602.374 7.37489 12.0801 V
341.937 602.374 8.05082 12.0801 C

397.979 601.9 64.7204 11.4693 =
415.56 603.828 2.16132 9.47196 :

266.909 626.992 19.3995 6.72244 margin

266.816 635.461 26.7196 6.72244 aggregate

231.069 629.016 34.9982 11.628 AddOn

314.353 629.016 14.0956 11.628 (0)
340.056 629.016 14.0944 11.628 (0)
362.577 629.016 25.3943 11.628 MPR

297.571 628.559 6.57587 11.04 =

116.277 653.623 10.9968 9.47196 To
130.315 653.623 28.1968 9.47196 obtain
161.509 653.623 14.2059 9.47196 the
178.664 653.623 17.6412 9.47196 PFE,
199.304 653.623 16.7258 9.47196 one
218.979 653.623 26.3034 9.47196 needs
248.257 653.623 9.19607 9.47196 to
260.495 653.623 35.5373 9.47196 subtract
299.014 653.623 14.3285 9.47196 the
316.292 653.623 31.4567 9.47196 current
350.73 653.623 54.7372 9.47196 replacement
408.45 653.623 18.0166 9.47196 cost
429.447 653.623 21.176 9.47196 from
453.566 653.623 14.2089 9.47196 the
470.725 653.623 47.1795 9.47196 right-hand
520.916 653.623 17.689 9.47196 side

76.5665 666.82 8.99786 9.47196 of
88.8013 666.82 38.8749 9.47196 Equation
130.928 666.82 18.9638 9.47196 (36).
153.129 666.82 40.9227 9.47196 However,
197.289 666.82 14.2069 9.47196 the
214.684 666.82 34.0463 9.47196 SA-CCR
252.011 666.82 21.1421 9.47196 does
276.367 666.82 14.8962 9.47196 not
294.484 666.82 18.2895 9.47196 give
315.961 666.82 15.4998 9.47196 any
334.678 666.82 24.9757 9.47196 credit
362.875 666.82 9.19706 9.47196 to
375.353 666.82 15.4798 9.47196 PFE
394.069 666.82 41.9973 9.47196 reduction
439.426 666.82 23.6371 9.47196 when
466.303 666.82 14.2089 9.47196 the
483.699 666.82 54.8537 9.47196 replacement

76.5764 682.178 18.0166 9.47196 cost
107.177 682.178 6.6234 9.47196 is
126.376 682.178 34.2504 9.47196 positive
173.176 682.178 10.6074 9.47196 (ie

219.69 679.574 19.5077 6.57118 margin

289.1 679.574 19.5077 6.57118 margin

289.002 687.854 26.8686 6.57118 aggregate

198.329 681.552 20.7215 11.3664 PFE

253.063 681.552 35.1919 11.3664 AddOn

243.533 681.106 6.61249 10.7916 =

330.479 682.188 42.3449 9.47196 whenever

414.397 687.419 8.94592 6.98387 CE
424.769 680.724 34.7658 12.0801 (MPR)
471.609 680.724 6.0351 12.0801 0

386.205 680.724 7.37489 12.0801 V
406.387 680.724 8.05082 12.0801 C

480 682.188 5.15928 9.47196 ).
497.758 682.188 14.2657 9.47196 For
524.637 682.188 14.0894 9.47196 the

105.497 707.219 8.94592 6.98387 CE
115.87 700.524 34.7658 12.0801 (MPR)
162.709 700.524 6.0351 12.0801 0

77.3053 700.524 7.37489 12.0801 V
97.4867 700.524 8.05082 12.0801 C

153.34 700.05 6.62654 11.4693 <
173.998 701.988 21.2417 9.47196 case,
198.119 701.988 38.9954 9.47196 Equation
239.992 701.988 16.8045 9.47196 (36)
259.674 701.988 40.8231 9.47196 produces
303.353 701.988 14.3285 9.47196 the
320.51 701.988 15.4798 9.47196 PFE
338.868 701.988 35.9287 9.47196 because
377.747 701.988 14.2089 9.47196 the
394.906 701.988 31.4557 9.47196 current
429.224 701.988 54.8567 9.47196 replacement
486.943 701.988 18.1362 9.47196 cost
507.941 701.988 6.6234 9.47196 is
517.42 701.988 21.3602 9.47196 zero.

76.56 739.752 2.71656 4.79304 9

96.3648 740.652 14.4648 7.64604 See,
113.048 740.652 9.99774 7.64604 for
125.171 740.652 31.3857 7.64604 example,
158.652 740.652 26.1525 7.64604 Pykhtin
186.976 740.652 23.8249 7.64604 (2010).

76.56 756.432 5.47848 4.79304 10

96.359 757.332 12.7217 7.64604 See
111.235 757.332 26.0311 7.64604 Section
139.438 757.332 6.0694 7.64604 2.

57.12 796.068 8.15724 7.18956 12

216.84 796.068 40.9994 7.18956 Foundations
259.915 796.068 6.804 7.18956 of
268.795 796.068 10.674 7.18956 the
281.517 796.068 42.373 7.18956 standardised
325.919 796.068 31.1548 7.18956 approach
359.155 796.068 9.35096 7.18956 for
370.555 796.068 34.813 7.18956 measuring
407.397 796.068 42.4146 7.18956 counterparty
451.793 796.068 18.7639 7.18956 credit
472.556 796.068 11.436 7.18956 risk
485.996 796.068 33.3199 7.18956 exposures

56.64 74.628 10.9968 9.47196 To
70.3191 74.628 27.0484 9.47196 derive
99.957 74.628 14.3295 9.47196 the
116.876 74.628 34.1598 9.47196 SA-CCR
153.719 74.628 44.0401 9.47196 multiplier,
200.398 74.628 12.5297 9.47196 we
215.517 74.628 21.9459 9.47196 need
240.236 74.628 9.19706 9.47196 to
252.115 74.628 32.9019 9.47196 express
287.633 74.628 14.3295 9.47196 the
304.552 74.628 15.4798 9.47196 PFE
322.792 74.628 8.03772 9.47196 in
333.472 74.628 24.9827 9.47196 terms
361.071 74.628 8.99786 9.47196 of
372.712 74.628 32.4128 9.47196 add-on
407.766 74.628 26.2665 9.47196 rather
436.686 74.628 19.7975 9.47196 than
459.125 74.628 39.2424 9.47196 volatility.
501.126 74.628 17.5425 9.47196 This

56.65 88.6716 6.6234 9.47196 is
66.4875 88.6716 24.2606 9.47196 easily
93.9641 88.6716 38.8669 9.47196 achieved
136.082 88.6716 10.8205 9.47196 by
150.12 88.6716 23.8662 9.47196 using
177.365 88.6716 38.8749 9.47196 Equation
219.606 88.6716 16.8045 9.47196 (17)
239.645 88.6716 9.19706 9.47196 to
252.122 88.6716 32.9039 9.47196 express
298.589 87.3306 14.2833 12.064 (0)

317.877 88.668 8.03772 9.47196 in
329.274 88.668 24.8631 9.47196 terms
357.351 88.668 8.99786 9.47196 of
369.712 88.668 14.2089 9.47196 the
387.232 88.668 42.2264 9.47196 margined
432.71 88.668 32.4098 9.47196 add-on
468.359 88.668 8.03772 9.47196 in
479.636 88.668 38.9974 9.47196 Equation

56.6362 104.385 18.9638 9.47196 (36):

214.122 133.713 3.95261 15.1035 [

291.109 133.713 3.95261 15.1035 ]

181.524 134.178 19.4942 6.77845 margin

369.626 134.968 8.9208 6.77845 CE

245.723 142.719 8.9208 6.77845 CE

382.666 143.761 19.4942 6.77845 margin

382.569 152.303 26.8501 6.77845 aggregate

253.523 167.426 19.4942 6.77845 margin

253.426 175.968 26.8501 6.77845 aggregate

355.389 177.388 8.9208 6.77845 CE

368.429 186.181 19.4942 6.77845 margin

368.332 194.722 26.8501 6.77845 aggregate

379.967 128.467 34.6684 11.7249 (MPR)

160.182 136.223 20.7014 11.7249 PFE

256.064 136.223 34.6576 11.7249 (MPR)

325.142 136.223 14.1632 11.7249 (0)

346.65 145.806 35.1692 11.7249 AddOn

217.512 169.474 35.1692 11.7249 AddOn

365.74 170.889 34.6684 11.7249 (MPR)

310.914 178.646 14.1632 11.7249 (0)

246.062 188.229 14.1632 11.7249 (0)

332.411 188.229 35.1692 11.7249 AddOn

341.499 128.479 7.35424 11.7249 V
361.624 128.479 8.02828 11.7249 C

217.596 136.235 7.35424 11.7249 V
237.721 136.235 8.02828 11.7249 C

327.272 170.901 7.35424 11.7249 V
347.397 170.901 8.02828 11.7249 C

196.522 135.762 8.82268 11.132 =

208.365 178.184 6.60798 11.132 +

501.963 158.748 16.8025 9.47196 (37)

56.6318 216.466 26.8073 9.47196 where
86.1483 216.466 38.9934 9.47196 Equation
127.901 216.466 16.8045 9.47196 (37)
147.467 216.466 6.6234 9.47196 is
156.826 216.466 20.6272 9.47196 valid
180.347 216.466 18.7407 9.47196 only
201.826 216.466 12.4669 9.47196 for
217.066 216.466 14.2089 9.47196 the

263.062 221.699 8.95067 7.00258 CE
273.44 214.985 34.7842 12.1125 (MPR)
320.305 214.985 6.0383 12.1125 0

234.856 214.985 7.3788 12.1125 V
255.048 214.985 8.05509 12.1125 C

310.931 214.51 6.63005 11.5 <
331.439 216.468 21.1202 9.47196 case.

96.363 239.266 10.5805 9.47196 By
110.643 239.266 44.1636 9.47196 definition,
158.525 239.266 14.3285 9.47196 the
176.646 239.266 41.7473 9.47196 multiplier
222.247 239.266 6.6234 9.47196 is
232.567 239.266 14.3295 9.47196 the
250.568 239.266 20.1172 9.47196 ratio
274.448 239.266 8.99786 9.47196 of
287.169 239.266 14.3285 9.47196 the
305.289 239.266 15.4798 9.47196 PFE
324.489 239.266 9.19706 9.47196 to
337.454 239.266 14.3285 9.47196 the
355.453 239.266 34.5562 9.47196 add-on.
393.729 239.266 48.5869 9.47196 Combining
446.05 239.266 14.3295 9.47196 the
464.17 239.266 34.1309 9.47196 positive
502.092 239.266 16.5465 9.47196 and

56.6525 252.583 37.611 9.47196 negative

118.334 252.583 57.7082 9.47196 collateralised

200.18 252.583 23.1042 9.47196 MTM

247.344 252.583 23.4229 9.47196 cases

294.864 252.583 16.5465 9.47196 and

335.428 252.583 23.8671 9.47196 using

383.313 252.583 5.06964 9.47196 a

412.473 252.583 44.8668 9.47196 shorthand

481.357 252.583 37.3181 9.47196 notation

201.731 264.974 19.5477 6.57118 margin

108.287 273.254 8.94668 6.57118 CE

201.633 273.254 26.9238 6.57118 aggregate

76.8885 266.952 4.01911 11.3664 [

118.659 266.952 38.7186 11.3664 (MPR)]
159.394 266.952 3.35529 11.3664 /
165.618 266.952 35.2644 11.3664 AddOn

59.6655 266.952 5.35881 11.3664 y
80.0953 266.952 7.3744 11.3664 V
100.275 266.952 8.05029 11.3664 C

58.2051 266.506 10.0779 10.7916 =

230.64 267.588 2.16132 9.47196 ,
235.56 267.588 16.7288 9.47196 one
255 267.588 32.4238 9.47196 obtains
290.279 267.588 14.2099 9.47196 the
307.318 267.588 35.4357 9.47196 model
345.597 267.588 44.0421 9.47196 multiplier:

293.49 299.223 3.93043 15.097 [

326.934 299.223 3.93043 15.097 ]
350.623 290.499 3.93043 15.097 [

384.067 290.499 3.93043 15.097 ]

195.183 308.223 17.1341 6.77554 model

362.498 293.002 14.0838 11.7198 (0)

213.573 301.727 3.98564 11.7198 (
224.794 301.727 3.98564 11.7198 )
241.127 301.727 18.5135 11.7198 min
266.373 301.727 7.8516 11.7198 1,

305.361 301.727 14.085 11.7198 (0)

361.75 311.302 14.0838 11.7198 (0)

378.02 293.002 5.31419 11.7198 y

185.646 301.727 9.97009 11.7198 W

218.991 301.727 5.31419 11.7198 y

276.591 301.727 5.31419 11.7198 y

320.882 301.727 5.31419 11.7198 y

231.651 301.267 1.48414 11.1271 =

332.73 301.267 6.57093 11.1271 +

501.956 302.868 16.8025 9.47196 (38)

96.3449 335.626 17.421 9.47196 This
116.502 335.626 36.4735 9.47196 function
155.734 335.626 6.6234 9.47196 is
165.094 335.626 28.5563 9.47196 shown
196.409 335.626 10.8205 9.47196 by
209.968 335.626 14.3295 9.47196 the
227.006 335.626 89.4109 9.47196 dash-double-dotted
319.189 335.626 23.8094 9.47196 curve
345.708 335.626 8.03672 9.47196 in
356.507 335.626 27.5294 9.47196 Figure
386.746 335.626 7.56163 9.47196 1.

96.3449 354.829 16.0087 9.47196 The
115.065 354.829 41.7493 9.47196 multiplier
159.467 354.829 8.03772 9.47196 in
170.147 354.829 38.9994 9.47196 Equation
211.789 354.829 16.925 9.47196 (38)
231.343 354.829 6.6234 9.47196 is
240.583 354.829 26.147 9.47196 based
269.383 354.829 11.5177 9.47196 on
283.543 354.829 14.2099 9.47196 the
300.343 354.829 51.1177 9.47196 assumption
354.103 354.829 17.4161 9.47196 that
374.142 354.829 14.2099 9.47196 the
390.942 354.829 31.5473 9.47196 netting
425.141 354.829 12.8564 9.47196 set
440.621 354.829 26.5703 9.47196 future
469.781 354.829 23.1042 9.47196 MTM
495.581 354.829 23.0903 9.47196 value

56.6244 368.146 6.6234 9.47196 is
65.6253 368.146 38.3012 9.47196 normally
106.307 368.146 49.9225 9.47196 distributed.
158.629 368.146 41.0422 9.47196 However,
202.07 368.146 23.1042 9.47196 MTM
227.632 368.146 27.384 9.47196 values
257.393 368.146 8.99786 9.47196 of
268.794 368.146 16.0904 9.47196 real
287.275 368.146 31.5463 9.47196 netting
321.236 368.146 17.0635 9.47196 sets
340.677 368.146 13.7289 9.47196 are
356.757 368.146 22.2228 9.47196 likely
381.36 368.146 9.19706 9.47196 to
393 368.146 29.4189 9.47196 exhibit
424.923 368.146 31.6668 9.47196 heavier
459.004 368.146 13.3305 9.47196 tail
474.725 368.146 43.9077 9.47196 behaviour

56.6244 381.462 19.678 9.47196 than
80.2684 381.462 14.3295 9.47196 the
98.5132 381.462 16.7288 9.47196 one
119.157 381.462 8.99786 9.47196 of
132.121 381.462 14.2099 9.47196 the
150.245 381.462 31.2107 9.47196 normal
185.41 381.462 52.6844 9.47196 distribution.
242.173 381.462 10.9968 9.47196 To
257.177 381.462 34.8172 9.47196 account
295.942 381.462 12.5855 9.47196 for
312.506 381.462 15.6243 9.47196 this
332.071 381.462 46.0849 9.47196 possibility,
382.118 381.462 5.06964 9.47196 a
391.122 381.462 23.156 9.47196 more
418.193 381.462 54.77 9.47196 conservative
476.878 381.462 41.8679 9.47196 multiplier

56.6244 394.779 36.2295 9.47196 function
95.6128 394.779 16.5824 9.47196 was
114.931 394.779 33.4756 9.47196 chosen:

235.67 429.961 9.92418 6.72244 exp
246.93 423.516 3.97769 11.628 (
258.129 423.516 3.97769 11.628 )
274.429 423.516 18.4765 11.628 min
299.624 423.516 26.064 11.628 1,exp

334.372 433.016 5.9725 11.628 2

335.025 415.828 5.30358 11.628 y

226.244 423.516 9.95019 11.628 W
252.344 423.516 5.30358 11.628 y

264.972 423.06 6.5578 11.04 =

501.963 424.428 16.8025 9.47196 (39)

56.632 458.153 26.8073 9.47196 where
85.9094 458.153 14.2059 9.47196 the
102.585 458.153 25.5434 9.47196 factor
130.663 458.153 8.99786 9.47196 of
142.18 458.153 5.36844 9.47196 2
150.101 458.153 34.8231 9.47196 appears
187.421 458.153 8.03772 9.47196 in
197.978 458.153 14.2069 9.47196 the
214.656 458.153 57.1017 9.47196 denominator
274.292 458.153 8.03772 9.47196 in
284.849 458.153 23.9867 9.47196 order
311.37 458.153 9.19607 9.47196 to
323.13 458.153 27.2376 9.47196 match
352.887 458.153 14.3295 9.47196 the
369.688 458.153 23.6889 9.47196 slope
395.848 458.153 8.99687 9.47196 of
417.643 463.369 17.0667 6.98387 model
435.96 456.674 3.96993 12.0802 (
447.137 456.674 3.96993 12.0802 )

408.143 456.674 9.93078 12.0802 W

441.357 456.674 5.29323 12.0802 y
455.64 458.148 8.4162 9.47196 at

488.14 456.821 6.2069 12.0277 0

469.644 456.821 5.51173 12.0277 y
478.507 456.349 6.81518 11.4195 =
496.56 458.148 2.16132 9.47196 .
501.241 458.148 17.42 9.47196 This

56.6368 474.831 36.2295 9.47196 function
95.6252 474.831 6.74292 9.47196 is
105.104 474.831 28.5563 9.47196 shown
136.419 474.831 10.701 9.47196 by
149.98 474.831 14.2059 9.47196 the
166.896 474.831 54.6037 9.47196 dash-dotted
224.273 474.831 23.8064 9.47196 curve
250.788 474.831 8.03772 9.47196 in
261.585 474.831 27.647 9.47196 Figure
291.942 474.831 7.56064 9.47196 1.

96.3572 494.153 25.0096 9.47196 While
125.878 494.153 14.3295 9.47196 the
144.84 494.153 51.3737 9.47196 exponential
200.884 494.153 41.7473 9.47196 multiplier
247.326 494.153 8.03772 9.47196 in
259.926 494.153 38.9974 9.47196 Equation
303.475 494.153 16.8045 9.47196 (39)
324.959 494.153 6.6234 9.47196 is
336.241 494.153 52.1018 9.47196 significantly
393.004 494.153 23.0893 9.47196 more
420.726 494.153 54.77 9.47196 conservative
480.128 494.153 19.678 9.47196 than
504.49 494.153 14.2089 9.47196 the

56.6368 507.47 58.1883 9.47196 model-based
117.239 507.47 41.8659 9.47196 multiplier
161.521 507.47 8.03772 9.47196 in
171.962 507.47 38.8779 9.47196 Equation
213.238 507.47 18.9638 9.47196 (38),
234.601 507.47 39.2643 9.47196 concerns
276.243 507.47 21.17 9.47196 were
299.763 507.47 26.2675 9.47196 raised
328.445 507.47 17.4161 9.47196 that
348.246 507.47 14.2089 9.47196 the
364.926 507.47 41.7473 9.47196 multiplier
409.087 507.47 27.1071 9.47196 would
438.608 507.47 14.7707 9.47196 still
455.769 507.47 41.5073 9.47196 approach
499.678 507.47 19.0365 9.47196 zero

56.6467 521.514 18.5983 9.47196 with
79.9262 521.514 30.4019 9.47196 infinite
114.96 521.514 90.5991 9.47196 overcollateralisation.
210.358 521.514 10.9968 9.47196 To
226.08 521.514 34.103 9.47196 address
264.842 521.514 15.6213 9.47196 this
285.24 521.514 37.1956 9.47196 concern,
327.235 521.514 5.06964 9.47196 a
336.956 521.514 20.7437 9.47196 floor
364.848 520.195 7.67037 12.12 F
380.761 521.508 16.4629 9.47196 was
401.882 521.508 27.9468 9.47196 added
434.644 521.508 9.19706 9.47196 to
448.565 521.508 14.2089 9.47196 the
467.525 521.508 51.3727 9.47196 exponential

56.6429 534.705 41.8669 9.47196 multiplier
101.283 534.705 8.03772 9.47196 in
112.081 534.705 5.06964 9.47196 a
119.88 534.705 33.7066 9.47196 manner
156.359 534.705 17.5366 9.47196 that
176.639 534.705 41.6637 9.47196 preserves
221.039 534.705 14.3295 9.47196 the
238.078 534.705 36.358 9.47196 function
277.197 534.705 23.8094 9.47196 slope
303.716 534.705 8.4162 9.47196 at
314.874 534.705 14.3285 9.47196 the
331.912 534.705 27.8422 9.47196 origin:

185.197 570.923 24.8439 6.77554 SA-CCR
211.729 564.427 3.996 11.7198 (
222.979 564.427 3.996 11.7198 )
239.354 564.427 18.5616 11.7198 min
264.666 564.427 7.872 11.7198 1,

294.037 564.427 9 11.7198 (1

322.35 564.427 3.996 11.7198 )
327.537 564.427 17.25 11.7198 exp

353.041 574.006 15 11.7198 2(1

387.354 574.006 3.996 11.7198 )

369.913 556.686 5.328 11.7198 y

175.945 564.439 9.996 11.7198 W

217.165 564.439 5.328 11.7198 y

274.165 564.439 7.332 11.7198 F

313.726 564.439 7.332 11.7198 F

378.721 574.018 7.332 11.7198 F

200.557 563.991 29.28 11.1271 =

285.025 563.991 6.588 11.1271 +

501.955 565.548 16.8125 9.47196 (40)

96.3544 598.306 16.0067 9.47196 The
115.192 598.306 20.7467 9.47196 solid
138.711 598.306 23.8064 9.47196 curve
165.227 598.306 8.03772 9.47196 in
176.023 598.306 27.647 9.47196 Figure
206.38 598.306 5.36844 9.47196 1
214.539 598.306 27.141 9.47196 shows
244.416 598.306 15.6213 9.47196 this
262.773 598.306 36.4735 9.47196 function
302.005 598.306 18.5993 9.47196 with

346.413 597.846 16.113 11.1711 5%

325.767 597.846 7.38565 11.1711 F
337.227 597.408 6.6362 10.6062 =

367.559 598.308 38.5412 9.47196 currently
408.96 598.308 31.1977 9.47196 chosen
442.919 598.308 8.03772 9.47196 in
453.718 598.308 14.3285 9.47196 the
470.756 598.308 36.361 9.47196 SA-CCR.

76.56 795.948 40.9994 7.18956 Foundations
119.635 795.948 6.804 7.18956 of
128.515 795.948 10.674 7.18956 the
141.237 795.948 42.373 7.18956 standardised
185.639 795.948 31.1548 7.18956 approach
218.875 795.948 9.35096 7.18956 for
230.275 795.948 34.813 7.18956 measuring
267.117 795.948 42.4146 7.18956 counterparty
311.513 795.948 18.7639 7.18956 credit
332.276 795.948 11.436 7.18956 risk
345.72 795.948 33.3215 7.18956 exposures

530.64 796.068 8.15724 7.18956 13

165.84 76.668 29.5035 9.47196 Figure
198.114 76.668 8.57954 9.47196 1:
209.395 76.668 16.1292 9.47196 The
228.233 76.668 54.526 9.47196 dependence
285.59 76.668 8.99786 9.47196 of
297.349 76.668 41.7463 9.47196 multiplier
341.869 76.668 11.5167 9.47196 on

389.204 81.8986 8.89387 7.00258 CE

357.985 75.185 3.996 12.1125 (

399.516 75.185 3.996 12.1125 )
406.079 75.185 3.336 12.1125 /
412.266 75.185 35.0628 12.1125 AddOn

361.173 75.185 7.332 12.1125 V
381.237 75.185 8.004 12.1125 C

116.278 398.981 10.9968 9.47196 To
129.957 398.981 24.0215 9.47196 apply
156.718 398.981 14.2089 9.47196 the
173.638 398.981 31.0911 9.47196 normal
207.358 398.981 64.1992 9.47196 approximation
274.2 398.981 9.19706 9.47196 to
286.08 398.981 53.5071 9.47196 unmargined
342.36 398.981 31.6678 9.47196 netting
376.681 398.981 17.0635 9.47196 sets
396.361 398.981 11.5167 9.47196 on
410.521 398.981 5.06964 9.47196 a
418.32 398.981 44.6567 9.47196 consistent
465.6 398.981 24.1211 9.47196 basis,
492.36 398.981 16.7288 9.47196 one
511.679 398.981 15.0237 9.47196 has
529.319 398.981 9.19706 9.47196 to

76.5577 412.297 38.4496 9.47196 calculate
117.716 412.297 14.3295 9.47196 the
134.755 412.297 20.7596 9.47196 EEPE
158.274 412.297 9.38332 9.47196 as
170.393 412.297 14.2089 9.47196 the
187.311 412.297 19.7298 9.47196 time
209.87 412.297 34.7285 9.47196 average
247.308 412.297 40.7952 9.47196 (between
290.864 412.297 19.1551 9.47196 zero
312.822 412.297 16.5465 9.47196 and
332.141 412.297 16.7288 9.47196 one
351.579 412.297 21.6072 9.47196 year)
375.937 412.297 8.99786 9.47196 of
387.697 412.297 14.3285 9.47196 the
404.735 412.297 40.9067 9.47196 following
448.414 412.297 10.0805 9.47196 EE
461.254 412.297 30.4806 9.47196 profile:

199.66 439.408 3.94066 15.0773 [

253.906 439.408 3.94066 15.0773 ]

308.379 440.658 8.89387 6.76662 CE

431.408 440.658 8.89387 6.76662 CE

231.157 448.396 8.89388 6.76662 CE

318.691 434.171 3.996 11.7045 (
326.755 434.171 3.996 11.7045 )

441.727 434.171 3.996 11.7045 (
449.791 434.171 3.996 11.7045 )

160.975 441.914 18.996 11.7045 EE(
184.039 441.914 3.996 11.7045 )

241.476 441.914 3.996 11.7045 (
249.54 441.914 3.996 11.7045 )

357.379 441.914 3.996 11.7045 (
365.443 441.914 3.996 11.7045 )

297.691 452.289 3.996 11.7045 (
305.755 452.289 3.996 11.7045 )

420.727 452.289 3.996 11.7045 (
428.791 452.289 3.996 11.7045 )

280.351 434.171 7.332 11.7045 V
300.415 434.171 8.004 11.7045 C
322.633 434.171 3.336 11.7045 t

403.387 434.171 7.332 11.7045 V
423.451 434.171 8.004 11.7045 C
445.669 434.171 3.336 11.7045 t

179.923 441.914 3.336 11.7045 t

203.142 441.914 7.332 11.7045 V
223.206 441.914 8.004 11.7045 C
245.424 441.914 3.336 11.7045 t

361.327 441.914 3.336 11.7045 t
377.515 441.914 3.336 11.7045 t

301.639 452.289 3.336 11.7045 t
317.827 452.289 3.336 11.7045 t

424.675 452.289 3.336 11.7045 t
440.863 452.289 3.336 11.7045 t

182.113 441.458 8.796 11.1126 =

339.937 441.458 6.588 11.1126 +

521.88 443.028 16.8125 9.47196 (41)

116.279 477.828 62.753 9.47196 Unfortunately,
181.91 477.828 20.0345 9.47196 such
204.823 477.828 43.5431 9.47196 averaging
251.259 477.828 6.6234 9.47196 is
260.738 477.828 36.0492 9.47196 possible
299.617 477.828 8.03772 9.47196 in
310.533 477.828 28.1868 9.47196 closed
341.612 477.828 21.0525 9.47196 form
365.487 477.828 18.7387 9.47196 only
387.083 477.828 12.4639 9.47196 for
402.44 477.828 14.2059 9.47196 the
419.474 477.828 23.8901 9.47196 trivial
446.233 477.828 19.1292 9.47196 case

496.806 483.069 8.82503 6.98387 CE
507.039 476.374 3.96503 12.0802 (
515.04 476.374 3.96503 12.0802 )
531.102 476.374 5.9535 12.0802 0

468.992 476.374 7.27518 12.0802 V
488.901 476.374 7.94197 12.0802 C
510.947 476.374 3.31015 12.0802 t

521.861 475.9 41.5197 11.4694 =

76.5559 494.631 17.4161 9.47196 that
98.3972 494.631 16.5824 9.47196 was
119.399 494.631 20.9877 9.47196 used
144.842 494.631 8.15724 9.47196 in
157.444 494.631 38.9974 9.47196 Equation
200.996 494.631 18.9638 9.47196 (12).
224.401 494.631 10.9958 9.47196 To
239.883 494.631 48.4972 9.47196 circumvent
292.805 494.631 15.7438 9.47196 this
312.968 494.631 40.083 9.47196 difficulty,
357.493 494.631 14.3295 9.47196 the
376.215 494.631 34.1349 9.47196 SA-CCR
414.836 494.631 31.1021 9.47196 applies
450.358 494.631 14.3285 9.47196 the
469.079 494.631 23.2098 9.47196 same
496.799 494.631 41.8649 9.47196 multiplier

76.5559 507.828 36.2295 9.47196 function
116.266 507.828 8.03672 9.47196 in
127.66 507.828 38.9974 9.47196 Equation
170.16 507.828 16.8045 9.47196 (40)
190.319 507.828 9.31658 9.47196 to
203.036 507.828 20.7576 9.47196 both
227.15 507.828 42.2264 9.47196 margined
272.746 507.828 16.5436 9.47196 and
292.78 507.828 53.5011 9.47196 unmargined
349.771 507.828 25.5613 9.47196 cases,
378.689 507.828 18.7188 9.47196 with
400.764 507.828 36.4725 9.47196 function
440.593 507.828 42.9764 9.47196 argument
490.164 506.418 5.44908 12.12 y
501.717 507.828 12.4639 9.47196 for
517.551 507.828 21.1391 9.47196 non-

76.554 523.664 42.1009 9.47196 margined
122.268 523.664 31.6668 9.47196 netting
157.549 523.664 17.0635 9.47196 sets
178.189 523.664 33.3411 9.47196 defined
215.144 523.664 8.03672 9.47196 in
226.781 523.664 14.2069 9.47196 the
244.539 523.664 23.2088 9.47196 same
271.299 523.664 17.182 9.47196 way
292.061 523.664 9.2628 9.47196 as
304.9 523.664 12.4629 9.47196 for
321.097 523.664 42.1069 9.47196 margined
366.817 523.664 31.5403 9.47196 netting
401.971 523.664 19.2019 9.47196 sets,
424.774 523.664 14.8932 9.47196 but
443.371 523.664 23.7417 9.47196 using
470.751 523.664 10.6771 9.47196 an
485.024 523.664 53.5011 9.47196 unmargined

76.544 538.784 45.0491 9.47196 aggregate
124.423 538.784 32.2833 9.47196 add-on
159.465 538.784 16.6641 9.47196 and
178.901 538.784 39.3549 9.47196 one-year
221.029 538.784 33.4785 9.47196 horizon
257.269 538.784 12.4669 9.47196 for
272.509 538.784 39.852 9.47196 collateral
315.23 538.784 32.4019 9.47196 haircut:

493.81 536.174 28.5312 6.57118 no-margin

401.839 544.454 8.89526 6.57118 CE

493.713 544.454 26.769 6.57118 aggregate

370.623 538.152 3.996 11.3664 [

412.153 538.152 37.5588 11.3664 (1year)]
451.716 538.152 3.336 11.3664 /
457.903 538.152 35.0628 11.3664 AddOn

353.498 538.152 5.328 11.3664 y
373.811 538.152 7.332 11.3664 V
393.875 538.152 8.004 11.3664 C

352.047 537.706 10.02 10.7916 =

116.28 562.423 16.0087 9.47196 The
136.443 562.423 41.8669 9.47196 multiplier
182.404 562.423 51.5928 9.47196 formulation
238.2 562.423 46.82 9.47196 recognises
289.086 562.423 17.5366 9.47196 that
310.689 562.423 14.3295 9.47196 the
329.055 562.423 15.4798 9.47196 PFE
348.618 562.423 32.6369 9.47196 portion
385.339 562.423 8.99786 9.47196 of
398.42 562.423 20.6391 9.47196 EEPE
423.143 562.423 6.74292 9.47196 is
433.947 562.423 31.4258 9.47196 smaller
469.47 562.423 14.449 9.47196 the
487.954 562.423 29.9816 9.47196 further
522.032 562.423 16.7258 9.47196 one

76.569 575.74 28.5852 9.47196 moves
108.371 575.74 22.1002 9.47196 away
133.568 575.74 21.176 9.47196 from
157.806 575.74 10.6771 9.47196 an
171.603 575.74 20.5823 9.47196 ATM
195.491 575.74 31.5473 9.47196 netting
230.169 575.74 15.0018 9.47196 set.
248.286 575.74 6.01584 9.47196 It
257.403 575.74 6.6234 9.47196 is
267.121 575.74 54.8906 9.47196 conservative
325.079 575.74 8.03772 9.47196 in
336.236 575.74 15.6233 9.47196 this
354.954 575.74 29.0264 9.47196 regard
387.112 575.74 8.03772 9.47196 in
398.27 575.74 22.9688 9.47196 three
424.307 575.74 23.5215 9.47196 ways.
450.944 575.74 20.5216 9.47196 First,
474.583 575.74 5.7768 9.47196 it
483.461 575.74 55.2242 9.47196 incorporates

76.569 589.056 11.5347 9.47196 fat
90.4871 589.056 17.423 9.47196 tails
110.288 589.056 35.5104 9.47196 through
148.198 589.056 14.3285 9.47196 the
164.878 589.056 15.0456 9.47196 use
182.275 589.056 8.99687 9.47196 of
193.673 589.056 14.2059 9.47196 the
210.23 589.056 51.3677 9.47196 exponential
263.987 589.056 38.3908 9.47196 function.
304.778 589.056 34.8341 9.47196 Second,
342.013 589.056 5.06964 9.47196 a
349.453 589.056 20.7477 9.47196 floor
372.615 589.056 6.6234 9.47196 is
381.616 589.056 28.9079 9.47196 placed
412.937 589.056 11.5177 9.47196 on
426.857 589.056 14.2089 9.47196 the
443.418 589.056 23.0903 9.47196 value
468.86 589.056 8.99786 9.47196 of
480.261 589.056 14.2099 9.47196 the
496.811 589.056 41.8669 9.47196 multiplier

76.569 602.373 9.19706 9.47196 to
89.4094 602.373 29.4487 9.47196 ensure
122.41 602.373 17.4161 9.47196 that
143.41 602.373 24.0494 9.47196 some
171.01 602.373 15.4808 9.47196 PFE
190.09 602.373 6.6234 9.47196 is
200.411 602.373 28.8232 9.47196 always
232.812 602.373 50.6416 9.47196 recognised.
287.052 602.373 24.7227 9.47196 Third,
315.373 602.373 14.3295 9.47196 the
333.253 602.373 41.8679 9.47196 multiplier
378.735 602.373 18.7407 9.47196 only
401.056 602.373 34.3431 9.47196 reduces
439.096 602.373 15.4798 9.47196 PFE
458.176 602.373 12.4659 9.47196 for
474.257 602.373 37.609 9.47196 negative
515.407 602.373 23.1032 9.47196 MTM

76.559 615.689 29.5214 9.47196 values,
108.838 615.689 14.8962 9.47196 but
126.478 615.689 21.2636 9.47196 does
150.477 615.689 14.8962 9.47196 not
168.116 615.689 42.6497 9.47196 recognise
213.476 615.689 36.1707 9.47196 possible
252.356 615.689 42.2374 9.47196 reduction
297.355 615.689 8.99786 9.47196 of
309.114 615.689 15.5994 9.47196 PFE
327.472 615.689 12.4659 9.47196 for
342.711 615.689 34.1309 9.47196 positive
379.552 615.689 23.1042 9.47196 MTM
405.471 615.689 29.6479 9.47196 values.

76.56 660.492 10.6002 13.352 6.

116.279 660.492 67.2137 13.352 Calibration

76.56 695.628 47.7582 9.47196 Calibration
129.48 695.628 8.99786 9.47196 of
143.641 695.628 50.0619 9.47196 supervisory
198.961 695.628 29.6639 9.47196 factors
233.762 695.628 16.6661 9.47196 and
255.601 695.628 105.346 9.47196 single-systematic-factor
366.12 695.628 51.7412 9.47196 correlations
422.998 695.628 16.5834 9.47196 was
444.838 695.628 22.6072 9.47196 done
472.556 695.628 26.146 9.47196 based
503.875 695.628 11.5177 9.47196 on
520.552 695.628 18.1013 9.47196 four

76.56 708.945 46.1965 9.47196 calibration
128.039 708.945 41.4027 9.47196 exercises.
174.599 708.945 20.5246 9.47196 First,
200.403 708.945 14.2089 9.47196 the
219.843 708.945 50.0619 9.47196 supervisory
275.043 708.945 29.7834 9.47196 factors
310.082 708.945 21.17 9.47196 were
336.483 708.945 44.2672 9.47196 calculated
386.043 708.945 21.0554 9.47196 from
412.324 708.945 22.0963 9.47196 asset
439.803 708.945 20.5445 9.47196 class
465.484 708.945 44.065 9.47196 volatilities
514.805 708.945 23.8681 9.47196 using

76.56 722.142 38.8779 9.47196 Equation
118.319 722.142 18.9579 9.47196 (22).
140.155 722.142 41.0452 9.47196 However,
184.078 722.142 23.6899 9.47196 these
210.597 722.142 23.7705 9.47196 initial
237.236 722.142 50.544 9.47196 calibrations
290.635 722.142 21.169 9.47196 were
314.634 722.142 26.147 9.47196 based
343.673 722.142 11.5177 9.47196 on
358.072 722.142 36.9825 9.47196 volatility
397.913 722.142 41.7842 9.47196 estimates
442.675 722.142 40.5511 9.47196 averaged
486.118 722.142 21.0554 9.47196 from
509.997 722.142 5.06964 9.47196 a
517.915 722.142 20.6889 9.47196 wide

76.56 735.458 29.1798 9.47196 variety
109.319 735.458 8.99786 9.47196 of
121.92 735.458 27.2625 9.47196 trades
152.759 735.458 26.7575 9.47196 within
183.119 735.458 10.6771 9.47196 an
197.518 735.458 22.0963 9.47196 asset
223.198 735.458 22.8004 9.47196 class.
249.595 735.458 23.8791 9.47196 Then,
277.074 735.458 23.8064 9.47196 these
304.432 735.458 50.544 9.47196 calibrations
358.553 735.458 21.169 9.47196 were
383.393 735.458 44.5073 9.47196 compared
431.513 735.458 9.19706 9.47196 to
444.473 735.458 45.5979 9.47196 simulation
493.794 735.458 32.1837 9.47196 models
529.556 735.458 8.99786 9.47196 of

76.55 748.775 22.6909 9.47196 small
101.869 748.775 42.5033 9.47196 portfolios
146.989 748.775 8.99687 9.47196 of
158.628 748.775 27.383 9.47196 trades
188.628 748.775 12.5855 9.47196 for
203.867 748.775 20.5176 9.47196 each
227.027 748.775 22.0963 9.47196 asset
251.866 748.775 22.6819 9.47196 class.
277.307 748.775 16.0097 9.47196 The
296.027 748.775 45.7184 9.47196 simulation
344.508 748.775 32.1828 9.47196 models
379.307 748.775 20.9867 9.47196 used
402.946 748.775 21.169 9.47196 were
426.706 748.775 46.307 9.47196 developed
475.665 748.775 10.7 9.47196 by
489.105 748.775 49.4634 9.47196 supervisors

158.57 337.174 13.936 10.3684 0.0

158.57 295.88 13.936 10.3684 0.2

158.57 254.586 13.936 10.3684 0.4

158.57 213.292 13.936 10.3684 0.6

158.57 171.998 13.936 10.3684 0.8

158.57 130.703 13.936 10.3684 1.0

176.628 349.076 8.89428 10.3684 -5

232.892 349.076 8.89428 10.3684 -4

289.156 349.076 8.89428 10.3684 -3

345.42 349.076 8.89428 10.3684 -2

401.684 349.076 8.89428 10.3684 -1

459.612 349.076 5.53776 10.3684 0

147.319 219.863 10.6978 48.7173 Multiplier

275.359 365.129 3.67632 10.6978 (
281.718 365.129 7.36368 10.6978 V
300.679 365.129 7.36368 10.6978 C
307.999 370.231 10.1602 7.09308 CE
320.959 365.129 3.67632 10.6978 )
327.318 365.129 3.06912 10.6978 /
333.198 365.129 34.9306 10.6978 AddOn

186.025 114.132 28.7493 10.6978 Model

252.792 114.132 53.109 10.6978 Exponential

343.99 114.132 53.109 10.6978 Exponential
399.91 114.132 19.5607 10.6978 with
422.23 114.132 14.596 10.6978 5%
439.629 114.132 23.8365 10.6978 Floor

57.12 796.068 8.15724 7.18956 14

216.84 796.068 40.9994 7.18956 Foundations
259.915 796.068 6.804 7.18956 of
268.795 796.068 10.674 7.18956 the
281.517 796.068 42.373 7.18956 standardised
325.919 796.068 31.1548 7.18956 approach
359.155 796.068 9.35096 7.18956 for
370.555 796.068 34.813 7.18956 measuring
407.397 796.068 42.4146 7.18956 counterparty
451.793 796.068 18.7639 7.18956 credit
472.556 796.068 11.436 7.18956 risk
485.996 796.068 33.3199 7.18956 exposures

56.64 74.628 16.5465 9.47196 and
77.5231 74.628 28.0802 9.47196 banks
109.926 74.628 18.8373 9.47196 own
133.089 74.628 20.5833 9.47196 IMM
158.051 74.628 34.3212 9.47196 models.
196.811 74.628 26.7625 9.47196 Lastly,
228.013 74.628 9.19706 9.47196 to
241.575 74.628 29.4497 9.47196 ensure
275.415 74.628 17.5366 9.47196 that
297.259 74.628 14.3295 9.47196 the
315.862 74.628 34.0194 9.47196 SA-CCR
354.365 74.628 16.4639 9.47196 was
375.248 74.628 44.9296 9.47196 applicable
424.571 74.628 9.19607 9.47196 to
438.134 74.628 22.1291 9.47196 large
464.537 74.628 44.6427 9.47196 portfolios,
513.619 74.628 5.06964 9.47196 a

56.65 87.9445 52.3707 9.47196 quantitative
111.492 87.9445 29.8969 9.47196 impact
143.893 87.9445 24.0205 9.47196 study
170.413 87.9445 16.4629 9.47196 was
189.373 87.9445 46.6676 9.47196 conducted
238.573 87.9445 26.8093 9.47196 where
267.853 87.9445 25.8233 9.47196 banks
296.173 87.9445 44.5073 9.47196 compared
343.213 87.9445 14.3285 9.47196 the
360.013 87.9445 28.5852 9.47196 results
391.094 87.9445 12.4659 9.47196 for
406.094 87.9445 20.0266 9.47196 their
428.654 87.9445 18.7178 9.47196 own
449.895 87.9445 42.5033 9.47196 portfolios
494.895 87.9445 23.7466 9.47196 using

56.65 101.261 36.2484 9.47196 SA-CCR,
97.4591 101.261 20.5833 9.47196 IMM
122.66 101.261 16.5465 9.47196 and
143.781 101.261 22.3214 9.47196 CEM.
170.663 101.261 16.1292 9.47196 The
191.305 101.261 18.6113 9.47196 final
214.587 101.261 46.1995 9.47196 calibration
265.468 101.261 41.5442 9.47196 considers
311.551 101.261 14.3295 9.47196 the
330.394 101.261 28.5832 9.47196 results
363.516 101.261 8.99687 9.47196 of
377.077 101.261 9.85044 9.47196 all
391.479 101.261 8.99687 9.47196 of
405.041 101.261 23.8094 9.47196 these
433.363 101.261 41.4007 9.47196 exercises.
479.323 101.261 16.1292 9.47196 The
499.965 101.261 18.7308 9.47196 final

56.6599 114.458 45.3469 9.47196 parameter
105.38 114.458 50.545 9.47196 calibrations
159.139 114.458 13.8494 9.47196 are
176.299 114.458 39.347 9.47196 provided
218.897 114.458 8.03772 9.47196 in
230.298 114.458 14.2089 9.47196 the
247.815 114.458 18.7298 9.47196 final
269.772 114.458 42.9834 9.47196 standards
315.97 114.458 18.7218 9.47196 text.
338.048 114.458 16.1292 9.47196 The
357.364 114.458 16.3374 9.47196 rest
376.922 114.458 8.99786 9.47196 of
389.279 114.458 15.7438 9.47196 this
408.237 114.458 31.4377 9.47196 section
442.914 114.458 14.4121 9.47196 will
460.672 114.458 23.5434 9.47196 focus
487.43 114.458 11.5177 9.47196 on
502.187 114.458 16.3971 9.47196 two

56.6599 127.775 32.4427 9.47196 specific
92.4183 127.775 32.7833 9.47196 aspects
128.535 127.775 8.99786 9.47196 of
140.892 127.775 14.2089 9.47196 the
158.408 127.775 34.0552 9.47196 SA-CCR
195.864 127.775 48.4823 9.47196 calibration:
247.702 127.775 51.7452 9.47196 correlations
302.78 127.775 37.6787 9.47196 between
343.818 127.775 8.59548 9.47196 IR
355.938 127.775 36.7404 9.47196 maturity
396.015 127.775 33.9835 9.47196 buckets
433.332 127.775 16.6661 9.47196 and
453.369 127.775 25.4109 9.47196 deltas
482.181 127.775 12.4659 9.47196 for
498.017 127.775 20.5863 9.47196 CDO

56.6599 141.091 39.3619 9.47196 tranches.

56.64 173.16 15.588 11.412 6.1

96.36 173.16 64.128 11.412 Correlations
163.68 173.16 45.312 11.412 between
212.28 173.16 10.416 11.412 IR
225.96 173.16 44.328 11.412 maturity
273.48 173.16 40.8492 11.412 buckets

56.64 200.388 43.32 9.47196 Generally,
103.196 200.388 14.3295 9.47196 the
120.835 200.388 47.3986 9.47196 correlation
171.474 200.388 37.7962 9.47196 between
212.63 200.388 23.1042 9.47196 MTM
239.027 200.388 27.5025 9.47196 values
269.743 200.388 8.99786 9.47196 of
282.104 200.388 16.3962 9.47196 two
301.901 200.388 8.59548 9.47196 IR
313.778 200.388 27.2625 9.47196 trades
344.375 200.388 49.9066 9.47196 referencing
397.652 200.388 14.3295 9.47196 the
415.169 200.388 23.2088 9.47196 same
441.565 200.388 8.59648 9.47196 IR
453.566 200.388 23.8084 9.47196 curve
480.562 200.388 38.0611 9.47196 depends

56.64 213.705 11.5177 9.47196 on
71.1577 213.705 18.1063 9.47196 four
92.2759 213.705 19.4897 9.47196 time
114.715 213.705 51.7183 9.47196 parameters:
169.429 213.705 14.3285 9.47196 the
186.707 213.705 19.4569 9.47196 start
209.145 213.705 16.5465 9.47196 and
228.703 213.705 16.6661 9.47196 end
248.381 213.705 23.7835 9.47196 dates
275.139 213.705 8.99687 9.47196 of
287.137 213.705 25.3064 9.47196 either
315.456 213.705 22.9688 9.47196 trade
341.373 213.705 9.2628 9.47196 as
353.611 213.705 19.1013 9.47196 they
375.69 213.705 13.7289 9.47196 are
392.368 213.705 33.4666 9.47196 defined
428.846 213.705 8.03672 9.47196 in
439.884 213.705 32.2764 9.47196 Section
475.199 213.705 12.9301 9.47196 4.1
491.155 213.705 8.99786 9.47196 of
503.153 213.705 15.6243 9.47196 this

56.63 227.021 27.5992 9.47196 paper.
87.3457 227.021 41.0402 9.47196 However,
131.509 227.021 15.6203 9.47196 this
150.224 227.021 75.6223 9.47196 four-dimensional
228.954 227.021 37.3759 9.47196 problem
269.393 227.021 6.6234 9.47196 is
279.111 227.021 14.8962 9.47196 not
297.108 227.021 38.4506 9.47196 tractable
338.628 227.021 26.7575 9.47196 within
368.506 227.021 5.06964 9.47196 a
376.664 227.021 28.7296 9.47196 simple
408.462 227.021 49.2303 9.47196 non-model
460.799 227.021 43.6786 9.47196 approach.
507.595 227.021 10.9958 9.47196 To

56.64 240.218 33.862 9.47196 simplify
94.0816 240.218 14.3295 9.47196 the
111.962 240.218 39.4814 9.47196 problem,
155.043 240.218 16.3962 9.47196 two
175.082 240.218 19.6092 9.47196 time
198.243 240.218 50.1835 9.47196 dimensions
252.003 240.218 21.17 9.47196 were
276.724 240.218 46.1875 9.47196 eliminated
326.526 240.218 10.7 9.47196 by
340.806 240.218 41.7473 9.47196 assuming
386.167 240.218 17.5366 9.47196 that
407.287 240.218 14.3295 9.47196 the
425.167 240.218 19.4569 9.47196 start
448.207 240.218 19.6092 9.47196 date
471.367 240.218 6.6234 9.47196 is
481.567 240.218 24.2506 9.47196 equal
509.409 240.218 9.19607 9.47196 to

56.64 253.535 19.0365 9.47196 zero
79.4404 253.535 12.4659 9.47196 for
95.6404 253.535 9.85044 9.47196 all
109.2 253.535 29.4009 9.47196 trades.
139.2 252.504 6.97248 6.16248 11
149.875 253.548 20.5216 9.47196 Now
174.116 253.548 16.7288 9.47196 one
194.516 253.548 15.2378 9.47196 can
213.476 253.548 15.1691 9.47196 use
232.316 253.548 39.6109 9.47196 historical
275.637 253.548 51.7462 9.47196 correlations
331.08 253.548 37.7962 9.47196 between
372.599 253.548 22.417 9.47196 swap
398.76 253.548 21.3831 9.47196 rates
423.96 253.548 8.99687 9.47196 of
436.68 253.548 37.4566 9.47196 different
477.841 253.548 27.8631 9.47196 tenors
509.401 253.548 9.2628 9.47196 as

56.6395 266.865 31.5842 9.47196 proxies
90.9597 266.865 12.4669 9.47196 for
106.199 266.865 51.7442 9.47196 correlations
160.679 266.865 37.9177 9.47196 between
201.357 266.865 23.1042 9.47196 MTM
227.276 266.865 27.384 9.47196 values
257.396 266.865 8.99786 9.47196 of
269.156 266.865 27.2635 9.47196 trades
299.275 266.865 18.5983 9.47196 with
320.634 266.865 37.4566 9.47196 different
360.834 266.865 44.5063 9.47196 remaining
408.113 266.865 45.9634 9.47196 maturities.

96.36 286.187 40.9316 9.47196 Historical
140.762 286.187 51.6237 9.47196 correlations
195.839 286.187 37.7982 9.47196 between
237.117 286.187 29.9009 9.47196 weekly
270.477 286.187 36.2634 9.47196 changes
310.194 286.187 8.99786 9.47196 of
322.552 286.187 22.5365 9.47196 swap
348.469 286.187 21.3931 9.47196 rates
373.195 286.187 8.99687 9.47196 of
385.552 286.187 37.5751 9.47196 different
426.591 286.187 27.7426 9.47196 tenors
457.786 286.187 40.7962 9.47196 (between
502.062 286.187 16.7288 9.47196 one

56.6395 299.503 18.4658 9.47196 year
77.8792 299.503 16.5436 9.47196 and
97.1956 299.503 10.7678 9.47196 30
110.635 299.503 25.9279 9.47196 years)
139.194 299.503 12.4639 9.47196 for
154.432 299.503 20.5166 9.47196 each
177.708 299.503 8.99786 9.47196 of
189.346 299.503 18.1182 9.47196 four
210.117 299.503 25.4259 9.47196 major
238.318 299.503 44.5401 9.47196 currencies
285.595 299.503 24.3612 9.47196 (USD,
312.596 299.503 20.164 9.47196 EUR,
335.399 299.503 18.178 9.47196 GBP
356.279 299.503 16.5446 9.47196 and
375.597 299.503 17.6481 9.47196 JPY)
395.996 299.503 21.17 9.47196 were
419.876 299.503 44.3847 9.47196 calculated
466.913 299.503 12.4639 9.47196 for
482.03 299.503 14.3265 9.47196 the
499.068 299.503 19.6092 9.47196 time

56.6395 312.82 28.6669 9.47196 period
89.5225 312.82 21.0525 9.47196 from
114.722 312.82 33.378 9.47196 January
152.282 312.82 7.56163 9.47196 1,
164.047 312.82 21.5694 9.47196 2005
189.851 312.82 9.19706 9.47196 to
203.294 312.82 45.1059 9.47196 December
252.616 312.82 12.9619 9.47196 31,
269.782 312.82 23.7616 9.47196 2009.
297.623 312.82 10.9968 9.47196 To
312.866 312.82 17.0216 9.47196 find
334.105 312.82 5.06964 9.47196 a
343.348 312.82 47.2014 9.47196 parametric
394.711 312.82 36.4715 9.47196 function
435.385 312.82 8.99687 9.47196 of
448.585 312.82 16.3971 9.47196 two
469.23 312.82 27.7396 9.47196 tenors
501.149 312.82 17.5336 9.47196 that

56.6395 326.017 48.6217 9.47196 adequately
108.84 326.017 41.3041 9.47196 describes
153.721 326.017 14.3295 9.47196 the
171.601 326.017 39.6119 9.47196 historical
214.803 326.017 51.7432 9.47196 correlations
270.123 326.017 44.3877 9.47196 calculated
318.124 326.017 12.4659 9.47196 for
334.205 326.017 20.5176 9.47196 each
358.444 326.017 39.7225 9.47196 currency,
401.765 326.017 5.06964 9.47196 a
410.406 326.017 39.097 9.47196 two-step
453.126 326.017 45.4096 9.47196 procedure
502.087 326.017 16.5824 9.47196 was

56.6495 339.333 40.08 9.47196 followed:

96.37 358.656 39.599 9.47196 Reducing
138.251 358.656 13.7299 9.47196 the
154.212 358.656 15.7687 9.47196 two
172.211 358.656 22.7377 9.47196 tenor
197.174 358.656 48.5739 9.47196 dimensions
248.055 358.656 16.8483 9.47196 into
267.134 358.656 5.39832 9.47196 a
274.815 358.656 25.1301 9.47196 single
302.176 358.656 35.4506 9.47196 effective
339.977 358.656 46.6915 9.47196 dimension:
388.935 358.656 16.1292 9.47196 The
407.296 358.656 19.4698 9.47196 data
429.017 358.656 32.0264 9.47196 plotted
463.458 358.656 9.2628 9.47196 as
474.978 358.656 5.06964 9.47196 a
482.299 358.656 36.357 9.47196 function

96.3799 371.972 8.99786 9.47196 of
108.139 371.972 15.6243 9.47196 this
126.62 371.972 37.1299 9.47196 effective
166.581 371.972 45.9584 9.47196 dimension
215.422 371.972 29.627 9.47196 should
247.822 371.972 10.1303 9.47196 lie
260.662 371.972 11.5167 9.47196 on
275.06 371.972 5.06964 9.47196 a
282.981 371.972 33.4776 9.47196 smooth
319.339 371.972 23.8094 9.47196 curve
345.859 371.972 26.2665 9.47196 rather
375.02 371.972 19.677 9.47196 than
397.579 371.972 11.0895 9.47196 be
411.498 371.972 42.7214 9.47196 scattered.
457.099 371.972 20.43 9.47196 Data
480.379 371.972 27.5035 9.47196 points
510.618 371.972 8.03772 9.47196 in

96.3799 387.331 27.5294 9.47196 Figure
126.261 387.331 5.36844 9.47196 2
134.061 387.331 22.9209 9.47196 show
159.381 387.331 14.3295 9.47196 the
176.061 387.331 39.4904 9.47196 historical
218.061 387.331 51.6237 9.47196 correlations
272.062 387.331 9.38332 9.47196 as
283.822 387.331 5.06964 9.47196 a
291.262 387.331 36.359 9.47196 function
330.025 387.331 8.99786 9.47196 of
342.625 385.874 2.40576 12.0802 |

391.742 385.874 2.40576 12.0802 |
396.755 385.874 3.34401 12.0802 /
401.955 385.874 24.3848 12.0802 min{
440.458 385.874 3.0072 12.0802 ,
460.348 385.874 5.77382 12.0802 }

358.695 392.569 1.93324 6.98387 i

384.82 392.569 3.08762 6.98387 k

437.257 392.569 1.93324 6.98387 i

456.179 392.569 3.08762 6.98387 k

347.637 385.874 10.02 12.0802 M
373.542 385.874 10.02 12.0802 M

426.201 385.874 10.02 12.0802 M
444.905 385.874 10.02 12.0802 M

469.2 387.348 12.4629 9.47196 for
484.078 387.348 14.2059 9.47196 the
500.635 387.348 18.1013 9.47196 four

96.3577 406.073 25.3064 9.47196 major
124.556 406.073 46.8 9.47196 currencies,
174.235 406.073 26.8073 9.47196 where

217.183 411.299 1.95698 7.00258 i

205.989 404.585 10.143 12.1125 M
224.038 406.068 6.6234 9.47196 is
233.517 406.068 14.2089 9.47196 the
250.556 406.068 23.5066 9.47196 tenor
276.955 406.068 8.99786 9.47196 of
288.833 406.068 22.2965 9.47196 swap
314.032 406.068 17.2089 9.47196 rate
335.392 404.703 2.85942 12.1199 i
340.08 406.068 2.16132 9.47196 .
345.12 406.068 18.4071 9.47196 One
366.356 406.068 15.2368 9.47196 can
384.472 406.068 14.689 9.47196 see
401.99 406.068 17.5336 9.47196 that
422.385 406.068 14.2059 9.47196 the
439.42 406.068 19.4698 9.47196 data
461.738 406.068 27.381 9.47196 points
491.975 406.068 26.7336 9.47196 group

96.3588 422.751 24.8273 9.47196 along
124.556 422.751 33.5971 9.47196 smooth
161.512 422.751 19.9439 9.47196 lines
184.79 422.751 8.15724 9.47196 in
196.306 422.751 9.85144 9.47196 all
209.504 422.751 18.2258 9.47196 four
231.101 422.751 23.8811 9.47196 plots,
258.337 422.751 10.0367 9.47196 so
271.773 422.751 15.7438 9.47196 this
290.851 422.751 55.5579 9.47196 combination
349.768 422.751 8.99786 9.47196 of
362.125 422.751 27.7436 9.47196 tenors
393.203 422.751 6.74292 9.47196 is
403.279 422.751 5.06964 9.47196 a
411.676 422.751 23.5066 9.47196 good
438.554 422.751 64.2002 9.47196 approximation
506.112 422.751 12.4659 9.47196 for

96.3588 436.068 14.2059 9.47196 the
113.275 436.068 37.2464 9.47196 effective
153.231 436.068 25.8472 9.47196 single
181.789 436.068 48.2353 9.47196 dimension.

96.3588 455.39 32.0383 9.47196 Finding
131.517 455.39 5.39832 9.47196 a
140.033 455.39 28.0105 9.47196 simple
171.111 455.39 46.9375 9.47196 parametric
221.263 455.39 25.4368 9.47196 fitting
249.941 455.39 35.2355 9.47196 function
288.337 455.39 8.218 9.47196 of
299.613 455.39 13.7309 9.47196 the
316.533 455.39 35.4496 9.47196 effective
355.049 455.39 46.6915 9.47196 dimension:
404.88 455.39 16.1262 9.47196 The
424.074 455.39 20.8662 9.47196 solid
448.071 455.39 23.8183 9.47196 curve
474.958 455.39 8.03672 9.47196 in
486.113 455.39 20.5176 9.47196 each
509.748 455.39 8.99786 9.47196 of

96.3588 468.706 14.2059 9.47196 the
113.275 468.706 28.5832 9.47196 panels
144.594 468.706 8.99687 9.47196 of
156.35 468.706 27.5265 9.47196 Figure
186.586 468.706 5.36844 9.47196 2
194.746 468.706 45.9803 9.47196 represents
243.462 468.706 14.3295 9.47196 the
260.502 468.706 36.349 9.47196 function
299.61 468.706 23.8771 9.47196 given
326.246 468.706 10.8205 9.47196 by

300.772 487.601 6 11.5346 1

286.12 508.933 2.4 11.5346 |

335.116 508.933 2.4 11.5346 |

255.304 516.313 6 11.5346 1

280.372 525.49 24.3276 11.5346 min{
318.783 525.49 3 11.5346 ,
338.626 525.49 5.76 11.5346 }

230.71 501.621 5.01789 6.66837 ik

302.145 515.322 1.92863 6.66837 i

328.209 515.322 3.08025 6.66837 k

315.583 531.872 1.92863 6.66837 i

334.46 531.872 3.08025 6.66837 k

351.46 501.981 4.46875 8.59086 b

291.116 508.929 9.996 11.5346 M
316.964 508.929 9.996 11.5346 M

271.808 516.309 6 11.5346 a

304.556 525.487 9.996 11.5346 M
323.216 525.487 9.996 11.5346 M

240.303 494.775 6.588 10.9513 =

262.623 515.856 6.588 10.9513 +

501.958 495.828 16.8125 9.47196 (42)

96.3574 549.473 18.5973 9.47196 with
120.356 549.473 14.2089 9.47196 the
139.914 549.473 40.9077 9.47196 following
186.233 549.473 27.384 9.47196 values
219.114 549.473 8.99786 9.47196 of
233.513 549.473 14.2089 9.47196 the
253.071 549.473 51.8418 9.47196 parameters:
310.31 549.473 3.00792 9.47196 (

333.139 548.996 20.5116 11.1711 0.15

315.136 548.996 5.86045 11.1711 a
324.044 548.558 6.43477 10.6062 =

355.32 549.468 2.16132 9.47196 ;

382.647 548.996 15 11.1711 0.5

364.397 548.996 6 11.1711 b
373.335 548.558 6.588 10.6062 =

398.88 549.468 3.00792 9.47196 )
407.278 549.468 12.4639 9.47196 for
425.154 549.468 19.1043 9.47196 USD
449.635 549.468 16.5436 9.47196 and
471.59 549.468 3.00792 9.47196 (

494.539 548.996 20.5116 11.1711 0.15

476.536 548.996 5.86045 11.1711 a
485.444 548.558 6.43477 10.6062 =

516.72 549.468 2.16132 9.47196 ;

116.337 562.796 15.1824 11.1711 0.7

97.863 562.796 6.07295 11.1711 b
106.912 562.358 6.6681 10.6062 =

136.559 563.268 3.00792 9.47196 )
142.318 563.268 12.4639 9.47196 for
157.555 563.268 20.0435 9.47196 EUR,
180.357 563.268 18.177 9.47196 GBP
201.236 563.268 16.5446 9.47196 and
220.554 563.268 16.8015 9.47196 JPY.

96.3604 583.068 23.2088 9.47196 Since
122.398 583.068 27.384 9.47196 values

172.589 582.596 20.5116 11.1711 0.15

154.586 582.596 5.86045 11.1711 a
163.494 582.158 6.43477 10.6062 =

197.638 583.068 16.5465 9.47196 and

237.06 582.596 15.1621 11.1711 0.7

218.611 582.596 6.06485 11.1711 b
227.648 582.158 6.65921 10.6062 =

257.398 583.068 20.8632 9.47196 used
281.154 583.068 8.03772 9.47196 in
292.07 583.068 38.9954 9.47196 Equation
333.944 583.068 16.8045 9.47196 (42)
353.632 583.068 48.7413 9.47196 adequately
405.231 583.068 37.0094 9.47196 describe
445.07 583.068 22.9688 9.47196 three
470.868 583.068 14.8972 9.47196 out
488.627 583.068 8.99786 9.47196 of
500.505 583.068 18.1063 9.47196 four

56.6347 596.873 25.3054 9.47196 major
84.713 596.873 46.802 9.47196 currencies,
134.273 596.873 5.7768 9.47196 it
142.792 596.873 16.5834 9.47196 was
162.111 596.873 35.1468 9.47196 decided
200.031 596.873 9.19706 9.47196 to
212.03 596.873 24.1401 9.47196 apply
238.909 596.873 23.6889 9.47196 these
265.308 596.873 27.5035 9.47196 values
295.547 596.873 9.31658 9.47196 to
307.667 596.873 9.85044 9.47196 all
320.266 596.873 46.6815 9.47196 currencies.

96.3552 616.195 18.4061 9.47196 One
117.591 616.195 24.4638 9.47196 could
144.947 616.195 24.141 9.47196 apply
171.946 616.195 38.9974 9.47196 Equation
213.821 616.195 16.924 9.47196 (42)
233.634 616.195 32.1828 9.47196 directly
268.797 616.195 9.19607 9.47196 to
280.915 616.195 38.5701 9.47196 calculate
322.436 616.195 51.6237 9.47196 correlations
376.915 616.195 37.7972 9.47196 between
417.714 616.195 15.6203 9.47196 any
436.192 616.195 16.7866 9.47196 pair
456.113 616.195 8.99687 9.47196 of
467.992 616.195 8.59548 9.47196 IR
479.509 616.195 27.2635 9.47196 trades
509.628 616.195 8.99786 9.47196 of

56.6347 629.511 14.2089 9.47196 the
73.6733 629.511 23.2088 9.47196 same
99.7117 629.511 36.4665 9.47196 hedging
139.07 629.511 12.8564 9.47196 set
154.789 629.511 10.6074 9.47196 (ie
168.226 629.511 14.3285 9.47196 the
185.384 629.511 23.0893 9.47196 same
211.303 629.511 42.7204 9.47196 currency).
256.899 629.511 41.0422 9.47196 However,
300.939 629.511 15.6243 9.47196 this
319.417 629.511 41.3977 9.47196 approach
363.697 629.511 26.9876 9.47196 would
393.577 629.511 31.2505 9.47196 involve
427.657 629.511 5.06964 9.47196 a
435.575 629.511 30.8899 9.47196 double
469.293 629.511 49.4375 9.47196 summation

56.6347 642.828 27.383 9.47196 across
87.4719 642.828 14.3295 9.47196 the
105.109 642.828 29.4009 9.47196 trades,
137.989 642.828 25.5574 9.47196 which
166.906 642.828 24.4667 9.47196 could
194.742 642.828 35.4496 9.47196 become
233.498 642.828 52.9623 9.47196 problematic
289.775 642.828 12.5855 9.47196 for
305.732 642.828 22.0275 9.47196 large
331.19 642.828 31.5413 9.47196 netting
366.225 642.828 19.2009 9.47196 sets.
388.906 642.828 10.9968 9.47196 To
403.302 642.828 43.7284 9.47196 overcome
450.339 642.828 15.7398 9.47196 this
469.412 642.828 40.0731 9.47196 difficulty,
512.842 642.828 5.7758 9.47196 it

56.6347 656.145 16.4629 9.47196 was
75.7141 656.145 35.1468 9.47196 decided
113.514 656.145 9.19706 9.47196 to
125.394 656.145 27.0494 9.47196 create
155.034 656.145 36.861 9.47196 maturity
194.513 656.145 33.9835 9.47196 buckets
231.113 656.145 16.5465 9.47196 and
250.313 656.145 20.5375 9.47196 treat
273.593 656.145 9.85144 9.47196 all
286.074 656.145 27.2635 9.47196 trades
315.954 656.145 26.7585 9.47196 within
345.355 656.145 5.06964 9.47196 a
353.034 656.145 23.9976 9.47196 given
379.673 656.145 36.861 9.47196 maturity
419.274 656.145 29.6569 9.47196 bucket
451.554 656.145 9.2628 9.47196 as
463.433 656.145 25.0673 9.47196 being
491.154 656.145 27.4776 9.47196 driven

56.6347 669.342 10.701 9.47196 by
70.7949 669.342 5.06964 9.47196 a
79.3146 669.342 25.9657 9.47196 single
108.712 669.342 27.7187 9.47196 factor.
139.91 669.342 27.1032 9.47196 Under
170.628 669.342 15.7408 9.47196 this
189.826 669.342 43.6786 9.47196 approach,
237.104 669.342 14.2069 9.47196 the
254.862 669.342 30.886 9.47196 double
289.298 669.342 49.555 9.47196 summation
342.333 669.342 18.7387 9.47196 only
364.652 669.342 31.1031 9.47196 applies
399.331 669.342 9.19607 9.47196 to
412.171 669.342 5.06964 9.47196 a
420.692 669.342 22.8094 9.47196 small
446.971 669.342 21.2238 9.47196 fixed
471.688 669.342 34.5433 9.47196 number
509.725 669.342 9.02376 9.47196 of

56.6347 682.658 33.863 9.47196 buckets
92.8752 682.658 26.386 9.47196 rather
121.677 682.658 19.678 9.47196 than
143.758 682.658 9.19706 9.47196 to
155.519 682.658 5.06964 9.47196 a
162.959 682.658 46.5819 9.47196 potentially
211.92 682.658 22.1291 9.47196 large
236.401 682.658 34.5463 9.47196 number
273.361 682.658 8.99687 9.47196 of
284.762 682.658 42.6119 9.47196 individual
329.764 682.658 29.5214 9.47196 trades.
361.685 682.658 16.1232 9.47196 The
380.158 682.658 34.0393 9.47196 SA-CCR
416.761 682.658 37.343 9.47196 specifies
456.601 682.658 22.9698 9.47196 three
482.042 682.658 36.7424 9.47196 maturity

56.6447 695.975 36.0014 9.47196 buckets:
96.3652 695.975 11.4062 9.47196 (1)
111.481 695.975 15.8095 9.47196 01
131.043 695.975 18.4658 9.47196 year
153.243 695.975 43.2154 9.47196 (midpoint
200.161 695.975 6.6234 9.47196 is
210.482 695.975 12.9291 9.47196 0.5
227.162 695.975 23.6401 9.47196 year);
254.521 695.975 11.4062 9.47196 (2)
269.637 695.975 15.8085 9.47196 15
289.198 695.975 22.7028 9.47196 years
315.598 695.975 43.0959 9.47196 (midpoint
362.398 695.975 6.6234 9.47196 is
372.715 695.975 22.9698 9.47196 three
399.348 695.975 28.0822 9.47196 years);
431.149 695.975 11.4082 9.47196 (3)
446.269 695.975 26.8093 9.47196 above
476.748 695.975 15.5306 9.47196 five
495.94 695.975 22.8233 9.47196 years

56.6248 709.291 43.0949 9.47196 (midpoint
104.263 709.291 6.6234 9.47196 is
115.419 709.291 12.8564 9.47196 set
132.821 709.291 9.19706 9.47196 to
146.622 709.291 10.7688 9.47196 18
161.984 709.291 28.0792 9.47196 years).
194.624 709.291 39.339 9.47196 Applying
238.538 709.291 38.9984 9.47196 Equation
282.1 709.291 16.8045 9.47196 (42)
303.573 709.291 18.5973 9.47196 with
326.735 709.291 49.7044 9.47196 parameters

400.839 708.846 20.5116 11.1711 0.15

382.836 708.846 5.86045 11.1711 a
391.744 708.408 6.43477 10.6062 =

427.562 709.308 16.5465 9.47196 and

468.787 708.846 15.1824 11.1711 0.7

450.313 708.846 6.07295 11.1711 b
459.362 708.408 6.6681 10.6062 =

490.802 709.308 9.19706 9.47196 to
504.603 709.308 14.2089 9.47196 the

56.6453 723.113 44.3041 9.47196 midpoints
103.565 723.113 8.99786 9.47196 of
115.204 723.113 23.6889 9.47196 these
141.484 723.113 36.7414 9.47196 maturity
180.963 723.113 33.864 9.47196 buckets
217.443 723.113 24.9847 9.47196 yields
245.044 723.113 14.2099 9.47196 the
261.844 723.113 40.9067 9.47196 following
305.404 723.113 47.2791 9.47196 correlation
355.325 723.113 29.642 9.47196 values:
387.605 723.113 18.9479 9.47196 68%
409.205 723.113 37.5582 9.47196 between
449.405 723.113 33.9835 9.47196 buckets
486.005 723.113 5.36844 9.47196 1
494.044 723.113 16.5465 9.47196 and
513.244 723.113 5.36844 9.47196 2

56.64 756.432 5.47848 4.79304 11

76.439 757.332 18.7252 7.64604 Since
97.3221 757.332 12.9854 7.64604 real
112.445 757.332 6.96827 7.64604 IR
121.568 757.332 34.0068 7.64604 portfolios
157.688 757.332 11.0445 7.64604 are
170.891 757.332 38.5751 7.64604 dominated
211.573 757.332 8.57144 7.64604 by
222.256 757.332 29.8139 7.64604 ongoing
254.177 757.332 6.96827 7.64604 IR
263.3 757.332 23.1045 7.64604 swaps,
288.622 757.332 12.6485 7.64604 this
303.384 757.332 41.0297 7.64604 assumption
346.586 757.332 23.8153 7.64604 should
372.508 757.332 11.9651 7.64604 not
386.67 757.332 14.9351 7.64604 lead
403.712 757.332 7.47157 7.64604 to
413.314 757.332 17.6454 7.64604 large
433.117 757.332 39.3027 7.64604 distortions.

76.56 795.948 40.9994 7.18956 Foundations
119.635 795.948 6.804 7.18956 of
128.515 795.948 10.674 7.18956 the
141.237 795.948 42.373 7.18956 standardised
185.639 795.948 31.1548 7.18956 approach
218.875 795.948 9.35096 7.18956 for
230.275 795.948 34.813 7.18956 measuring
267.117 795.948 42.4146 7.18956 counterparty
311.513 795.948 18.7639 7.18956 credit
332.276 795.948 11.436 7.18956 risk
345.72 795.948 33.3215 7.18956 exposures

530.64 796.068 8.15724 7.18956 15

76.56 74.628 16.5436 9.47196 and
96.234 74.628 5.36844 9.47196 2
104.752 74.628 16.5436 9.47196 and
124.427 74.628 5.36844 9.47196 3
132.945 74.628 16.5446 9.47196 and
152.621 74.628 18.9479 9.47196 28%
174.699 74.628 37.6777 9.47196 between
215.494 74.628 33.9825 9.47196 buckets
252.571 74.628 5.36844 9.47196 1
261.089 74.628 16.5436 9.47196 and
280.764 74.628 7.56163 9.47196 3.
291.443 74.628 43.0621 9.47196 Rounding
337.637 74.628 23.6889 9.47196 these
364.393 74.628 38.7822 9.47196 numbers
406.27 74.628 9.19607 9.47196 to
418.627 74.628 18.9469 9.47196 70%
440.705 74.628 16.5465 9.47196 and
460.383 74.628 21.1222 9.47196 30%,
484.62 74.628 53.8786 9.47196 respectively,

76.56 87.9445 28.5832 9.47196 results
107.879 87.9445 8.03772 9.47196 in
118.679 87.9445 38.9974 9.47196 Equation
160.443 87.9445 18.9638 9.47196 (29).

57.12 796.068 8.15724 7.18956 16

216.84 796.068 40.9994 7.18956 Foundations
259.915 796.068 6.804 7.18956 of
268.795 796.068 10.674 7.18956 the
281.517 796.068 42.373 7.18956 standardised
325.919 796.068 31.1548 7.18956 approach
359.155 796.068 9.35096 7.18956 for
370.555 796.068 34.813 7.18956 measuring
407.397 796.068 42.4146 7.18956 counterparty
451.793 796.068 18.7639 7.18956 credit
472.556 796.068 11.436 7.18956 risk
485.996 796.068 33.3199 7.18956 exposures

100.8 74.628 29.5085 9.47196 Figure
133.078 74.628 8.57954 9.47196 2:
144.357 74.628 23.4956 9.47196 Swap
170.635 74.628 17.2089 9.47196 rate
190.554 74.628 51.7432 9.47196 correlations
245.033 74.628 16.5465 9.47196 and
264.351 74.628 14.3285 9.47196 the
281.39 74.628 47.322 9.47196 parametric
331.43 74.628 26.2715 9.47196 fitting
360.473 74.628 36.35 9.47196 function
399.582 74.628 12.4639 9.47196 for
414.819 74.628 12.208 9.47196 G4
429.818 74.628 44.5371 9.47196 currencies

153.795 332.103 13.4136 10.3666 0%

148.22 309.427 19.0539 10.3666 10%

148.22 286.751 19.0539 10.3666 20%

148.22 264.075 19.0539 10.3666 30%

148.22 241.399 19.0539 10.3666 40%

148.22 218.723 19.0539 10.3666 50%

148.22 196.046 19.0539 10.3666 60%

148.22 173.37 19.0539 10.3666 70%

148.22 150.694 19.0539 10.3666 80%

148.22 128.018 19.0539 10.3666 90%

142.645 105.342 24.5739 10.3666 100%

174.65 346.389 5.59728 10.3666 0

218.975 346.389 5.59728 10.3666 5

260.508 346.389 11.1173 10.3666 10

304.833 346.389 11.1173 10.3666 15

349.159 346.389 11.1173 10.3666 20

393.485 346.389 11.1173 10.3666 25

437.81 346.389 11.1173 10.3666 30

130.012 269.517 10.6978 22.0104 USD
130.012 239.912 10.6978 24.1356 swap
130.012 215.584 10.6978 19.0661 rate
130.012 153.652 10.6978 56.6297 correlations

249.508 363.108 2.4288 10.6978 |
254.664 363.108 9.81456 10.6978 M
264.508 368.211 2.03496 7.09308 i
278.908 363.108 9.81456 10.6978 M
288.748 368.211 3.66 7.09308 k
295.108 363.108 2.4288 10.6978 |
300.264 363.108 3.06912 10.6978 /
306.144 363.108 22.8296 10.6978 min{
331.585 363.108 9.81456 10.6978 M
341.428 368.211 2.03496 7.09308 i
345.268 363.108 2.76 10.6978 ,
350.667 363.108 9.81456 10.6978 M
360.508 368.211 3.66 7.09308 k
366.868 363.108 4.34976 10.6978 }

408.255 115.046 24.024 11.628 USD

153.795 634.904 13.4136 10.3666 0%

148.22 612.228 19.0539 10.3666 10%

148.22 589.552 19.0539 10.3666 20%

148.22 566.876 19.0539 10.3666 30%

148.22 544.199 19.0539 10.3666 40%

148.22 521.523 19.0539 10.3666 50%

148.22 498.847 19.0539 10.3666 60%

148.22 476.171 19.0539 10.3666 70%

148.22 453.495 19.0539 10.3666 80%

148.22 430.819 19.0539 10.3666 90%

142.645 408.143 24.5739 10.3666 100%

174.65 649.19 5.59728 10.3666 0

218.975 649.19 5.59728 10.3666 5

260.508 649.19 11.1173 10.3666 10

304.833 649.19 11.1173 10.3666 15

349.159 649.19 11.1173 10.3666 20

393.485 649.19 11.1173 10.3666 25

437.81 649.19 11.1173 10.3666 30

130.012 571.72 10.6978 23.2105 EUR
130.012 542.115 10.6978 24.1356 swap
130.012 517.788 10.6978 19.0661 rate
130.012 455.855 10.6978 56.5093 correlations

249.508 665.909 2.4288 10.6978 |
254.664 665.909 9.81456 10.6978 M
264.508 671.011 2.03496 7.09308 i
278.908 665.909 9.81456 10.6978 M
288.748 671.011 3.66 7.09308 k
295.108 665.909 2.4288 10.6978 |
300.264 665.909 3.06912 10.6978 /
306.144 665.909 22.8296 10.6978 min{
331.585 665.909 9.81456 10.6978 M
341.428 671.011 2.03496 7.09308 i
345.268 665.909 2.76 10.6978 ,
350.667 665.909 9.81456 10.6978 M
360.508 671.011 3.66 7.09308 k
366.868 665.909 4.34976 10.6978 }

407.855 417.447 25.344 11.628 EUR

76.56 795.948 40.9994 7.18956 Foundations
119.635 795.948 6.804 7.18956 of
128.515 795.948 10.674 7.18956 the
141.237 795.948 42.373 7.18956 standardised
185.639 795.948 31.1548 7.18956 approach
218.875 795.948 9.35096 7.18956 for
230.275 795.948 34.813 7.18956 measuring
267.117 795.948 42.4146 7.18956 counterparty
311.513 795.948 18.7639 7.18956 credit
332.276 795.948 11.436 7.18956 risk
345.72 795.948 33.3215 7.18956 exposures

530.64 796.068 8.15724 7.18956 17

173.645 305.502 13.4136 10.3666 0%

168.07 282.826 19.0539 10.3666 10%

168.07 260.149 19.0539 10.3666 20%

168.07 237.473 19.0539 10.3666 30%

168.07 214.797 19.0539 10.3666 40%

168.07 192.121 19.0539 10.3666 50%

168.07 169.445 19.0539 10.3666 60%

168.07 146.769 19.0539 10.3666 70%

168.07 124.092 19.0539 10.3666 80%

168.07 101.416 19.0539 10.3666 90%

162.495 78.7401 24.5739 10.3666 100%

194.5 319.787 5.59728 10.3666 0

238.825 319.787 5.59728 10.3666 5

280.358 319.787 11.1173 10.3666 10

324.683 319.787 11.1173 10.3666 15

369.009 319.787 11.1173 10.3666 20

413.335 319.787 11.1173 10.3666 25

457.66 319.787 11.1173 10.3666 30

149.862 242.58 10.6978 22.706 GBP
149.862 213.074 10.6978 24.1345 swap
149.862 188.75 10.6978 19.065 rate
149.862 126.821 10.6978 56.6297 correlations

269.358 336.506 2.4288 10.6978 |
274.514 336.506 9.81456 10.6978 M
284.358 341.609 2.03496 7.09308 i
298.758 336.506 9.81456 10.6978 M
308.598 341.609 3.66 7.09308 k
314.958 336.506 2.4288 10.6978 |
320.114 336.506 3.06912 10.6978 /
325.994 336.506 22.8296 10.6978 min{
351.435 336.506 9.81456 10.6978 M
361.278 341.609 2.03496 7.09308 i
365.118 336.506 2.76 10.6978 ,
370.517 336.506 9.81456 10.6978 M
380.358 341.609 3.66 7.09308 k
386.718 336.506 4.34976 10.6978 }

428.063 88.0448 24.612 11.628 GBP

173.645 608.303 13.4136 10.3666 0%

168.07 585.626 19.0539 10.3666 10%

168.07 562.95 19.0539 10.3666 20%

168.07 540.274 19.0539 10.3666 30%

168.07 517.598 19.0539 10.3666 40%

168.07 494.922 19.0539 10.3666 50%

168.07 472.246 19.0539 10.3666 60%

168.07 449.569 19.0539 10.3666 70%

168.07 426.893 19.0539 10.3666 80%

168.07 404.217 19.0539 10.3666 90%

162.495 381.541 24.5739 10.3666 100%

194.5 622.588 5.59728 10.3666 0

238.825 622.588 5.59728 10.3666 5

280.358 622.588 11.1173 10.3666 10

324.683 622.588 11.1173 10.3666 15

369.009 622.588 11.1173 10.3666 20

413.335 622.588 11.1173 10.3666 25

457.66 622.588 11.1173 10.3666 30

149.862 546.438 10.6978 20.3313 JPY
149.862 516.954 10.6978 24.1345 swap
149.862 492.746 10.6978 19.0661 rate
149.862 430.693 10.6978 56.6297 correlations

269.358 639.307 2.4288 10.6978 |
274.514 639.307 9.81456 10.6978 M
284.358 644.41 2.03496 7.09308 i
298.758 639.307 9.81456 10.6978 M
308.598 644.41 3.66 7.09308 k
314.958 639.307 2.4288 10.6978 |
320.114 639.307 3.06912 10.6978 /
325.994 639.307 22.8296 10.6978 min{
351.435 639.307 9.81456 10.6978 M
361.278 644.41 2.03496 7.09308 i
365.118 639.307 2.76 10.6978 ,
370.517 639.307 9.81456 10.6978 M
380.358 644.41 3.66 7.09308 k
386.718 639.307 4.34976 10.6978 }

429.385 390.845 21.864 11.628 JPY

57.12 796.068 8.15724 7.18956 18

216.84 796.068 40.9994 7.18956 Foundations
259.915 796.068 6.804 7.18956 of
268.795 796.068 10.674 7.18956 the
281.517 796.068 42.373 7.18956 standardised
325.919 796.068 31.1548 7.18956 approach
359.155 796.068 9.35096 7.18956 for
370.555 796.068 34.813 7.18956 measuring
407.397 796.068 42.4146 7.18956 counterparty
451.793 796.068 18.7639 7.18956 credit
472.556 796.068 11.436 7.18956 risk
485.996 796.068 33.3199 7.18956 exposures

56.64 75.36 15.588 11.412 6.2

96.36 75.36 32.58 11.412 Deltas
132.24 75.36 14.976 11.412 for
150.48 75.36 24.888 11.412 CDO

56.64 102.588 13.2179 9.47196 Let
73.4415 102.588 9.86239 9.47196 us
86.8815 102.588 37.4267 9.47196 consider
127.922 102.588 5.06964 9.47196 a
136.562 102.588 20.5903 9.47196 CDO
160.803 102.588 39.1697 9.47196 structure
203.523 102.588 8.99786 9.47196 of
218.068 101.417 5.82 11.8922 n
229.556 102.588 37.2195 9.47196 tranches
270.352 102.588 33.3411 9.47196 defined
307.427 102.588 11.5167 9.47196 on
322.544 102.588 5.06964 9.47196 a
331.183 102.588 24.8572 9.47196 credit
359.623 102.588 25.9189 9.47196 index.
389.262 102.588 34.8461 9.47196 Tranche
429.092 101.203 2.85942 12.12 i
437.396 102.588 6.6234 9.47196 is
447.596 102.588 38.8679 9.47196 specified
490.077 102.588 10.701 9.47196 by
504.358 102.588 14.3295 9.47196 the

56.6347 118.424 50.057 9.47196 attachment
109.793 118.424 23.1769 9.47196 point

149.785 123.669 3.414 6.98387 1

143.449 123.669 1.89818 6.98387 i

138.313 116.974 7.21622 12.0802 P
157.917 118.428 16.5465 9.47196 and
177.595 118.428 14.2089 9.47196 the
194.873 118.428 52.6974 9.47196 detachment
250.671 118.428 23.1769 9.47196 point
284.879 123.669 2.04917 6.98387 i

279.334 116.974 7.79025 12.0802 P
292.797 118.428 21.5953 9.47196 (with
325.162 123.67 3.50125 6.98387 0
342.069 116.974 6.05625 12.0802 0

319.77 116.974 7.40074 12.0802 P
332.67 116.5 6.64976 11.4694 =
352.917 118.428 16.5465 9.47196 and

396.035 116.974 6 12.0802 1

380.285 123.67 3.46875 6.98387 n

374.847 116.974 7.332 12.0802 P
387.843 116.5 6.588 11.4694 =
402.6 118.428 5.16127 9.47196 ).
410.879 118.428 16.0067 9.47196 The
429.953 118.428 40.34 9.47196 thickness
473.388 118.428 8.99786 9.47196 of
485.503 118.428 33.1658 9.47196 tranche

57.9421 135.753 2.85942 12.12 i
67.2017 137.148 6.6234 9.47196 is
78.3639 137.148 23.8781 9.47196 given
106.806 137.148 10.701 9.47196 by

183.884 142.369 3.4558 6.98387 1

136.188 142.369 1.92142 6.98387 i

157.328 142.369 1.92142 6.98387 i

177.471 142.369 1.92142 6.98387 i

130.989 135.674 7.30463 12.0802 P
152.128 135.674 7.30463 12.0802 P
172.272 135.674 7.30463 12.0802 P

134.77 135.2 7.51982 11.4694 =

193.202 137.148 29.6898 9.47196 (where

243.937 135.821 7.99866 12.0277 1,
253.459 135.821 12.1875 12.0277 ...,

229.019 135.821 3.38813 12.0277 i

267.934 135.821 6.09375 12.0277 n

235.625 135.349 6.69094 11.4195 =

276.24 137.148 5.15928 9.47196 ).
285.96 137.148 6.4242 9.47196 A
296.761 137.148 35.6379 9.47196 position
336.963 137.148 8.03772 9.47196 in
349.565 137.148 9.85044 9.47196 all
365.777 135.967 5.85 11.8922 n
378.242 137.148 37.2195 9.47196 tranches
419.999 137.148 8.99687 9.47196 of
433.558 137.148 5.06964 9.47196 a
443.159 137.148 20.5903 9.47196 CDO
468.361 137.148 39.0442 9.47196 structure
511.917 137.148 6.74292 9.47196 is

56.6432 153.831 57.5021 9.47196 economically
117.485 153.831 45.6178 9.47196 equivalent
166.324 153.831 9.19706 9.47196 to
178.801 153.831 5.06964 9.47196 a
187.077 153.831 25.7297 9.47196 single
215.994 153.831 35.7584 9.47196 position
254.993 153.831 8.03772 9.47196 in
266.27 153.831 14.2239 9.47196 the
283.682 153.831 47.0182 9.47196 underlying
333.952 153.831 25.9179 9.47196 index.
363.106 153.831 16.1262 9.47196 The
382.421 153.831 34.0662 9.47196 SA-CCR
419.891 153.831 37.2235 9.47196 assumes
460.329 153.831 17.5366 9.47196 that
481.086 153.831 10.6771 9.47196 an
495.003 153.831 23.651 9.47196 index

56.6532 167.148 18.3692 9.47196 CDS
78.37 167.148 16.6671 9.47196 and
98.4065 167.148 15.4978 9.47196 any
117.24 167.148 20.7098 9.47196 CDO
141.357 167.148 33.0473 9.47196 tranche
177.836 167.148 49.8986 9.47196 referencing
231.105 167.148 17.4131 9.47196 that
251.857 167.148 23.7695 9.47196 index
278.971 167.148 13.8484 9.47196 are
296.127 167.148 27.3571 9.47196 driven
326.841 167.148 10.7 9.47196 by
340.878 167.148 14.2069 9.47196 the
358.392 167.148 23.2088 9.47196 same
384.909 167.148 27.7197 9.47196 factor.
415.985 167.148 26.9856 9.47196 Under
446.341 167.148 15.7398 9.47196 this
465.415 167.148 53.1595 9.47196 assumption,

56.6532 180.464 14.2089 9.47196 the
73.5713 180.464 32.4078 9.47196 add-on
108.74 180.464 8.99786 9.47196 of
120.5 180.464 5.06964 9.47196 a
128.298 180.464 38.2374 9.47196 portfolio
169.339 180.464 8.99786 9.47196 of
181.218 180.464 19.7865 9.47196 long
203.777 180.464 33.0493 9.47196 tranche
239.537 180.464 39.9834 9.47196 positions
282.256 180.464 10.7269 9.47196 (ie
295.814 180.464 32.2973 9.47196 bought
330.853 180.464 48.7293 9.47196 protection)
382.331 180.464 6.74292 9.47196 is
391.81 180.464 24.2506 9.47196 equal
418.93 180.464 9.19607 9.47196 to
430.929 180.464 14.2089 9.47196 the
447.848 180.464 18.5366 9.47196 sum
469.088 180.464 8.99786 9.47196 of
480.847 180.464 14.3285 9.47196 the
497.885 180.464 20.922 9.47196 add-

56.6632 193.781 15.7428 9.47196 ons
74.9029 193.781 8.99687 9.47196 of
86.4226 193.781 42.6109 9.47196 individual
131.543 193.781 39.4824 9.47196 tranches,
173.544 193.781 16.6661 9.47196 and
192.744 193.781 14.2089 9.47196 the
209.544 193.781 52.1306 9.47196 equivalence
264.146 193.781 8.99786 9.47196 of
275.666 193.781 14.3285 9.47196 the
292.465 193.781 25.3701 9.47196 entire
320.427 193.781 20.5903 9.47196 CDO
343.587 193.781 28.9308 9.47196 capital
375.028 193.781 39.1697 9.47196 structure
416.668 193.781 9.31658 9.47196 to
428.549 193.781 14.2089 9.47196 the
445.229 193.781 47.0261 9.47196 underlying
494.909 193.781 23.7715 9.47196 index

56.6632 207.097 15.2378 9.47196 can
74.6619 207.097 11.0895 9.47196 be
88.582 207.097 43.9047 9.47196 expressed
135.259 207.097 12.2697 9.47196 via

279.475 241.506 3.5031 6.81139 1

249.62 249.897 3.5031 6.81139 1

262.969 234.976 4.03556 11.7819 (
283.483 234.976 3.0297 11.7819 ,
296.838 234.976 4.03556 11.7819 )

334.172 234.976 6.0594 11.7819 1

246.148 226.023 3.5031 6.81139 n

272.973 241.506 1.94772 6.81139 i

293.424 241.506 1.94772 6.81139 i

319.714 241.506 1.94772 6.81139 i

243.118 249.897 1.94772 6.81139 i

267.703 234.976 7.40459 11.7819 P
288.153 234.976 7.40459 11.7819 P

314.443 234.976 7.40459 11.7819 P

245.864 249.63 3.8464 6.46696 =

325.898 234.514 26.8189 11.1861 =

501.956 236.148 16.8125 9.47196 (43)

56.6346 267.592 26.8093 9.47196 where
95.102 266.271 4.02038 12.0277 (
107.368 266.271 3.0183 12.0277 ,
121.076 266.271 4.02038 12.0277 )

100.384 266.271 7.37673 12.0277 A
112.017 266.271 8.71685 12.0277 D

129.959 267.588 6.6234 9.47196 is
139.202 267.588 21.4777 9.47196 delta
163.325 267.588 8.99786 9.47196 of
174.965 267.588 5.06964 9.47196 a
182.644 267.588 19.7865 9.47196 long
205.084 267.588 35.7584 9.47196 position
243.483 267.588 8.03772 9.47196 in
254.164 267.588 5.06964 9.47196 a
261.843 267.588 33.1698 9.47196 tranche
297.603 267.588 18.7188 9.47196 with
318.964 267.588 14.3295 9.47196 the
336.005 267.588 50.057 9.47196 attachment
388.685 267.588 23.1779 9.47196 point
417.57 266.295 7.7597 12.1199 A
429.959 267.588 16.5465 9.47196 and
449.159 267.588 14.2099 9.47196 the
466.079 267.588 52.6954 9.47196 detachment

56.6387 284.151 23.1769 9.47196 point
84.89 282.845 9.03056 12.1199 D
98.8789 284.148 18.5973 9.47196 with
120.238 284.148 32.0573 9.47196 respect
155.037 284.148 9.19607 9.47196 to
167.036 284.148 14.3295 9.47196 the
184.076 284.148 24.9767 9.47196 credit
211.794 284.148 29.7465 9.47196 spread
244.313 284.148 8.99687 9.47196 of
256.072 284.148 14.3295 9.47196 the
273.111 284.148 47.2672 9.47196 underlying
323.15 284.148 25.8044 9.47196 index.

96.359 303.351 8.27676 9.47196 In
108.358 303.351 14.2099 9.47196 the
126.243 303.351 19.3373 9.47196 limit
151.172 302.167 6 11.8922 n
185.28 303.348 2.16132 9.47196 ,
191.16 303.348 14.2089 9.47196 the
209.04 303.348 37.342 9.47196 tranches
250.199 303.348 35.3321 9.47196 become
289.203 303.348 60.3825 9.47196 infinitesimally
353.285 303.348 19.3214 9.47196 thin,
376.445 303.348 16.5465 9.47196 and
396.726 303.348 14.2089 9.47196 the
414.606 303.348 49.558 9.47196 summation
467.887 303.348 8.03772 9.47196 in
479.648 303.348 38.9984 9.47196 Equation

56.6466 317.153 16.8045 9.47196 (43)
76.208 317.153 47.064 9.47196 transforms
126.007 317.153 17.3563 9.47196 into
146.166 317.153 10.6771 9.47196 an
159.605 317.153 35.7624 9.47196 integral:

258.194 335.531 3.43945 6.80422 1

258.256 362.512 3.43945 6.80422 0

271.518 346.025 3.96223 11.7694 (
283.785 346.025 3.96223 11.7694 )

318.799 346.025 5.9493 11.7694 1

264.639 346.025 5.9493 11.7694 g
276.166 346.025 7.27004 11.7694 P
294.385 346.025 13.2193 11.7694 dP

310.683 345.563 24.6896 11.1742 =

501.963 347.268 16.8125 9.47196 (44)

96.3619 380.744 45.2274 9.47196 Specifying
144.361 380.744 5.06964 9.47196 a
152.16 380.744 34.37 9.47196 suitable
189.239 380.744 36.4775 9.47196 function
238.042 379.421 4.06866 12.0277 (
244.53 379.421 4.06866 12.0277 )

230.978 379.421 6.1091 12.0277 g
253.679 380.748 8.99786 9.47196 of
265.438 380.748 5.06964 9.47196 a
273.236 380.748 25.7297 9.47196 single
301.675 380.748 42.8559 9.47196 argument
347.274 380.748 17.5366 9.47196 that
367.554 380.748 34.3431 9.47196 satisfies
404.633 380.748 38.9974 9.47196 Equation
446.392 380.748 16.8045 9.47196 (44)
465.956 380.748 26.9866 9.47196 would
495.716 380.748 22.9209 9.47196 allow

56.6402 397.192 16.7288 9.47196 one
76.3182 397.192 9.19706 9.47196 to
88.6786 397.192 38.4496 9.47196 calculate
130.197 397.192 21.4777 9.47196 delta
154.677 397.192 8.99786 9.47196 of
166.797 397.192 5.06964 9.47196 a
174.835 397.192 33.1698 9.47196 tranche
210.954 397.192 9.38332 9.47196 as
223.312 397.192 14.3295 9.47196 the
240.712 397.192 34.7295 9.47196 average
278.391 397.192 8.99786 9.47196 of
290.509 397.192 15.7438 9.47196 this
309.228 397.192 36.359 9.47196 function
348.588 397.192 37.9177 9.47196 between
389.506 397.192 14.3295 9.47196 the
406.907 397.192 50.057 9.47196 attachment
459.946 397.192 23.1769 9.47196 point
489.332 395.895 7.79025 12.1199 A
502.078 397.188 16.5465 9.47196 and

56.6369 411.232 14.2089 9.47196 the
73.5559 411.232 52.8169 9.47196 detachment
129.116 411.232 23.1779 9.47196 point
157.49 409.945 9.03056 12.1199 D
168.72 411.228 2.16132 9.47196 :

283.443 432.278 6.0298 11.628 1

228.897 439.97 4.01585 11.628 (
241.15 439.97 3.0149 11.628 ,
254.842 439.97 4.01585 11.628 )

323.149 439.97 4.01585 11.628 (
335.586 439.97 4.01585 11.628 )

308.881 429.598 5.03371 6.72244 D

309.571 456.252 4.25983 6.72244 A

234.168 439.966 7.36842 11.628 A
245.787 439.966 8.70703 11.628 D

316.161 439.966 6.0298 11.628 g
327.845 439.966 7.36842 11.628 P
346.31 439.966 13.3982 11.628 dP

272.602 449.47 8.70703 11.628 D
293.894 449.47 7.36842 11.628 A

261.742 439.509 5.99362 11.04 =

501.956 440.868 16.8125 9.47196 (45)

96.3551 473.268 38.0323 9.47196 Function
147.772 471.931 4.0602 12.0641 (
160.343 471.931 4.0602 12.0641 )

140.723 471.931 6.0964 12.0641 g
152.538 471.931 7.4498 12.0641 P
170.395 473.268 15.2378 9.47196 can
189.355 473.268 11.0895 9.47196 be
204.234 473.268 49.1855 9.47196 interpreted
257.154 473.268 9.2628 9.47196 as
270.115 473.268 21.5983 9.47196 delta
295.433 473.268 8.99786 9.47196 of
308.153 473.268 10.6781 9.47196 an
322.553 473.268 60.3825 9.47196 infinitesimally
386.635 473.268 17.1571 9.47196 thin
407.515 473.268 33.1698 9.47196 tranche
444.356 473.268 14.5187 9.47196 (or,
462.594 473.268 5.06964 9.47196 a
471.354 473.268 47.2881 9.47196 tranchelet)

56.632 489.712 18.5973 9.47196 with
78.1107 489.712 14.3285 9.47196 the
95.2688 489.712 50.057 9.47196 attachment
148.187 489.712 23.2964 9.47196 point
176.875 488.395 7.7597 12.12 P
187.2 489.708 2.16132 9.47196 .
192.24 489.708 23.2058 9.47196 Since
218.275 489.708 23.2088 9.47196 more
244.314 489.708 26.8631 9.47196 senior
274.069 489.708 37.34 9.47196 tranches
314.384 489.708 29.621 9.47196 should
346.898 489.708 20.8064 9.47196 have
370.534 489.708 31.4268 9.47196 smaller
404.974 489.708 36.6478 9.47196 add-ons
444.478 489.708 19.675 9.47196 than
467.153 489.708 23.2088 9.47196 more
493.191 489.708 25.4199 9.47196 junior

56.6443 503.752 39.3589 9.47196 tranches,
98.7622 503.752 36.4725 9.47196 function
147.563 502.421 4.07772 12.0277 (
154.065 502.421 4.07772 12.0277 )

140.485 502.421 6.1227 12.0277 g
163.199 503.748 29.627 9.47196 should
195.598 503.748 11.209 9.47196 be
209.517 503.748 62.6613 9.47196 monotonically
274.916 503.748 50.042 9.47196 decreasing.

96.3574 526.307 6.01584 9.47196 It
109.318 526.307 6.6234 9.47196 is
122.998 526.307 42.8629 9.47196 extremely
172.923 526.307 50.9892 9.47196 challenging
230.887 526.307 9.19706 9.47196 to
247.09 526.307 26.9289 9.47196 derive
281.053 526.307 36.357 9.47196 function

334.042 524.971 4.06866 12.0277 (
340.53 524.971 4.06866 12.0277 )

326.98 524.971 6.1091 12.0277 g
353.882 526.308 21.0534 9.47196 from
381.842 526.308 14.3295 9.47196 the
403.084 526.308 62.1504 9.47196 fundamentals.
472.197 526.308 34.4417 9.47196 Instead,
513.601 526.308 5.06964 9.47196 a

56.6458 542.025 62.987 9.47196 benchmarking
124.089 542.025 35.0891 9.47196 exercise
163.452 542.025 16.5824 9.47196 was
184.334 542.025 20.9867 9.47196 used
209.656 542.025 9.19607 9.47196 to
223.219 542.025 37.611 9.47196 calibrate
265.221 542.025 15.6233 9.47196 this
285.264 542.025 36.358 9.47196 function
325.946 542.025 12.4659 9.47196 for
342.749 542.025 14.3285 9.47196 the
361.469 542.025 36.2215 9.47196 SA-CCR.
402.012 542.025 25.7038 9.47196 Banks
432.015 542.025 55.6674 9.47196 participating
492.019 542.025 8.03772 9.47196 in
504.383 542.025 14.3295 9.47196 the

56.6458 555.341 34.9676 9.47196 exercise
94.442 555.341 21.168 9.47196 were
118.439 555.341 25.3054 9.47196 asked
146.636 555.341 9.19706 9.47196 to
158.755 555.341 38.4496 9.47196 calculate
200.033 555.341 20.6401 9.47196 EEPE
223.551 555.341 12.4659 9.47196 for
238.91 555.341 9.85044 9.47196 all
251.628 555.341 37.2225 9.47196 tranches
291.706 555.341 49.9046 9.47196 referencing
344.502 555.341 14.2089 9.47196 the
361.561 555.341 46.7921 9.47196 CDX.NA.IG
411.239 555.341 25.9199 9.47196 index.
440.037 555.341 23.8791 9.47196 Then,
466.795 555.341 14.2059 9.47196 the
483.829 555.341 34.849 9.47196 average

56.6458 568.658 27.383 9.47196 across
86.8843 568.658 25.9428 9.47196 banks
115.683 568.658 12.4699 9.47196 for
131.045 568.658 20.5176 9.47196 each
154.444 568.658 36.2604 9.47196 quantity
193.563 568.658 16.5834 9.47196 was
213.002 568.658 44.3887 9.47196 calculated
260.283 568.658 17.3274 9.47196 (the
280.44 568.658 32.4168 9.47196 highest
315.719 568.658 16.6661 9.47196 and
335.278 568.658 14.2099 9.47196 the
352.316 568.658 28.4567 9.47196 lowest
383.636 568.658 38.5074 9.47196 reported
425.034 568.658 27.2645 9.47196 values
455.154 568.658 21.2895 9.47196 were
479.273 568.658 39.4675 9.47196 excluded

56.6458 581.974 21.0554 9.47196 from
80.6444 581.974 14.3295 9.47196 the
97.922 581.974 37.8092 9.47196 average)
138.719 581.974 12.4659 9.47196 for
154.197 581.974 20.7576 9.47196 both
178.078 581.974 31.4567 9.47196 current
212.516 581.974 16.5465 9.47196 and
232.073 581.974 35.9875 9.47196 stressed
271.072 581.974 25.5833 9.47196 states
299.751 581.974 8.99786 9.47196 of
311.75 581.974 14.2089 9.47196 the
329.03 581.974 32.7624 9.47196 market.
364.788 581.974 27.0225 9.47196 Ratios
394.787 581.974 8.99687 9.47196 of
406.785 581.974 14.3295 9.47196 the
424.183 581.974 34.7295 9.47196 average
461.861 581.974 33.1698 9.47196 tranche
497.98 581.974 20.7596 9.47196 EEPE

56.6458 595.171 9.19706 9.47196 to
69.1227 595.171 14.2099 9.47196 the
86.5198 595.171 18.5366 9.47196 sum
108.238 595.171 8.99786 9.47196 of
120.474 595.171 34.7285 9.47196 average
158.391 595.171 20.7596 9.47196 EEPE
182.508 595.171 27.384 9.47196 across
213.105 595.171 9.96996 9.47196 all
226.302 595.171 37.342 9.47196 tranches
266.859 595.171 13.8494 9.47196 are
283.896 595.171 45.1656 9.47196 essentially
332.279 595.171 57.4782 9.47196 IMM-implied
393.008 595.171 27.5025 9.47196 values
423.725 595.171 8.99786 9.47196 of
435.962 595.171 33.0493 9.47196 tranche
472.2 595.171 24.1211 9.47196 delta;
499.567 595.171 19.1003 9.47196 they

56.6458 608.488 21.0495 9.47196 were
80.4053 608.488 20.9867 9.47196 used
104.164 608.488 12.4659 9.47196 for
119.403 608.488 14.3295 9.47196 the
136.442 608.488 48.6028 9.47196 calibration.

96.3662 627.81 21.5863 9.47196 After
120.725 627.81 25.5474 9.47196 trying
149.166 627.81 30.371 9.47196 several
182.286 627.81 28.8491 9.47196 simple
213.966 627.81 47.2024 9.47196 parametric
263.885 627.81 42.8419 9.47196 functions,
309.484 627.81 5.7768 9.47196 it
318.004 627.81 16.5834 9.47196 was
337.443 627.81 26.147 9.47196 found
366.363 627.81 17.4171 9.47196 that
386.522 627.81 44.1776 9.47196 tranchelet
433.442 627.81 21.4787 9.47196 delta
457.805 627.81 23.8781 9.47196 given
484.445 627.81 10.7 9.47196 by
495.72 626.784 6.97248 6.16248 12

326.353 662.288 3.49325 6.81139 2

296.487 646.923 6.04235 11.7819 1

257.333 654.717 4.02421 11.7819 (
269.792 654.717 4.02421 11.7819 )

287.037 664.347 9.06353 11.7819 (1

321.906 664.347 4.02421 11.7819 )

250.348 654.717 6.04235 11.7819 g
262.058 654.717 7.38375 11.7819 P

314.167 664.347 7.38375 11.7819 P

303.851 646.461 6.6345 11.1861 +

276.721 654.255 6.6345 11.1861 =

297.435 663.885 6.6345 11.1861 +

501.963 655.908 16.8125 9.47196 (46)

56.6418 687.591 18.5973 9.47196 with

98.2585 687.096 12.1412 11.1711 14

89.9747 686.658 6.66552 10.6062 =
114.84 687.588 41.0611 9.47196 describes
158.398 687.588 14.3285 9.47196 the
175.196 687.588 57.3586 9.47196 IMM-implied
235.089 687.588 33.1698 9.47196 tranche
270.73 687.588 25.4109 9.47196 deltas
298.692 687.588 12.4629 9.47196 for
313.688 687.588 46.7961 9.47196 CDX.NA.IG
363.011 687.588 47.7781 9.47196 reasonably
413.288 687.588 19.3224 9.47196 well.
435.131 687.588 27.649 9.47196 Figure
465.251 687.588 5.36844 9.47196 3
473.17 687.588 27.141 9.47196 shows
502.808 687.588 15.8593 9.47196 this

56.6536 701.393 36.2295 9.47196 function
97.2037 701.393 24.8233 9.47196 along
126.244 701.393 18.7178 9.47196 with
149.165 701.393 14.3285 9.47196 the
167.648 701.393 23.2068 9.47196 value
195.125 701.393 24.1291 9.47196 equal
223.564 701.393 9.19607 9.47196 to
237.007 701.393 16.7258 9.47196 one
257.887 701.393 12.4639 9.47196 for
274.568 701.393 14.3285 9.47196 the
293.051 701.393 47.1407 9.47196 underlying
344.408 701.393 25.9199 9.47196 index.
374.531 701.393 18.5296 9.47196 One
397.214 701.393 15.3573 9.47196 can
416.774 701.393 14.689 9.47196 see
435.618 701.393 21.173 9.47196 from
460.939 701.393 14.3295 9.47196 the
479.423 701.393 17.5366 9.47196 plot
501.145 701.393 17.5366 9.47196 that

56.6536 714.709 48.2642 9.47196 tranchelets
108.854 714.709 18.7178 9.47196 with
131.539 714.709 14.2089 9.47196 the
149.663 714.709 50.057 9.47196 attachment
203.668 714.709 23.1759 9.47196 point
230.792 714.709 26.5215 9.47196 below
261.277 714.709 32.7664 9.47196 (above)
297.997 714.709 14.2089 9.47196 the
316.122 714.709 23.2088 9.47196 value
343.246 714.709 8.96101 9.47196 of
356.174 714.709 25.8163 9.47196 about
385.938 714.709 26.5065 9.47196 20.5%
416.298 714.709 13.7289 9.47196 are
433.942 714.709 31.5473 9.47196 treated
469.583 714.709 23.0893 9.47196 more
496.588 714.709 22.0863 9.47196 (less)

56.64 755.592 5.47848 4.79304 12

76.439 756.492 12.9653 7.64604 The
91.5591 756.492 20.5583 7.64604 factor
114.897 754.979 4.91305 10.2552 1

120.885 754.577 5.39453 9.73664 +
138.843 756.492 6.47059 7.64604 in
147.486 756.492 11.5253 7.64604 the
161.166 756.492 37.3546 7.64604 numerator
200.645 756.492 5.32891 7.64604 is
208.088 756.492 26.4492 7.64604 needed
236.645 756.492 7.47157 7.64604 to
246.247 756.492 21.8913 7.64604 satisfy
270.25 756.492 31.311 7.64604 Equation
303.727 756.492 15.1876 7.64604 (44).

76.56 795.948 40.9994 7.18956 Foundations
119.635 795.948 6.804 7.18956 of
128.515 795.948 10.674 7.18956 the
141.237 795.948 42.373 7.18956 standardised
185.639 795.948 31.1548 7.18956 approach
218.875 795.948 9.35096 7.18956 for
230.275 795.948 34.813 7.18956 measuring
267.117 795.948 42.4146 7.18956 counterparty
311.513 795.948 18.7639 7.18956 credit
332.276 795.948 11.436 7.18956 risk
345.72 795.948 33.3215 7.18956 exposures

530.64 796.068 8.15724 7.18956 19

76.56 74.628 61.9422 9.47196 conservatively
140.644 74.628 19.7965 9.47196 than
162.604 74.628 14.3295 9.47196 the
179.046 74.628 26.0434 9.47196 index.
207.249 74.628 23.158 9.47196 Delta
232.563 74.628 12.4659 9.47196 for
247.205 74.628 15.6213 9.47196 any
264.966 74.628 22.2496 9.47196 finite
289.329 74.628 33.1698 9.47196 tranche
324.611 74.628 15.3573 9.47196 can
342.132 74.628 11.0895 9.47196 be
355.453 74.628 44.2672 9.47196 calculated
402.014 74.628 9.2638 9.47196 as
413.416 74.628 14.3295 9.47196 the
429.858 74.628 34.849 9.47196 average
466.82 74.628 8.99687 9.47196 of
477.981 74.628 14.2089 9.47196 the
494.421 74.628 44.1786 9.47196 tranchelet

76.56 88.6716 21.3582 9.47196 delta
101.888 88.6716 36.359 9.47196 function
142.09 88.6716 37.9177 9.47196 between
183.85 88.6716 14.3295 9.47196 the
202.095 88.6716 50.057 9.47196 attachment
255.979 88.6716 23.2964 9.47196 point
286.17 87.3571 7.7597 12.1646 A
299.765 88.668 16.5465 9.47196 and
320.165 88.668 52.8169 9.47196 detachment
376.805 88.668 23.2974 9.47196 point
406.39 87.3571 9.03049 12.1646 D
417.6 88.668 2.16132 9.47196 .
423.6 88.668 14.2667 9.47196 For
441.72 88.668 14.2089 9.47196 the
459.84 88.668 36.359 9.47196 function
500.166 88.668 23.8771 9.47196 given
528.011 88.668 10.7 9.47196 by

76.5596 101.865 38.8789 9.47196 Equation
118.202 101.865 18.9638 9.47196 (46),
139.924 101.865 15.7438 9.47196 this
158.404 101.865 43.6666 9.47196 averaging
204.843 101.865 15.2368 9.47196 can
222.842 101.865 11.0895 9.47196 be
236.642 101.865 46.7871 9.47196 performed
286.201 101.865 50.5241 9.47196 analytically,
339.483 101.865 38.2673 9.47196 resulting
380.523 101.865 8.15824 9.47196 in

322.706 120.968 6.0107 11.7648 1

249.508 128.751 4.00313 11.7648 (
261.722 128.751 3.00535 11.7648 ,
275.371 128.751 4.00313 11.7648 )

292.521 138.366 9.01605 11.7648 (1

327.207 138.366 4.00313 11.7648 )
337.726 138.366 9.01605 11.7648 (1

373.728 138.366 4.00313 11.7648 )

254.761 128.751 7.34508 11.7648 A
266.344 128.751 8.67945 11.7648 D

320.062 138.366 7.34508 11.7648 A

364.703 138.366 8.67945 11.7648 D

330.032 120.507 6.59975 11.1699 +

282.259 128.289 6.59975 11.1699 =

302.864 137.905 6.59975 11.1699 +

348.069 137.905 6.59975 11.1699 +

521.883 129.948 16.8125 9.47196 (47)

76.5617 161.75 25.4358 9.47196 which
104.756 161.75 16.5834 9.47196 was
124.076 161.75 31.1947 9.47196 chosen
158.029 161.75 21.7188 9.47196 (with

203.038 161.285 12.1588 11.1296 14

194.742 160.849 6.67518 10.5668 =
217.08 161.748 3.00792 9.47196 )
222.839 161.748 9.2628 9.47196 as
234.957 161.748 21.3582 9.47196 delta
259.081 161.748 12.4639 9.47196 for
274.318 161.748 20.7098 9.47196 CDO
297.837 161.748 27.2625 9.47196 trades
327.835 161.748 25.901 9.47196 under
356.63 161.748 14.2059 9.47196 the
373.545 161.748 36.2614 9.47196 SA-CCR.

149.402 200.871 29.5035 9.47196 Figure
181.676 200.871 8.57954 9.47196 3:
192.957 200.871 23.158 9.47196 Delta
218.873 200.871 38.9854 9.47196 assumed
260.631 200.871 10.701 9.47196 by
274.191 200.871 14.2089 9.47196 the
291.109 200.871 34.0373 9.47196 SA-CCR
327.955 200.871 12.4659 9.47196 for
343.194 200.871 60.3825 9.47196 infinitesimally
406.314 200.871 17.0376 9.47196 thin
426.114 200.871 39.602 9.47196 tranches.

169.975 464.084 5.59728 10.3666 0

169.975 436.616 5.59728 10.3666 2

169.975 409.149 5.59728 10.3666 4

169.975 381.681 5.59728 10.3666 6

169.975 354.214 5.59728 10.3666 8

164.4 326.746 11.1173 10.3666 10

164.4 299.279 11.1173 10.3666 12

164.4 271.811 11.1173 10.3666 14

179.039 478.403 13.4136 10.3666 0%

230.276 478.403 19.0539 10.3666 20%

284.305 478.403 19.0539 10.3666 40%

338.335 478.403 19.0539 10.3666 60%

392.365 478.403 19.0539 10.3666 80%

443.613 478.403 24.5739 10.3666 100%

150.816 374.035 11.628 6 g
150.816 367.039 11.628 3.996 (
150.816 356.743 11.628 7.332 P
150.816 349.759 11.628 3.996 )

317.111 494.573 7.332 11.628 P

263.663 235.787 52.1388 11.268 Tranchelet

351.391 235.787 26.796 11.268 Index

57.12 796.068 8.15724 7.18956 20

216.84 796.068 40.9994 7.18956 Foundations
259.915 796.068 6.804 7.18956 of
268.795 796.068 10.674 7.18956 the
281.517 796.068 42.373 7.18956 standardised
325.919 796.068 31.1548 7.18956 approach
359.155 796.068 9.35096 7.18956 for
370.555 796.068 34.813 7.18956 measuring
407.397 796.068 42.4146 7.18956 counterparty
451.793 796.068 18.7639 7.18956 credit
472.556 796.068 11.436 7.18956 risk
485.996 796.068 33.3199 7.18956 exposures

56.64 76.092 67.2558 13.352 References

56.64 111.228 22.5704 9.47196 Basel
83.04 111.228 48.8897 9.47196 Committee
135.601 111.228 11.5177 9.47196 on
150.842 111.228 35.3869 9.47196 Banking
189.962 111.228 50.8767 9.47196 Supervision
244.555 111.228 29.7505 9.47196 (1988):
278.031 111.228 55.6186 9.47196 International
337.31 111.228 53.6914 9.47196 convergence
394.671 111.228 8.33851 9.47196 of
406.671 111.228 28.9796 9.47196 capital
439.432 111.228 59.02 9.47196 measurement
502.195 111.228 16.438 9.47196 and

56.63 124.545 28.9756 9.47196 capital
88.3048 124.545 44.1706 9.47196 standards,
135.234 124.545 18.5983 9.47196 July.

93.004 147.948 29.7505 9.47196 (2006):
129.248 147.948 55.7352 9.47196 International
191.409 147.948 53.5659 9.47196 convergence
251.409 147.948 8.33752 9.47196 of
266.171 147.948 28.9786 9.47196 capital
301.694 147.948 58.8875 9.47196 measurement
367.088 147.948 16.436 9.47196 and
390.008 147.948 29.0971 9.47196 capital
425.526 147.948 44.0361 9.47196 standards:
476.036 147.948 6.29472 9.47196 A
488.755 147.948 29.876 9.47196 revised

56.63 161.145 48.4753 9.47196 framework,
107.864 161.145 22.1959 9.47196 June.

91.1813 184.541 29.7505 9.47196 (2010):
125.623 184.541 22.6202 9.47196 Basel
152.865 184.541 10.0895 9.47196 III:
167.744 184.541 6.29472 9.47196 A
178.779 184.541 26.6938 9.47196 global
210.213 184.541 44.2971 9.47196 regulatory
259.289 184.541 46.4007 9.47196 framework
310.411 184.541 11.8155 9.47196 for
326.852 184.541 22.3712 9.47196 more
353.853 184.541 33.8172 9.47196 resilient
392.375 184.541 25.2904 9.47196 banks
422.491 184.541 16.437 9.47196 and
443.609 184.541 34.9158 9.47196 banking
483.206 184.541 35.5383 9.47196 systems,

56.6201 197.738 47.2781 9.47196 December.

92.257 221.134 29.7505 9.47196 (2013):
127.774 221.134 15.6511 9.47196 The
149.139 221.134 54.0629 9.47196 non-internal
208.899 221.134 26.8193 9.47196 model
241.415 221.134 32.878 9.47196 method
280.174 221.134 11.8136 9.47196 for
297.685 221.134 49.0779 9.47196 capitalising
352.522 221.134 54.9722 9.47196 counterparty
413.23 221.134 23.9727 9.47196 credit
442.982 221.134 17.2069 9.47196 risk,
465.946 221.134 52.7302 9.47196 consultative

56.63 234.331 46.9216 9.47196 document,
106.311 234.331 22.3184 9.47196 June.

56.63 257.727 47.8807 9.47196 Canabarro,
107.267 257.727 7.20108 9.47196 E,
117.227 257.727 5.03976 9.47196 E
125.025 257.727 29.8979 9.47196 Picoult
157.784 257.727 16.5465 9.47196 and
177.224 257.727 5.21904 9.47196 T
185.143 257.727 25.2506 9.47196 Wilde
213.102 257.727 29.7505 9.47196 (2003):
245.741 257.727 46.302 9.47196 Analysing
294.813 257.727 56.5419 9.47196 counterparty
354.093 257.727 20.9977 9.47196 risk,
377.85 257.727 19.4419 9.47196 Risk,
400.05 257.727 50.3996 9.47196 September,
453.207 257.727 11.7369 9.47196 pp
467.729 257.727 34.2026 9.47196 11722.

56.6101 281.004 32.9975 9.47196 Gibson,
91.8884 281.004 8.94408 9.47196 M
103.169 281.004 29.7545 9.47196 (2005):
135.334 281.004 50.3767 9.47196 Measuring
188.012 281.004 56.5369 9.47196 counterparty
246.929 281.004 24.9767 9.47196 credit
274.169 281.004 40.1259 9.47196 exposure
316.647 281.004 9.19607 9.47196 to
328.168 281.004 5.06964 9.47196 a
335.608 281.004 42.1069 9.47196 margined
380.129 281.004 60.2799 9.47196 counterparty
442.779 281.004 8.03772 9.47196 in
453.098 281.004 8.94408 9.47196 M
464.502 281.004 32.3979 9.47196 Pykhtin
499.302 281.004 19.3194 9.47196 (ed),

56.6201 294.201 57.016 9.47196 Counterparty
116.374 294.201 23.9777 9.47196 credit
143.143 294.201 14.9599 9.47196 risk
160.901 294.201 45.1188 9.47196 modelling,
208.779 294.201 17.5505 9.47196 Risk
229.059 294.201 28.8013 9.47196 Books.

56.6201 317.597 35.5403 9.47196 Gregory
94.8964 317.597 3.55572 9.47196 J
101.261 317.597 29.7505 9.47196 (2012):
133.78 317.597 57.0081 9.47196 Counterparty
193.526 317.597 23.9727 9.47196 credit
220.281 317.597 14.9609 9.47196 risk
238.039 317.597 16.438 9.47196 and
257.237 317.597 23.9737 9.47196 credit
283.993 317.597 23.2098 9.47196 value
309.912 317.597 50.548 9.47196 adjustment,
363.218 317.597 26.403 9.47196 Wiley.

56.6201 340.873 75.3215 9.47196 ISDA-TBMA-LIBA
139.318 340.873 29.7505 9.47196 (2003):
176.28 340.873 57.012 9.47196 Counterparty
240.601 340.873 14.8404 9.47196 risk
262.802 340.873 42.6915 9.47196 treatment
312.834 340.873 8.218 9.47196 of
328.313 340.873 19.2039 9.47196 OTC
354.832 340.873 45.814 9.47196 derivatives
407.993 340.873 16.438 9.47196 and
431.754 340.873 39.33 9.47196 securities
478.43 340.873 40.1986 9.47196 financing

56.64 354.07 54.3617 9.47196 transactions,
113.761 354.07 22.2008 9.47196 June,
138.84 354.07 210.964 9.47196 www.isda.org/c_and_a/pdf/counterpartyrisk.pdf.

56.64 377.466 34.5612 9.47196 Pykhtin,
93.6016 377.466 8.94408 9.47196 M
105.002 377.466 29.7545 9.47196 (2010):
137.286 377.466 63.0956 9.47196 Collateralised
202.803 377.466 24.9767 9.47196 credit
230.284 377.466 43.833 9.47196 exposure
276.597 377.466 8.03772 9.47196 in
287.035 377.466 5.03976 9.47196 E
294.594 377.466 45.6776 9.47196 Canabarro
342.711 377.466 19.3174 9.47196 (ed),
364.434 377.466 57.1326 9.47196 Counterparty
423.955 377.466 23.9767 9.47196 credit
450.355 377.466 17.1651 9.47196 risk,
469.92 377.466 17.5505 9.47196 Risk
489.841 377.466 28.9218 9.47196 Books.

89.996 400.743 29.7505 9.47196 (2011):
123.352 400.743 61.9412 9.47196 Counterparty
188.759 400.743 15.1502 9.47196 risk
207.474 400.743 58.3357 9.47196 management
269.394 400.743 16.5456 9.47196 and
289.554 400.743 44.1935 9.47196 valuation
337.183 400.743 8.03772 9.47196 in
348.827 400.743 5.21904 9.47196 T
357.586 400.743 37.5621 9.47196 Bielecky,
398.746 400.743 6.98196 9.47196 D
409.186 400.743 23.4767 9.47196 Brigo
436.187 400.743 16.5465 9.47196 and
456.226 400.743 4.86048 9.47196 F
464.747 400.743 26.7824 9.47196 Patras
495.109 400.743 23.5156 9.47196 (eds),

56.6201 413.94 25.894 9.47196 Credit
85.4244 413.94 14.8364 9.47196 risk
103.064 413.94 37.7982 9.47196 frontiers,
143.62 413.94 26.4 9.47196 Wiley.

88.9004 437.336 29.7505 9.47196 (2014):
121.061 437.336 19.8433 9.47196 The
143.252 437.336 54.4862 9.47196 non-internal
200.248 437.336 27.8502 9.47196 model
230.608 437.336 34.5473 9.47196 method
267.569 437.336 12.4659 9.47196 for
282.449 437.336 56.4214 9.47196 counterparty
341.25 437.336 24.9767 9.47196 credit
368.611 437.336 18.8702 9.47196 risk
389.842 437.336 8.03772 9.47196 in
400.28 437.336 5.03976 9.47196 E
407.72 437.336 45.6766 9.47196 Canabarro
455.841 437.336 16.5465 9.47196 and
474.801 437.336 8.94408 9.47196 M
486.205 437.336 32.3979 9.47196 Pykhtin

56.6002 450.533 23.398 9.47196 (eds),
82.7551 450.533 57.1395 9.47196 Counterparty
142.634 450.533 14.9599 9.47196 risk
160.392 450.533 59.771 9.47196 management,
222.922 450.533 17.5505 9.47196 Risk
243.202 450.533 28.9209 9.47196 Books.

56.6002 473.929 27.3601 9.47196 Wilde,
87.3168 473.929 5.21904 9.47196 T
95.7131 473.929 29.7505 9.47196 (2005):
128.83 473.929 38.6777 9.47196 Analytic
170.821 473.929 38.7803 9.47196 methods
212.816 473.929 12.462 9.47196 for
228.649 473.929 38.2285 9.47196 portfolio
270.277 473.929 56.5379 9.47196 counterparty
330.031 473.929 18.9051 9.47196 risk
352.263 473.929 8.03772 9.47196 in
363.547 473.929 8.94408 9.47196 M
375.908 473.929 32.5154 9.47196 Pykhtin
411.664 473.929 19.3184 9.47196 (ed),
434.224 473.929 57.1365 9.47196 Counterparty
494.576 473.929 23.9757 9.47196 credit

56.5802 487.126 14.8364 9.47196 risk
74.2154 487.126 45.1228 9.47196 modelling,
122.097 487.126 17.67 9.47196 Risk
142.496 487.126 28.8013 9.47196 Books.
