594.96 842.04
85.08 37.8787 11.9675 7.54956 RTS
98.8782 37.8787 10.4737 7.54956 ON
111.119 37.8787 18.4944 7.54956 MREL

518.643 783.104 5.59728 10.3666 1

85.08 134.983 11.2387 10.3666 03
98.7586 134.983 16.8813 10.3666 July
118.08 134.983 22.2776 10.3666 2015

85.08 157.423 80.3573 10.3666 EBA/RTS/2015/05

85.08 317.383 42.1978 24.4516 EBA
133.678 317.383 62.2955 24.4516 FINAL
202.208 317.383 54.5616 24.4516 Draft
263.168 317.383 116.079 24.4516 Regulatory
385.569 317.383 98.8192 24.4516 Technical

85.08 349.183 107.222 24.4516 Standards

85.08 409.553 16.779 14.9864 on
105.482 409.553 46.1627 14.9864 criteria
155.28 409.553 19.01 14.9864 for
177.84 409.553 79.7425 14.9864 determining
261.231 409.553 21.7423 14.9864 the
286.551 409.553 62.5409 14.9864 minimum
352.667 409.553 82.0105 14.9864 requirement
438.337 409.553 19.01 14.9864 for
460.897 409.553 28.2987 14.9864 own

85.08 429.113 36.3601 14.9864 funds
125.047 429.113 24.4587 14.9864 and
153.133 429.113 46.7022 14.9864 eligible
203.414 429.113 57.7146 14.9864 liabilities
264.727 429.113 38.6743 14.9864 under
306.957 429.113 58.0992 14.9864 Directive
368.635 429.113 79.1089 14.9864 2014/59/EU

85.08 37.8787 11.9675 7.54956 RTS
98.8782 37.8787 10.4737 7.54956 ON
111.119 37.8787 18.4944 7.54956 MREL

518.643 783.104 5.59728 10.3666 2

85.08 119.503 96.5615 24.4516 Contents

85.08 176.863 8.42352 10.3666 1.
100.68 176.863 42.8131 10.3666 Executive
145.912 176.863 41.7213 10.3666 summary

518.169 176.863 5.59728 10.3666 3

85.08 196.303 8.42352 10.3666 2.
100.68 196.303 53.1918 10.3666 Background
156.353 196.303 16.836 10.3666 and
175.669 196.303 40.1779 10.3666 rationale

518.158 196.303 5.59728 10.3666 5

85.08 215.743 8.42352 10.3666 3.
100.68 215.743 23.014 10.3666 Draft
126.233 215.743 46.2753 10.3666 regulatory
174.948 215.743 40.445 10.3666 technical
217.899 215.743 43.9138 10.3666 standards
264.335 215.743 11.677 10.3666 on
278.375 215.743 31.9299 10.3666 criteria
312.694 215.743 13.089 10.3666 for
328.289 215.743 54.7573 10.3666 determining
385.556 215.743 14.978 10.3666 the
402.953 215.743 42.8992 10.3666 minimum
448.429 215.743 56.3791 10.3666 requirement
507.347 215.743 12.9698 10.3666 for

85.0805 229.178 19.596 10.3666 own
107.158 229.178 24.9526 10.3666 funds
134.631 229.178 16.8327 10.3666 and
153.828 229.178 32.0072 10.3666 eligible
188.374 229.178 39.5806 10.3666 liabilities

512.527 229.178 11.2387 10.3666 14

85.08 248.623 8.42352 10.3666 4.
100.68 248.623 65.6792 10.3666 Accompanying
168.832 248.623 50.0366 10.3666 documents

512.527 248.623 11.2387 10.3666 27

85.08 268.063 13.9976 10.3666 4.1
111.48 268.063 57.3396 10.3666 Cost–benefit
171.251 268.063 69.8059 10.3666 analysis/impact
243.607 268.063 51.6959 10.3666 assessment

512.53 268.063 11.2387 10.3666 27

85.08 285.583 13.9976 10.3666 4.2
111.48 285.583 26.5137 10.3666 Views
140.397 285.583 9.2471 10.3666 of
152.15 285.583 14.8587 10.3666 the
169.431 285.583 35.6747 10.3666 Banking
207.583 285.583 53.65 10.3666 Stakeholder
263.739 285.583 28.1112 10.3666 Group
294.332 285.583 24.6998 10.3666 (BSG)

512.519 285.583 11.2387 10.3666 36

85.08 302.983 13.9976 10.3666 4.3
111.48 302.983 42.5824 10.3666 Feedback
156.476 302.983 11.6759 10.3666 on
170.636 302.983 14.8576 10.3666 the
188.036 302.983 26.9895 10.3666 public
217.431 302.983 55.8359 10.3666 consultation

512.519 302.983 11.2387 10.3666 36

85.08 37.8787 11.9675 7.54956 RTS
98.8782 37.8787 10.4737 7.54956 ON
111.119 37.8787 18.4944 7.54956 MREL

518.643 783.104 5.59728 10.3666 3

85.08 119.503 19.9987 24.4516 1.
121.093 119.503 102.129 24.4516 Executive
229.576 119.503 100.228 24.4516 summary

85.08 176.863 40.0542 10.3666 Directive
131.637 176.863 54.4879 10.3666 2014/59/EU
192.716 176.863 52.9489 10.3666 establishing
252.227 176.863 5.28816 10.3666 a
264.106 176.863 49.4206 10.3666 framework
320.146 176.863 12.9731 10.3666 for
339.71 176.863 14.978 10.3666 the
361.312 176.863 38.9635 10.3666 recovery
406.917 176.863 16.8327 10.3666 and
430.316 176.863 45.6327 10.3666 resolution
482.393 176.863 9.2471 10.3666 of
498.11 176.863 26.1383 10.3666 credit

85.08 192.341 50.5168 10.3666 institutions
138.715 192.341 16.836 10.3666 and
158.75 192.341 50.3788 10.3666 investment
212.386 192.341 22.7965 10.3666 firms
238.421 192.341 18.2182 10.3666 (the
259.799 192.341 22.0612 10.3666 Bank
285.001 192.341 41.2443 10.3666 Recovery
329.404 192.341 16.8338 10.3666 and
349.326 192.341 47.7933 10.3666 Resolution
400.208 192.341 42.716 10.3666 Directive,
446.048 192.341 28.1851 10.3666 BRRD)
477.363 192.341 38.5164 10.3666 provides
518.997 192.341 5.28816 10.3666 a

85.08 207.697 39.7561 10.3666 common
127.804 207.697 45.5135 10.3666 resolution
176.284 207.697 31.2962 10.3666 regime
210.484 207.697 8.31312 10.3666 in
221.765 207.697 14.978 10.3666 the
239.769 207.697 26.9133 10.3666 Union
269.649 207.697 18.4556 10.3666 that
291.128 207.697 28.1917 10.3666 allows
322.326 207.697 48.7129 10.3666 authorities
373.926 207.697 9.41822 10.3666 to
386.409 207.697 19.0848 10.3666 deal
408.362 207.697 19.9537 10.3666 with
431.282 207.697 27.0281 10.3666 failing
461.274 207.697 50.508 10.3666 institutions
514.788 207.697 9.47674 10.3666 as

85.08 223.176 18.4876 10.3666 well
106.32 223.176 9.59707 10.3666 as
118.56 223.176 38.6797 10.3666 ensuring
159.955 223.176 54.5155 10.3666 cooperation
217.195 223.176 39.6358 10.3666 between
259.555 223.176 25.7773 10.3666 home
288.114 223.176 16.836 10.3666 and
307.674 223.176 19.4194 10.3666 host
329.874 223.176 51.5016 10.3666 authorities.
384.114 223.176 8.556 10.3666 In
395.395 223.176 14.978 10.3666 the
413.155 223.176 30.6007 10.3666 future,
446.395 223.176 58.3166 10.3666 shareholders
507.354 223.176 16.836 10.3666 and

85.08 238.654 39.9482 10.3666 creditors
127.912 238.654 15.6028 10.3666 will
146.39 238.654 21.454 10.3666 have
170.869 238.654 9.41822 10.3666 to
183.351 238.654 47.0072 10.3666 internalise
233.391 238.654 14.978 10.3666 the
251.274 238.654 32.4355 10.3666 burden
286.553 238.654 9.2471 10.3666 of
298.797 238.654 21.8228 10.3666 bank
323.52 238.654 31.4397 10.3666 failure,
357.84 238.654 48.8652 10.3666 minimising
409.546 238.654 26.2873 10.3666 moral
438.825 238.654 30.2717 10.3666 hazard
472.064 238.654 16.8327 10.3666 and
491.864 238.654 19.9184 10.3666 risks
514.666 238.654 9.53856 10.3666 to

85.069 254.01 46.2201 10.3666 taxpayers.

85.069 281.489 11.2177 10.3666 To
98.8668 281.489 24.394 10.3666 avoid
125.743 281.489 50.2728 10.3666 institutions
178.536 281.489 49.0021 10.3666 structuring
230.015 281.489 21.3701 10.3666 their
253.892 281.489 39.6976 10.3666 liabilities
296.11 281.489 8.31312 10.3666 in
306.903 281.489 5.28816 10.3666 a
314.581 281.489 18.1983 10.3666 way
335.335 281.489 18.4556 10.3666 that
356.328 281.489 38.0372 10.3666 impedes
396.886 281.489 14.978 10.3666 the
414.286 281.489 58.9094 10.3666 effectiveness
475.597 281.489 9.2471 10.3666 of
487.233 281.489 14.978 10.3666 the
504.75 281.489 19.4492 10.3666 bail-

85.069 296.967 8.31312 10.3666 in
98.148 296.967 9.73286 10.3666 or
112.672 296.967 24.6137 10.3666 other
142.077 296.967 45.5157 10.3666 resolution
192.359 296.967 24.8378 10.3666 tools,
221.999 296.967 16.8338 10.3666 and
243.599 296.967 9.53856 10.3666 to
258.002 296.967 24.3929 10.3666 avoid
287.161 296.967 14.8444 10.3666 the
306.829 296.967 15.7022 10.3666 risk
327.228 296.967 9.24821 10.3666 of
341.145 296.967 44.6712 10.3666 contagion
390.461 296.967 9.73286 10.3666 or
404.985 296.967 5.28816 10.3666 a
415.064 296.967 21.8195 10.3666 bank
441.704 296.967 18.0007 10.3666 run,
464.507 296.967 14.978 10.3666 the
484.31 296.967 39.9328 10.3666 Directive

85.069 312.324 37.0767 10.3666 requires
126.228 312.324 18.4589 10.3666 that
148.904 312.324 50.2762 10.3666 institutions
203.263 312.324 23.4986 10.3666 meet
230.863 312.324 8.97883 10.3666 at
243.939 312.324 10.3279 10.3666 all
258.454 312.324 24.7164 10.3666 times
287.369 312.324 5.28816 10.3666 a
296.723 312.324 29.1379 10.3666 robust
329.958 312.324 42.9014 10.3666 minimum
377.113 312.324 56.3791 10.3666 requirement
437.588 312.324 12.972 10.3666 for
454.743 312.324 19.4757 10.3666 own
478.379 312.324 24.9559 10.3666 funds
507.414 312.324 16.836 10.3666 and

85.069 327.802 32.0083 10.3666 eligible
119.981 327.802 39.6965 10.3666 liabilities
162.562 327.802 34.9427 10.3666 (MREL).
200.271 327.802 17.8738 10.3666 This
221.03 327.802 6.83376 10.3666 is
230.749 327.802 9.53856 10.3666 to
243.231 327.802 11.2575 10.3666 be
257.393 327.802 13.4191 10.3666 set
273.716 327.802 11.6759 10.3666 on
288.238 327.802 5.28816 10.3666 a
296.276 327.802 57.0779 10.3666 case-by-case
356.258 327.802 22.1904 10.3666 basis
381.334 327.802 10.6404 10.3666 by
394.896 327.802 45.6316 10.3666 resolution
443.252 327.802 51.4751 10.3666 authorities,
497.608 327.802 26.6726 10.3666 based

85.0579 343.28 11.6759 10.3666 on
99.2156 343.28 8.97552 10.3666 at
110.73 343.28 21.2156 10.3666 least
134.374 343.28 11.6174 10.3666 six
148.407 343.28 39.7561 10.3666 common
190.522 343.28 31.8051 10.3666 criteria
224.836 343.28 13.418 10.3666 set
240.672 343.28 15.339 10.3666 out
258.553 343.28 8.31312 10.3666 in
269.351 343.28 14.978 10.3666 the
286.626 343.28 27.6166 10.3666 BRRD.

85.0579 370.758 26.4982 10.3666 These
118.06 370.758 40.3258 10.3666 technical
164.976 370.758 43.9149 10.3666 standards
215.497 370.758 31.8107 10.3666 further
253.777 370.758 31.0379 10.3666 specify
291.334 370.758 24.6976 10.3666 these
322.534 370.758 43.0174 10.3666 minimum
372.09 370.758 31.9266 10.3666 criteria
410.491 370.758 8.31312 10.3666 in
425.248 370.758 24.7351 10.3666 order
456.574 370.758 9.41822 10.3666 to
472.535 370.758 34.1743 10.3666 achieve
513.215 370.758 11.0731 10.3666 an

85.0579 386.115 53.1388 10.3666 appropriate
143.023 386.115 31.1781 10.3666 degree
179.024 386.115 9.2471 10.3666 of
193.063 386.115 57.0978 10.3666 convergence
255.107 386.115 8.31643 10.3666 in
268.191 386.115 19.4138 10.3666 how
292.55 386.115 19.8808 10.3666 they
317.274 386.115 14.4988 10.3666 are
336.719 386.115 33.1564 10.3666 applied
374.643 386.115 16.836 10.3666 and
396.366 386.115 51.3967 10.3666 interpreted
452.53 386.115 28.1962 10.3666 across
485.534 386.115 38.7736 10.3666 Member

85.0579 401.593 30.3567 10.3666 States,
119.375 401.593 16.8338 10.3666 and
140.257 401.593 30.5775 10.3666 ensure
174.937 401.593 18.4556 10.3666 that
197.379 401.593 29.7638 10.3666 similar
231.211 401.593 25.1944 10.3666 levels
260.384 401.593 9.2471 10.3666 of
273.587 401.593 25.3953 10.3666 MREL
303.109 401.593 14.4988 10.3666 are
321.711 401.593 13.418 10.3666 set
339.236 401.593 12.972 10.3666 for
356.275 401.593 50.2784 10.3666 institutions
410.506 401.593 19.9559 10.3666 with
434.506 401.593 29.7649 10.3666 similar
468.339 401.593 15.583 10.3666 risk
488.023 401.593 36.23 10.3666 profiles,

85.069 417.071 56.9995 10.3666 resolvability,
145.309 417.071 16.8327 10.3666 and
165.229 417.071 24.7329 10.3666 other
193.075 417.071 64.4328 10.3666 characteristics
260.748 417.071 45.9529 10.3666 regardless
309.829 417.071 9.2471 10.3666 of
322.189 417.071 21.2509 10.3666 their
346.669 417.071 40.9363 10.3666 domicile.
390.711 417.071 50.9971 10.3666 Differences
444.946 417.071 8.1961 10.3666 in
456.341 417.071 14.978 10.3666 the
474.576 417.071 49.5884 10.3666 application

85.08 432.428 9.2471 10.3666 of
97.1975 432.428 14.978 10.3666 the
114.958 432.428 31.9299 10.3666 criteria
149.636 432.428 27.8727 10.3666 would
180.354 432.428 25.6581 10.3666 result
208.795 432.428 8.31312 10.3666 in
219.955 432.428 29.8831 10.3666 similar
252.708 432.428 26.1538 10.3666 banks
281.747 432.428 26.793 10.3666 facing
311.381 432.428 39.33 10.3666 different
353.639 432.428 60.7189 10.3666 requirements
417.243 432.428 16.8338 10.3666 and
436.921 432.428 19.5574 10.3666 thus
459.364 432.428 39.3377 10.3666 different
501.483 432.428 22.7965 10.3666 costs

85.08 447.906 9.2471 10.3666 of
96.8332 447.906 40.8259 10.3666 financing
140.136 447.906 21.3701 10.3666 their
163.891 447.906 42.377 10.3666 activities.

85.08 475.384 31.4784 10.3666 Setting
120.835 475.384 5.28816 10.3666 a
130.429 475.384 21.0058 10.3666 level
155.623 475.384 9.2471 10.3666 of
169.176 475.384 25.3975 10.3666 MREL
198.933 475.384 26.5545 10.3666 based
229.768 475.384 11.6759 10.3666 on
245.725 475.384 14.978 10.3666 the
264.925 475.384 43.0185 10.3666 minimum
312.203 475.384 31.8062 10.3666 criteria
348.314 475.384 17.9334 10.3666 also
370.626 475.384 36.9553 10.3666 requires
411.902 475.384 45.5168 10.3666 resolution
461.699 475.384 48.7129 10.3666 authorities
514.731 475.384 9.41712 10.3666 to

85.08 490.741 28.0736 10.3666 assess
118.677 490.741 35.1558 10.3666 matters
159.356 490.741 26.7963 10.3666 which
191.757 490.741 14.617 10.3666 are
211.919 490.741 17.9323 10.3666 also
235.433 490.741 49.595 10.3666 considered
290.633 490.741 26.8901 10.3666 either
323.153 490.741 8.1961 10.3666 in
336.954 490.741 14.978 10.3666 the
357.596 490.741 47.7866 10.3666 calibration
410.987 490.741 9.2471 10.3666 of
425.867 490.741 46.3249 10.3666 prudential
477.942 490.741 46.2764 10.3666 regulatory

85.08 506.219 60.8359 10.3666 requirements
150.114 506.219 9.73286 10.3666 or
164.154 506.219 8.31643 10.3666 in
176.754 506.219 14.978 10.3666 the
195.829 506.219 56.9763 10.3666 case-by-case
257.144 506.219 52.9114 10.3666 judgements
314.258 506.219 25.2982 10.3666 made
343.895 506.219 10.7618 10.3666 by
359.012 506.219 51.5601 10.3666 supervisory
414.929 506.219 51.3603 10.3666 authorities,
470.606 506.219 20.5554 10.3666 such
495.442 506.219 9.59597 10.3666 as
509.239 506.219 14.978 10.3666 the

85.069 521.697 31.3006 10.3666 degree
121.192 521.697 9.2471 10.3666 of
135.236 521.697 26.7543 10.3666 losses
166.673 521.697 26.7963 10.3666 which
198.238 521.697 50.508 10.3666 institutions
253.43 521.697 9.73286 10.3666 or
268.076 521.697 30.5974 10.3666 groups
303.6 521.697 29.797 10.3666 should
338.285 521.697 11.2586 10.3666 be
354.489 521.697 19.0517 10.3666 able
378.366 521.697 9.41822 10.3666 to
392.647 521.697 33.5991 10.3666 absorb,
431.05 521.697 9.73397 10.3666 or
445.575 521.697 21.2498 10.3666 their
471.737 521.697 15.7022 10.3666 risk
492.261 521.697 32.0359 10.3666 profile,

85.069 537.054 38.2768 10.3666 business
128.99 537.054 28.4479 10.3666 model
162.952 537.054 16.836 10.3666 and
185.394 537.054 38.629 10.3666 systemic
229.675 537.054 54.3841 10.3666 importance.
289.557 537.054 26.4971 10.3666 These
321.599 537.054 40.328 10.3666 technical
367.56 537.054 44.0375 10.3666 standards
417.122 537.054 42.6983 10.3666 therefore
465.363 537.054 17.9378 10.3666 also
488.885 537.054 20.2639 10.3666 seek
514.685 537.054 9.53856 10.3666 to

85.069 552.532 37.8981 10.3666 describe
125.506 552.532 19.2968 10.3666 how
147.35 552.532 24.819 10.3666 these
174.588 552.532 17.3339 10.3666 two
194.501 552.532 17.6375 10.3666 sets
214.659 552.532 9.2471 10.3666 of
226.416 552.532 52.7966 10.3666 judgements
281.733 552.532 29.9162 10.3666 should
314.131 552.532 11.2586 10.3666 be
327.812 552.532 32.196 10.3666 related
362.372 552.532 9.53856 10.3666 to
374.372 552.532 21.2752 10.3666 each
398.012 552.532 27.3825 10.3666 other.

85.069 580.01 16.6583 10.3666 The
105.829 580.01 21.9387 10.3666 draft
131.749 580.01 16.5876 10.3666 RTS
152.389 580.01 17.6187 10.3666 first
174.109 580.01 20.2639 10.3666 seek
198.474 580.01 9.41822 10.3666 to
211.919 580.01 27.2004 10.3666 clarify
243.238 580.01 19.4138 10.3666 how
266.759 580.01 14.9791 10.3666 the
285.839 580.01 45.3965 10.3666 resolution
335.284 580.01 48.4766 10.3666 authority’s
387.849 580.01 51.6981 10.3666 assessment
443.529 580.01 9.2471 10.3666 of
456.849 580.01 14.978 10.3666 the
475.934 580.01 35.0189 10.3666 amount
515.059 580.01 9.2471 10.3666 of

85.069 595.367 25.3975 10.3666 MREL
113.866 595.367 33.757 10.3666 needed
150.942 595.367 9.41822 10.3666 to
163.779 595.367 30.7552 10.3666 absorb
197.854 595.367 26.7543 10.3666 losses
227.967 595.367 19.5574 10.3666 and,
250.765 595.367 28.5406 10.3666 where
282.565 595.367 46.7986 10.3666 necessary,
332.719 595.367 51.3261 10.3666 recapitalise
387.424 595.367 5.28816 10.3666 a
396.057 595.367 18.4136 10.3666 firm
417.766 595.367 21.7267 10.3666 after
442.715 595.367 48.2382 10.3666 resolution,
494.31 595.367 29.9129 10.3666 should

85.069 610.845 11.2575 10.3666 be
100.549 610.845 27.1606 10.3666 linked
131.758 610.845 9.53856 10.3666 to
145.439 610.845 14.978 10.3666 the
164.64 610.845 52.9169 10.3666 institution’s
221.761 610.845 24.5198 10.3666 going
250.32 610.845 36.1571 10.3666 concern
290.405 610.845 29.8886 10.3666 capital
324.37 610.845 63.6224 10.3666 requirements.
392.049 610.845 21.6815 10.3666 They
417.826 610.845 34.1776 10.3666 provide
456.223 610.845 18.4556 10.3666 that
478.775 610.845 45.5157 10.3666 resolution

85.0579 626.323 48.8376 10.3666 authorities
136.539 626.323 32.6409 10.3666 should,
171.939 626.323 9.47674 10.3666 as
184.179 626.323 5.28816 10.3666 a
192.1 626.323 34.5596 10.3666 default,
229.419 626.323 20.2628 10.3666 seek
252.339 626.323 9.41822 10.3666 to
264.459 626.323 16.7609 10.3666 rely
283.899 626.323 11.6759 10.3666 on
298.18 626.323 51.6804 10.3666 supervisory
352.539 626.323 55.9165 10.3666 assessments
411.1 626.323 9.2471 10.3666 of
422.979 626.323 14.978 10.3666 the
440.62 626.323 31.1781 10.3666 degree
474.46 626.323 9.2471 10.3666 of
486.34 626.323 16.9166 10.3666 loss
505.899 626.323 18.3385 10.3666 that

85.0579 641.68 5.28816 10.3666 a
92.8555 641.68 21.8239 10.3666 bank
117.213 641.68 26.8769 10.3666 needs
146.49 641.68 9.41822 10.3666 to
158.487 641.68 11.2575 10.3666 be
172.284 641.68 18.938 10.3666 able
193.761 641.68 9.41822 10.3666 to
205.641 641.68 30.8756 10.3666 absorb
238.997 641.68 16.836 10.3666 and
258.314 641.68 14.978 10.3666 the
275.594 641.68 29.8886 10.3666 capital
307.991 641.68 6.0985 10.3666 it
316.627 641.68 26.7565 10.3666 needs
345.904 641.68 9.41712 10.3666 to
357.779 641.68 38.1818 10.3666 operate.

85.0579 669.158 8.556 10.3666 In
97.7727 669.158 39.9593 10.3666 addition,
141.927 669.158 45.636 10.3666 resolution
191.723 669.158 48.7162 10.3666 authorities
244.638 669.158 29.9162 10.3666 should
278.598 669.158 38.2922 10.3666 consider
321.073 669.158 15.9208 10.3666 any
341.228 669.158 45.0079 10.3666 additional
390.307 669.158 25.3964 10.3666 MREL
419.942 669.158 33.7559 10.3666 needed
457.857 669.158 9.53856 10.3666 to
471.652 669.158 52.5206 10.3666 successfully

85.0579 684.636 48.9337 10.3666 implement
139.049 684.636 14.978 10.3666 the
159.084 684.636 45.5102 10.3666 resolution
209.595 684.636 22.0955 10.3666 plan.
236.824 684.636 8.556 10.3666 In
250.38 684.636 45.9551 10.3666 particular,
301.255 684.636 28.4181 10.3666 where
334.851 684.636 14.8576 10.3666 the
354.887 684.636 45.5102 10.3666 resolution
405.397 684.636 19.3498 10.3666 plan
429.866 684.636 41.2642 10.3666 identifies
476.173 684.636 18.4556 10.3666 that
499.686 684.636 24.3377 10.3666 some

85.0579 699.993 39.6965 10.3666 liabilities
129.558 699.993 27.993 10.3666 would
162.438 699.993 11.2586 10.3666 be
178.643 699.993 34.5121 10.3666 unlikely
218.118 699.993 9.53746 10.3666 to
232.518 699.993 47.1375 10.3666 contribute
284.478 699.993 9.53746 10.3666 to
299.002 699.993 16.9166 10.3666 loss
320.846 699.993 48.65 10.3666 absorption
374.261 699.993 9.73286 10.3666 or
388.906 699.993 68.9028 10.3666 recapitalisation
462.697 699.993 8.31312 10.3666 in
475.897 699.993 48.3596 10.3666 resolution,

85.0579 715.471 45.636 10.3666 resolution
136.178 715.471 48.7184 10.3666 authorities
190.299 715.471 19.0418 10.3666 may
214.899 715.471 22.5956 10.3666 need
242.98 715.471 9.41822 10.3666 to
257.98 715.471 37.2975 10.3666 increase
300.699 715.471 14.978 10.3666 the
321.1 715.471 25.3964 10.3666 MREL
352.059 715.471 9.73286 10.3666 or
367.18 715.471 19.5386 10.3666 take
392.141 715.471 48.5793 10.3666 alternative
446.143 715.471 46.1019 10.3666 measures.
497.733 715.471 6.1272 10.3666 If
509.374 715.471 14.8598 10.3666 the

85.0579 730.949 45.6372 10.3666 resolution
133.176 730.949 41.3614 10.3666 authority
176.976 730.949 42.4764 10.3666 considers
221.973 730.949 18.4556 10.3666 that
242.967 730.949 8.31312 10.3666 in
253.762 730.949 48.2536 10.3666 resolution,
304.533 730.949 5.28816 10.3666 a
312.214 730.949 55.8348 10.3666 contribution
370.53 730.949 9.41822 10.3666 to
382.527 730.949 14.978 10.3666 the
399.928 730.949 22.7965 10.3666 costs
425.244 730.949 9.2471 10.3666 of
437.002 730.949 45.5168 10.3666 resolution
485 730.949 21.6605 10.3666 from
509.236 730.949 14.978 10.3666 the

85.0579 746.427 34.4183 10.3666 Deposit
125.856 746.427 47.4985 10.3666 Guarantee
179.736 746.427 35.2562 10.3666 Scheme
221.254 746.427 27.8727 10.3666 would
255.45 746.427 11.2575 10.3666 be
273.089 746.427 39.234 10.3666 possible,
318.563 746.427 21.7256 10.3666 after
346.517 746.427 51.7566 10.3666 considering
404.593 746.427 14.978 10.3666 the
425.952 746.427 22.6607 10.3666 strict
454.994 746.427 24.3487 10.3666 limits
485.705 746.427 11.6759 10.3666 on
503.705 746.427 20.5565 10.3666 such

85.0579 761.784 62.7591 10.3666 contributions,
150.337 761.784 6.21883 10.3666 it
158.982 761.784 19.0407 10.3666 may
180.579 761.784 17.8186 10.3666 also
200.86 761.784 19.4227 10.3666 take
222.822 761.784 16.3171 10.3666 this
241.539 761.784 17.8186 10.3666 into
261.817 761.784 35.6184 10.3666 account
299.975 761.784 8.31533 10.3666 in
310.772 761.784 30.5212 10.3666 setting
343.77 761.784 14.9791 10.3666 the
361.172 761.784 28.3419 10.3666 MREL.

85.08 37.8787 11.9675 7.54956 RTS
98.8782 37.8787 10.4737 7.54956 ON
111.119 37.8787 18.4944 7.54956 MREL

518.643 783.104 5.59728 10.3666 4

85.08 116.862 28.2017 10.3666 Lastly,
118.084 116.862 14.978 10.3666 the
137.887 116.862 21.9387 10.3666 draft
164.527 116.862 16.4662 10.3666 RTS
185.768 116.862 36.8173 10.3666 propose
227.41 116.862 18.3385 10.3666 that
250.573 116.862 13.0923 10.3666 for
268.333 116.862 14.9791 10.3666 the
288.137 116.862 51.5778 10.3666 assessment
344.539 116.862 9.24821 10.3666 of
358.582 116.862 38.6301 10.3666 systemic
402.024 116.862 18.4799 10.3666 risk,
425.306 116.862 45.5168 10.3666 resolution
475.59 116.862 48.7184 10.3666 authorities

85.08 132.34 30.0332 10.3666 should
118.08 132.34 34.1522 10.3666 identify
155.275 132.34 9.59376 10.3666 as
167.754 132.34 38.6301 10.3666 systemic
209.397 132.34 8.97552 10.3666 at
221.398 132.34 21.3326 10.3666 least
245.635 132.34 25.0575 10.3666 those
273.717 132.34 50.3888 10.3666 institutions
326.99 132.34 26.7963 10.3666 which
356.63 132.34 14.617 10.3666 are
374.272 132.34 42.8672 10.3666 identified
420.106 132.34 9.59376 10.3666 as
432.706 132.34 34.5287 10.3666 globally
470.288 132.34 53.9492 10.3666 systemically

85.091 147.696 45.2154 10.3666 important
137.168 147.696 50.5168 10.3666 Institutions
194.411 147.696 31.7797 10.3666 (G-SIIs)
233.046 147.696 9.73286 10.3666 or
249.366 147.696 24.7373 10.3666 other
280.808 147.696 53.8266 10.3666 systemically
341.528 147.696 45.0984 10.3666 important
393.372 147.696 50.3932 10.3666 institutions
450.489 147.696 32.2611 10.3666 (O-SIIs)
489.486 147.696 12.9731 10.3666 for
509.169 147.696 14.978 10.3666 the

85.091 163.175 41.156 10.3666 purposes
129.375 163.175 9.2471 10.3666 of
141.739 163.175 14.8576 10.3666 the
159.744 163.175 40.6294 10.3666 CRR/CRD
203.548 163.175 11.9022 10.3666 IV.
218.552 163.175 14.7726 10.3666 For
236.436 163.175 38.6301 10.3666 systemic
278.321 163.175 53.0395 10.3666 institutions,
334.485 163.175 45.636 10.3666 resolution
383.209 163.175 48.7162 10.3666 authorities
435.052 163.175 29.9162 10.3666 should
468.052 163.175 38.2933 10.3666 consider
509.456 163.175 14.8576 10.3666 the

85.091 178.653 40.6824 10.3666 potential
129.24 178.653 22.4763 10.3666 need
155.158 178.653 9.41822 10.3666 to
168.116 178.653 11.2575 10.3666 be
182.873 178.653 19.0528 10.3666 able
205.309 178.653 9.53856 10.3666 to
218.387 178.653 28.6775 10.3666 access
250.427 178.653 14.978 10.3666 the
268.906 178.653 45.5157 10.3666 resolution
317.863 178.653 40.8325 10.3666 financing
362.133 178.653 61.2345 10.3666 arrangement,
426.845 178.653 8.31643 10.3666 in
438.485 178.653 14.8587 10.3666 the
456.843 178.653 25.4185 10.3666 event
485.761 178.653 18.4589 10.3666 that
507.72 178.653 6.0985 10.3666 it
517.318 178.653 6.83707 10.3666 is

85.08 194.009 15.3379 10.3666 not
103.443 194.009 36.4585 10.3666 possible
142.806 194.009 9.41822 10.3666 to
155.169 194.009 48.8178 10.3666 implement
206.763 194.009 5.28816 10.3666 a
215.043 194.009 45.5146 10.3666 resolution
263.525 194.009 19.3498 10.3666 plan
285.722 194.009 30.3964 10.3666 relying
318.961 194.009 25.5156 10.3666 solely
347.396 194.009 11.6759 10.3666 on
361.919 194.009 14.978 10.3666 the
379.803 194.009 53.151 10.3666 institution’s
435.841 194.009 19.3564 10.3666 own
458.164 194.009 46.3227 10.3666 resources,
507.369 194.009 16.8338 10.3666 and

85.08 209.487 9.53856 10.3666 to
99.0014 209.487 27.9566 10.3666 assess
131.281 209.487 38.0527 10.3666 whether
173.64 209.487 14.9791 10.3666 the
192.84 209.487 25.3964 10.3666 MREL
222.6 209.487 27.876 10.3666 would
254.758 209.487 11.2575 10.3666 be
270.355 209.487 41.4983 10.3666 sufficient
316.194 209.487 9.41712 10.3666 to
329.994 209.487 30.3368 10.3666 enable
364.674 209.487 14.978 10.3666 the
384.111 209.487 61.5568 10.3666 preconditions
450.109 209.487 8.31533 10.3666 in
462.827 209.487 14.8587 10.3666 the
482.028 209.487 24.7892 10.3666 BRRD
511.185 209.487 12.9731 10.3666 for

85.08 224.965 28.7967 10.3666 access
116.276 224.965 9.53856 10.3666 to
128.272 224.965 24.819 10.3666 these
155.509 224.965 62.6365 10.3666 arrangements
220.669 224.965 9.53856 10.3666 to
232.79 224.965 11.1383 10.3666 be
246.469 224.965 37.4267 10.3666 met.The
286.199 224.965 17.9124 10.3666 EBA
306.595 224.965 34.1997 10.3666 expects
343.316 224.965 24.6976 10.3666 these
370.435 224.965 16.4662 10.3666 RTS
389.392 224.965 9.41822 10.3666 to
401.389 224.965 11.2575 10.3666 be
415.186 224.965 33.9204 10.3666 broadly
451.564 224.965 50.3777 10.3666 compatible
504.359 224.965 19.9625 10.3666 with

85.08 240.322 14.978 10.3666 the
103.436 240.322 42.6365 10.3666 proposed
149.392 240.322 39.3565 10.3666 Financial
192.098 240.322 35.8325 10.3666 Stability
231.205 240.322 26.7908 10.3666 Board
261.356 240.322 22.7866 10.3666 (FSB)
287.388 240.322 21.7808 10.3666 term
312.585 240.322 24.6976 10.3666 sheet
340.66 240.322 12.9731 10.3666 for
356.863 240.322 22.8053 10.3666 Total
382.896 240.322 19.0771 10.3666 Loss
405.333 240.322 45.2806 10.3666 Absorbing
453.93 240.322 38.1178 10.3666 Capacity
495.322 240.322 28.906 10.3666 (TLAC)

85.069 255.8 13.089 10.3666 for
100.668 255.8 36.3084 10.3666 Globally
139.533 255.8 54.7926 10.3666 Systemically
196.882 255.8 45.3358 10.3666 Important
244.64 255.8 26.5137 10.3666 Banks
273.674 255.8 37.8551 10.3666 (G-SIBs).
314.028 255.8 30.4572 10.3666 Where
347.026 255.8 24.2207 10.3666 there
373.786 255.8 14.617 10.3666 are
390.943 255.8 49.9063 10.3666 differences
443.37 255.8 39.1556 10.3666 resulting
485.003 255.8 21.7786 10.3666 from
509.358 255.8 14.8587 10.3666 the

85.069 271.278 29.8577 10.3666 nature
121.065 271.278 9.2471 10.3666 of
136.425 271.278 14.9769 10.3666 the
157.421 271.278 24.957 10.3666 EBA’s
188.377 271.278 40.0575 10.3666 mandate
234.696 271.278 26.6528 10.3666 under
267.456 271.278 14.978 10.3666 the
288.452 271.278 27.6 10.3666 BRRD,
322.048 271.278 9.59707 10.3666 as
337.765 271.278 18.4876 10.3666 well
362.361 271.278 9.59597 10.3666 as
378.076 271.278 15.0056 10.3666 the
399.222 271.278 17.0182 10.3666 fact
422.378 271.278 18.4578 10.3666 that
446.976 271.278 14.8576 10.3666 the
467.856 271.278 24.7892 10.3666 BRRD
498.695 271.278 25.3953 10.3666 MREL

85.069 286.756 56.4983 10.3666 requirement
145.067 286.756 31.5556 10.3666 applies
180.103 286.756 9.41712 10.3666 to
192.941 286.756 26.0367 10.3666 banks
222.34 286.756 26.7963 10.3666 which
252.459 286.756 14.617 10.3666 are
270.456 286.756 15.2186 10.3666 not
289.173 286.756 31.0953 10.3666 G-SIBs,
323.632 286.756 14.978 10.3666 the
342.11 286.756 43.916 10.3666 standards
389.507 286.756 29.9151 10.3666 should
422.864 286.756 15.2175 10.3666 not
441.463 286.756 34.4183 10.3666 present
479.261 286.756 45.009 10.3666 additional

85.069 302.113 41.878 10.3666 obstacles
132.47 302.113 9.53856 10.3666 to
147.588 302.113 45.5157 10.3666 resolution
198.709 302.113 48.7162 10.3666 authorities
252.951 302.113 62.3197 10.3666 implementing
320.746 302.113 14.8576 10.3666 the
341.268 302.113 25.3964 10.3666 MREL
372.227 302.113 12.9731 10.3666 for
390.828 302.113 28.4324 10.3666 G-SIBs
424.664 302.113 53.6014 10.3666 consistently
483.705 302.113 19.9559 10.3666 with
509.264 302.113 14.8576 10.3666 the

85.069 317.591 58.0792 10.3666 international
145.537 317.591 52.1 10.3666 framework.

85.08 37.8787 11.9675 7.54956 RTS
98.8782 37.8787 10.4737 7.54956 ON
111.119 37.8787 18.4944 7.54956 MREL

518.643 783.104 5.59728 10.3666 5

85.08 119.503 19.9987 24.4516 2.
121.093 119.503 127.284 24.4516 Background
254.746 119.503 40.2839 24.4516 and
301.399 119.503 96.2595 24.4516 rationale

85.08 176.863 33.6532 10.3555 Section
121.202 176.863 8.68738 10.3555 1:
132.362 176.863 16.953 10.3555 The
151.682 176.863 25.9098 10.3555 MREL
180.119 176.863 46.7743 10.3555 provisions
229.446 176.863 9.37296 10.3555 of
241.447 176.863 15.1535 10.3555 the
259.087 176.863 22.8142 10.3555 Bank
284.396 176.863 42.0646 10.3555 Recovery
328.905 176.863 17.3273 10.3555 and
348.701 176.863 48.7791 10.3555 Resolution
399.952 176.863 40.944 10.3555 Directive

85.069 204.341 16.6583 10.3666 The
104.509 204.341 28.8983 10.3666 recent
136.189 204.341 37.8076 10.3666 financial
176.628 204.341 22.197 10.3666 crisis
201.588 204.341 28.9557 10.3666 forced
233.268 204.341 59.032 10.3666 governments
295.063 204.341 32.3163 10.3666 around
329.984 204.341 14.978 10.3666 the
347.623 204.341 26.0754 10.3666 world
376.423 204.341 9.41822 10.3666 to
388.663 204.341 29.4989 10.3666 rescue
420.943 204.341 28.9425 10.3666 banks.
452.503 204.341 16.7786 10.3666 The
472.064 204.341 52.058 10.3666 subsequent

85.069 219.698 30.816 10.3666 impact
119.506 219.698 11.6759 10.3666 on
134.867 219.698 26.8669 10.3666 public
165.466 219.698 37.186 10.3666 finances
206.256 219.698 9.59376 10.3666 as
219.453 219.698 18.6057 10.3666 well
241.651 219.698 9.59376 10.3666 as
254.849 219.698 14.978 10.3666 the
273.569 219.698 52.4146 10.3666 undesirable
329.606 219.698 40.8922 10.3666 incentive
374.12 219.698 30.3501 10.3666 effects
408.074 219.698 9.2471 10.3666 of
421.071 219.698 45.275 10.3666 socialising
470.034 219.698 14.978 10.3666 the
488.636 219.698 22.7932 10.3666 costs
515.028 219.698 9.2471 10.3666 of

85.08 235.176 21.8217 10.3666 bank
109.435 235.176 28.7669 10.3666 failure
140.741 235.176 21.454 10.3666 have
164.735 235.176 56.4398 10.3666 underscored
223.656 235.176 14.978 10.3666 the
241.173 235.176 16.8989 10.3666 fact
260.517 235.176 18.4578 10.3666 that
281.514 235.176 5.28816 10.3666 a
289.31 235.176 39.2185 10.3666 different
330.946 235.176 42.2755 10.3666 approach
375.704 235.176 6.83707 10.3666 is
384.941 235.176 36.6219 10.3666 needed.

85.08 262.655 46.4144 10.3666 Significant
137.4 262.655 23.5163 10.3666 steps
166.684 262.655 21.5777 10.3666 have
194.048 262.655 22.4763 10.3666 been
222.372 262.655 25.2363 10.3666 taken
253.457 262.655 9.41822 10.3666 to
268.821 262.655 34.6766 10.3666 address
309.26 262.655 14.978 10.3666 the
330.024 262.655 40.5687 10.3666 potential
376.469 262.655 17.643 10.3666 spill
399.864 262.655 24.479 10.3666 overs
430.08 262.655 39.6358 10.3666 between
475.564 262.655 26.0356 10.3666 banks
507.487 262.655 16.836 10.3666 and

85.08 278.011 50.5157 10.3666 sovereigns,
142.198 278.011 16.836 10.3666 and
165.599 278.011 35.0001 10.3666 thereby
207.116 278.011 31.061 10.3666 reduce
244.801 278.011 14.978 10.3666 the
266.403 278.011 38.6312 10.3666 systemic
311.767 278.011 19.7958 10.3666 risks
338.168 278.011 9.2471 10.3666 of
354.006 278.011 27.144 10.3666 failing
387.712 278.011 28.9469 10.3666 banks.
423.237 278.011 40.0531 10.3666 Directive
469.793 278.011 54.489 10.3666 2014/59/EU

85.069 293.489 53.1885 10.3666 establishing
142.413 293.489 5.28816 10.3666 a
151.768 293.489 49.1821 10.3666 framework
205.046 293.489 13.089 10.3666 for
222.205 293.489 14.978 10.3666 the
241.281 293.489 39.0849 10.3666 recovery
284.48 293.489 16.8327 10.3666 and
305.352 293.489 45.5168 10.3666 resolution
354.913 293.489 9.2471 10.3666 of
368.114 293.489 26.1361 10.3666 credit
398.347 293.489 50.391 10.3666 institutions
452.817 293.489 16.8327 10.3666 and
473.809 293.489 50.3755 10.3666 investment

85.069 308.967 22.9113 10.3666 firms
111.824 308.967 18.3374 10.3666 (the
134.025 308.967 28.0604 10.3666 BRRD)
166.064 308.967 38.3938 10.3666 provides
208.304 308.967 5.28816 10.3666 a
217.421 308.967 39.7561 10.3666 common
261.105 308.967 45.5135 10.3666 resolution
310.546 308.967 31.1748 10.3666 regime
345.707 308.967 8.31312 10.3666 in
357.828 308.967 14.978 10.3666 the
376.671 308.967 27.0292 10.3666 Union
407.504 308.967 18.4556 10.3666 that
429.945 308.967 28.1917 10.3666 allows
462.104 308.967 48.7096 10.3666 authorities
514.661 308.967 9.41822 10.3666 to

85.069 324.324 19.086 10.3666 deal
107.024 324.324 20.0729 10.3666 with
130.064 324.324 27.144 10.3666 failing
160.171 324.324 50.2717 10.3666 institutions
213.449 324.324 9.59376 10.3666 as
225.926 324.324 18.6057 10.3666 well
247.401 324.324 9.59376 10.3666 as
260.001 324.324 38.714 10.3666 ensuring
301.552 324.324 54.6359 10.3666 cooperation
359.156 324.324 39.5111 10.3666 between
401.633 324.324 25.7784 10.3666 home
430.437 324.324 16.7168 10.3666 and
450.12 324.324 19.6589 10.3666 host
472.804 324.324 51.5027 10.3666 authorities.

85.069 339.802 8.556 10.3666 In
96.5914 339.802 14.978 10.3666 the
114.594 339.802 30.7199 10.3666 future,
148.317 339.802 58.077 10.3666 shareholders
209.28 339.802 16.836 10.3666 and
229.084 339.802 39.956 10.3666 creditors
271.923 339.802 15.6084 10.3666 will
290.526 339.802 21.4573 10.3666 have
314.885 339.802 9.53746 10.3666 to
327.245 339.802 20.413 10.3666 bear
350.647 339.802 14.978 10.3666 the
368.65 339.802 32.4355 10.3666 burden
403.93 339.802 9.24821 10.3666 of
416.173 339.802 21.8239 10.3666 bank
441.016 339.802 31.4397 10.3666 failure,
475.459 339.802 48.7261 10.3666 minimising

85.069 355.28 26.2851 10.3666 moral
113.982 355.28 30.392 10.3666 hazard
146.977 355.28 16.8338 10.3666 and
166.413 355.28 19.9151 10.3666 risks
188.971 355.28 9.41822 10.3666 to
201.089 355.28 46.219 10.3666 taxpayers.
249.806 355.28 44.5574 10.3666 Removing
296.962 355.28 14.978 10.3666 the
314.6 355.28 32.9699 10.3666 implicit
350.231 355.28 33.3187 10.3666 subsidy
386.227 355.28 9.2471 10.3666 of
398.102 355.28 22.1738 10.3666 large
422.936 355.28 26.0345 10.3666 banks
451.612 355.28 10.7607 10.3666 by
465.051 355.28 59.16 10.3666 governments

85.069 370.758 15.6028 10.3666 will
104.26 370.758 24.2902 10.3666 avoid
132.113 370.758 14.978 10.3666 the
150.712 370.758 37.2368 10.3666 build-up
191.511 370.758 9.2471 10.3666 of
204.227 370.758 41.9763 10.3666 excessive
249.824 370.758 15.7022 10.3666 risk
269.142 370.758 16.8327 10.3666 and
289.539 370.758 38.1344 10.3666 leverage
331.175 370.758 28.3507 10.3666 within
363.089 370.758 26.1538 10.3666 banks
392.845 370.758 16.8338 10.3666 and
413.242 370.758 14.978 10.3666 the
431.868 370.758 35.1999 10.3666 banking
470.63 370.758 31.6141 10.3666 system
505.904 370.758 9.59597 10.3666 as
518.977 370.758 5.28816 10.3666 a

85.069 386.115 30.3832 10.3666 whole.

85.069 413.593 11.2177 10.3666 To
98.8668 413.593 24.394 10.3666 avoid
125.743 413.593 50.2728 10.3666 institutions
178.536 413.593 49.0021 10.3666 structuring
230.015 413.593 21.3701 10.3666 their
253.892 413.593 39.6976 10.3666 liabilities
296.11 413.593 8.31312 10.3666 in
306.903 413.593 5.28816 10.3666 a
314.581 413.593 18.1983 10.3666 way
335.335 413.593 18.4556 10.3666 that
356.328 413.593 38.0372 10.3666 impedes
396.886 413.593 14.978 10.3666 the
414.286 413.593 58.9094 10.3666 effectiveness
475.597 413.593 9.2471 10.3666 of
487.233 413.593 14.978 10.3666 the
504.75 413.593 19.4492 10.3666 bail-

85.069 429.072 8.31312 10.3666 in
98.148 429.072 9.73286 10.3666 or
112.672 429.072 24.6137 10.3666 other
142.077 429.072 45.5157 10.3666 resolution
192.359 429.072 24.8378 10.3666 tools,
221.999 429.072 16.8338 10.3666 and
243.599 429.072 9.53856 10.3666 to
258.002 429.072 24.3929 10.3666 avoid
287.161 429.072 14.8576 10.3666 the
306.844 429.072 15.7022 10.3666 risk
327.244 429.072 9.2471 10.3666 of
341.153 429.072 44.6712 10.3666 contagion
390.467 429.072 9.73397 10.3666 or
404.993 429.072 5.28816 10.3666 a
415.072 429.072 21.8217 10.3666 bank
441.713 429.072 18.0007 10.3666 run,
464.516 429.072 14.9791 10.3666 the
484.32 429.072 39.935 10.3666 Directive

85.069 444.428 37.0767 10.3666 requires
125.273 444.428 18.4589 10.3666 that
146.879 444.428 50.3987 10.3666 institutions
200.28 444.428 23.4986 10.3666 meet
226.925 444.428 8.97883 10.3666 at
239.05 444.428 10.329 10.3666 all
252.495 444.428 24.8367 10.3666 times
280.459 444.428 5.28816 10.3666 a
288.863 444.428 29.139 10.3666 robust
321.148 444.428 25.3964 10.3666 MREL
349.708 444.428 45.2784 10.3666 expressed
398.075 444.428 9.59707 10.3666 as
410.8 444.428 5.28816 10.3666 a
419.203 444.428 50.6184 10.3666 percentage
472.968 444.428 9.24821 10.3666 of
485.333 444.428 14.8576 10.3666 the
503.337 444.428 21.0102 10.3666 total

85.069 459.906 39.6965 10.3666 liabilities
128.489 459.906 16.8338 10.3666 and
149.007 459.906 19.596 10.3666 own
172.288 459.906 24.9526 10.3666 funds
200.844 459.906 9.12787 10.3666 of
213.682 459.906 14.978 10.3666 the
232.402 459.906 50.3921 10.3666 institutions
283.32 457.481 3.52872 6.53544 1
286.8 459.943 2.78208 10.3666 .
293.28 459.943 31.0798 10.3666 Hence,
328.081 459.943 14.8576 10.3666 the
346.681 459.943 25.3964 10.3666 MREL
375.841 459.943 30.0354 10.3666 should
409.561 459.943 30.5775 10.3666 ensure
443.883 459.943 18.3385 10.3666 that
465.963 459.943 58.1963 10.3666 shareholders

85.0771 475.421 16.8327 10.3666 and
104.392 475.421 40.0785 10.3666 creditors
146.994 475.421 40.0355 10.3666 primarily
189.714 475.421 20.1734 10.3666 bear
212.515 475.421 26.7543 10.3666 losses
241.791 475.421 8.31312 10.3666 in
252.707 475.421 43.672 10.3666 situations
298.901 475.421 45.9562 10.3666 regardless
347.38 475.421 9.24821 10.3666 of
359.137 475.421 26.676 10.3666 which
388.415 475.421 45.5102 10.3666 resolution
436.407 475.421 17.7678 10.3666 tool
456.803 475.421 19.4624 10.3666 (e.g.
478.882 475.421 14.978 10.3666 the
496.4 475.421 27.7855 10.3666 bail-in

85.0661 490.777 9.73286 10.3666 or
98.3914 490.777 28.534 10.3666 bridge
130.545 490.777 21.7035 10.3666 bank
155.866 490.777 25.4251 10.3666 tools)
184.905 490.777 6.83376 10.3666 is
195.222 490.777 35.774 10.3666 applied.
234.574 490.777 8.5571 10.3666 In
246.694 490.777 16.3138 10.3666 this
266.491 490.777 18.1983 10.3666 way
288.206 490.777 14.978 10.3666 the
306.705 490.777 25.2772 10.3666 MREL
335.624 490.777 34.9162 10.3666 ensures
374.143 490.777 41.3779 10.3666 sufficient
419.141 490.777 16.9166 10.3666 loss
439.54 490.777 44.1997 10.3666 absorbing
487.175 490.777 36.9211 10.3666 capacity

85.0661 506.256 18.4556 10.3666 that
106.061 506.256 30.0332 10.3666 should
138.575 506.256 30.3335 10.3666 enable
171.447 506.256 11.0731 10.3666 an
184.884 506.256 32.2412 10.3666 orderly
219.682 506.256 48.3552 10.3666 resolution,
270.438 506.256 38.6786 10.3666 ensuring
311.594 506.256 45.1944 10.3666 continuity
359.345 506.256 9.2471 10.3666 of
370.981 506.256 29.7649 10.3666 critical
403.252 506.256 41.6363 10.3666 functions
447.287 506.256 35.2573 10.3666 without
485.087 506.256 39.0971 10.3666 recourse

85.0661 521.734 9.53856 10.3666 to
97.1836 521.734 26.8703 10.3666 public
126.701 521.734 27.7424 10.3666 funds.

85.0661 549.091 44.68 10.3666 According
132.344 549.091 9.53746 10.3666 to
144.583 549.091 29.0153 10.3666 Article
176.139 549.091 26.2807 10.3666 45(2),
204.941 549.091 14.978 10.3666 the
222.461 549.091 17.9113 10.3666 EBA
242.979 549.091 6.83376 10.3666 is
252.455 549.091 45.869 10.3666 mandated
300.927 549.091 9.41822 10.3666 to
313.045 549.091 35.7961 10.3666 develop
351.444 549.091 21.9332 10.3666 draft
376.036 549.091 46.4 10.3666 regulatory
425.115 549.091 40.3225 10.3666 technical
468.065 549.091 43.9138 10.3666 standards
514.62 549.091 9.53856 10.3666 to

85.0661 564.569 31.1549 10.3666 specify
118.898 564.569 31.8118 10.3666 further
153.218 564.569 14.978 10.3666 the
170.857 564.569 11.6174 10.3666 six
185.015 564.569 31.8062 10.3666 criteria
219.448 564.569 26.7963 10.3666 which
248.848 564.569 45.5135 10.3666 resolution
296.963 564.569 48.7096 10.3666 authorities
348.315 564.569 14.617 10.3666 are
365.592 564.569 41.0765 10.3666 expected
409.272 564.569 9.53856 10.3666 to
421.511 564.569 24.3156 10.3666 apply
448.385 564.569 24.9968 10.3666 when
475.985 564.569 30.7563 10.3666 setting
509.34 564.569 14.8587 10.3666 the

85.0661 580.047 28.3408 10.3666 MREL.
116.023 580.047 16.6583 10.3666 The
135.342 580.047 24.8422 10.3666 EBA’s
162.826 580.047 22.6651 10.3666 work
188.269 580.047 39.1136 10.3666 interacts
230.025 580.047 56.835 10.3666 considerably
289.537 580.047 19.9526 10.3666 with
312.214 580.047 14.8576 10.3666 the
329.613 580.047 22.6629 10.3666 work
355.071 580.047 9.2471 10.3666 of
366.95 580.047 14.9791 10.3666 the
384.712 580.047 15.966 10.3666 FSB
403.548 580.047 9.41822 10.3666 to
415.788 580.047 35.6758 10.3666 develop
454.187 580.047 5.28816 10.3666 a
462.224 580.047 32.1926 10.3666 related
497.145 580.047 27.006 10.3666 global

85.0661 595.404 39.7561 10.3666 standard
127.667 595.404 11.6759 10.3666 on
142.188 595.404 22.324 10.3666 TLAC
167.388 595.404 13.0923 10.3666 for
183.347 595.404 31.0997 10.3666 G-SIBs.
217.307 595.404 16.7775 10.3666 The
236.868 595.404 17.9124 10.3666 EBA
257.629 595.404 20.8766 10.3666 aims
281.388 595.404 9.41822 10.3666 to
293.866 595.404 48.6985 10.3666 implement
345.468 595.404 14.978 10.3666 the
363.349 595.404 25.3964 10.3666 MREL
391.669 595.404 9.59376 10.3666 as
404.155 595.404 38.5517 10.3666 required
445.434 595.404 10.7607 10.3666 by
459.234 595.404 14.8576 10.3666 the
476.995 595.404 27.4808 10.3666 BRRD,
507.479 595.404 16.836 10.3666 and

85.0771 610.882 8.31643 10.3666 in
99.959 610.882 5.28816 10.3666 a
111.841 610.882 18.2016 10.3666 way
136.684 610.882 18.4589 10.3666 that
161.766 610.882 6.83707 10.3666 is
175.086 610.882 46.0589 10.3666 consistent
227.648 610.882 20.0762 10.3666 with
254.289 610.882 14.9791 10.3666 the
275.892 610.882 49.2395 10.3666 developing
331.556 610.882 58.0792 10.3666 international
396.226 610.882 51.846 10.3666 framework,
454.674 610.882 24.2129 10.3666 while
485.509 610.882 38.6797 10.3666 ensuring

85.0661 626.36 67.6377 10.3666 proportionality
155.261 626.36 8.31312 10.3666 in
166.054 626.36 10.5531 10.3666 its
179.008 626.36 49.5862 10.3666 application
231.074 626.36 9.41822 10.3666 to
243.072 626.36 50.2728 10.3666 institutions
295.865 626.36 24.6126 10.3666 other
322.865 626.36 20.4339 10.3666 than
345.78 626.36 31.379 10.3666 G-SIBs.

85.08 754.841 3.52872 6.53544 1
90.603 758.592 13.0023 8.451 See
105.606 758.592 22.9419 8.451 recital
130.569 758.592 9.126 8.451 80
141.738 758.592 13.725 8.451 and
157.578 758.592 23.6817 8.451 Article
183.261 758.592 9.126 8.451 45
194.43 758.592 7.5447 8.451 of
204.033 758.592 32.6826 8.451 Directive
238.716 758.592 44.5563 8.451 2014/59/EU

85.08 37.8787 11.9675 7.54956 RTS
98.8782 37.8787 10.4737 7.54956 ON
111.119 37.8787 18.4944 7.54956 MREL

518.643 783.104 5.59728 10.3666 6

85.08 116.862 33.6532 10.3555 Section
121.205 116.862 8.68738 10.3555 2:
132.361 116.862 36.1957 10.3555 General
170.876 116.862 43.0118 10.3555 approach

85.08 144.34 29.1335 10.3666 Article
116.996 144.34 11.2365 10.3666 45
131.036 144.34 9.2471 10.3666 of
143.032 144.34 14.978 10.3666 the
160.792 144.34 24.7892 10.3666 BRRD
188.393 144.34 38.3971 10.3666 provides
229.675 144.34 12.9676 10.3666 for
245.511 144.34 5.28816 10.3666 a
253.427 144.34 56.9741 10.3666 case-by-case
313.302 144.34 51.6992 10.3666 assessment
367.783 144.34 9.24821 10.3666 of
379.784 144.34 14.978 10.3666 the
397.544 144.34 25.3964 10.3666 MREL
425.864 144.34 12.9731 10.3666 for
441.584 144.34 21.2763 10.3666 each
465.704 144.34 46.1174 10.3666 institution
514.545 144.34 9.73286 10.3666 or

85.0579 159.697 29.1622 10.3666 group,
117.223 159.697 32.0094 10.3666 against
152.257 159.697 5.28816 10.3666 a
160.537 159.697 43.0174 10.3666 minimum
206.495 159.697 13.5384 10.3666 set
223.058 159.697 9.2471 10.3666 of
235.174 159.697 31.9266 10.3666 criteria
270.093 159.697 43.5948 10.3666 described
316.655 159.697 8.31312 10.3666 in
327.812 159.697 29.1368 10.3666 Article
359.974 159.697 13.9203 10.3666 45,
376.897 159.697 45.9904 10.3666 paragraph
425.855 159.697 8.42242 10.3666 6.
437.136 159.697 16.6583 10.3666 The
456.819 159.697 24.7848 10.3666 BRRD
484.657 159.697 21.3569 10.3666 does
509.02 159.697 15.2186 10.3666 not

85.0579 175.175 39.7561 10.3666 establish
127.298 175.175 5.28816 10.3666 a
134.974 175.175 39.7561 10.3666 common
177.09 175.175 28.3982 10.3666 MREL;
207.805 175.175 24.2184 10.3666 while
234.565 175.175 14.978 10.3666 the
251.965 175.175 30.6989 10.3666 impact
285.206 175.175 51.5789 10.3666 assessment
339.328 175.175 13.0923 10.3666 for
354.804 175.175 14.9791 10.3666 the
372.201 175.175 24.7892 10.3666 BRRD
399.436 175.175 45.0377 10.3666 estimated
446.833 175.175 14.978 10.3666 the
464.353 175.175 30.6989 10.3666 impact
497.469 175.175 9.2471 10.3666 of
509.229 175.175 14.8587 10.3666 the

85.0579 190.653 56.5005 10.3666 requirement
144.583 190.653 11.6759 10.3666 on
159.103 190.653 14.978 10.3666 the
177.106 190.653 51.9907 10.3666 assumption
232.064 190.653 9.24821 10.3666 of
244.304 190.653 5.28816 10.3666 a
252.584 190.653 43.2945 10.3666 reference
298.905 190.653 21.0047 10.3666 level
322.779 190.653 9.2471 10.3666 of
335.018 190.653 25.3975 10.3666 MREL
363.339 190.653 9.2471 10.3666 of
375.578 190.653 18.9336 10.3666 10%
397.537 190.653 9.24821 10.3666 of
409.777 190.653 21.0047 10.3666 total
433.774 190.653 42.3428 10.3666 liabilities,
479.12 190.653 14.978 10.3666 the
497.123 190.653 27.1253 10.3666 actual

85.0579 206.01 21.125 10.3666 level
110.014 206.01 29.914 10.3666 should
143.734 206.01 11.2586 10.3666 be
158.857 206.01 37.1099 10.3666 adapted
199.772 206.01 9.41822 10.3666 to
213.094 206.01 29.0131 10.3666 reflect
245.971 206.01 14.978 10.3666 the
264.813 206.01 56.8681 10.3666 resolvability,
325.402 206.01 15.7022 10.3666 risk
344.963 206.01 32.1518 10.3666 profile,
380.956 206.01 38.6312 10.3666 systemic
423.439 206.01 51.5756 10.3666 importance
478.879 206.01 16.8327 10.3666 and
499.518 206.01 24.6137 10.3666 other

85.0579 221.488 64.5553 10.3666 characteristics
152.012 221.488 9.24821 10.3666 of
163.645 221.488 21.2763 10.3666 each
187.405 221.488 48.8575 10.3666 institution.

85.0579 248.966 26.4982 10.3666 These
115.299 248.966 40.3258 10.3666 technical
159.334 248.966 44.0341 10.3666 standards
206.972 248.966 16.6152 10.3666 aim
227.367 248.966 9.41822 10.3666 to
240.567 248.966 31.8107 10.3666 further
276.087 248.966 31.039 10.3666 specify
310.886 248.966 24.6976 10.3666 these
339.326 248.966 43.0196 10.3666 minimum
386.004 248.966 31.9299 10.3666 criteria
421.643 248.966 8.31312 10.3666 in
433.642 248.966 24.7329 10.3666 order
462.084 248.966 9.53746 10.3666 to
475.404 248.966 34.1754 10.3666 achieve
513.322 248.966 10.9561 10.3666 an

85.0579 264.323 53.1344 10.3666 appropriate
143.018 264.323 31.1792 10.3666 degree
179.019 264.323 9.2471 10.3666 of
193.056 264.323 57.1 10.3666 convergence
255.102 264.323 8.31312 10.3666 in
268.183 264.323 19.4039 10.3666 how
292.533 264.323 19.8819 10.3666 they
317.257 264.323 14.4977 10.3666 are
336.7 264.323 33.1564 10.3666 applied
374.625 264.323 16.836 10.3666 and
396.349 264.323 51.3967 10.3666 interpreted
452.513 264.323 28.1962 10.3666 across
485.517 264.323 38.7736 10.3666 Member

85.0579 279.801 30.3567 10.3666 States,
118.419 279.801 16.8327 10.3666 and
138.219 279.801 30.5786 10.3666 ensure
171.822 279.801 18.4556 10.3666 that
193.303 279.801 29.7649 10.3666 similar
226.06 279.801 25.3114 10.3666 levels
254.255 279.801 9.2471 10.3666 of
266.37 279.801 25.3975 10.3666 MREL
294.811 279.801 15.753 10.3666 can
313.531 279.801 11.2586 10.3666 be
327.814 279.801 13.5395 10.3666 set
344.378 279.801 12.9731 10.3666 for
360.343 279.801 50.3877 10.3666 institutions
413.614 279.801 19.9537 10.3666 with
436.534 279.801 29.7605 10.3666 similar
469.286 279.801 15.7022 10.3666 risk
488.009 279.801 36.2311 10.3666 profiles,

85.0579 295.279 54.3124 10.3666 resolvability
142.766 295.279 16.8338 10.3666 and
163.041 295.279 24.6126 10.3666 other
191.002 295.279 64.5553 10.3666 characteristics
259.039 295.279 45.9529 10.3666 regardless
308.355 295.279 9.24821 10.3666 of
321.07 295.279 21.2509 10.3666 their
345.787 295.279 40.9374 10.3666 domicile.
390.093 295.279 51.1108 10.3666 Differences
444.566 295.279 8.1961 10.3666 in
456.203 295.279 14.9791 10.3666 the
474.693 295.279 49.5884 10.3666 application

85.0579 310.757 9.2471 10.3666 of
98.4936 310.757 14.978 10.3666 the
117.574 310.757 31.9266 10.3666 criteria
153.569 310.757 27.8738 10.3666 would
185.601 310.757 25.4196 10.3666 result
215.237 310.757 8.31312 10.3666 in
227.71 310.757 29.8831 10.3666 similar
261.777 310.757 26.1527 10.3666 banks
292.009 310.757 26.7941 10.3666 facing
323.014 310.757 39.33 10.3666 different
366.567 310.757 60.7178 10.3666 requirements
431.483 310.757 16.836 10.3666 and
452.358 310.757 19.5574 10.3666 thus
476.113 310.757 48.0814 10.3666 potentially

85.0469 326.114 39.33 10.3666 different
126.799 326.114 22.7965 10.3666 costs
152.116 326.114 9.2471 10.3666 of
163.753 326.114 40.8281 10.3666 financing
206.942 326.114 21.3701 10.3666 their
230.818 326.114 42.3792 10.3666 activities.

85.0469 353.592 31.4784 10.3666 Setting
120.802 353.592 5.28816 10.3666 a
130.396 353.592 21.0058 10.3666 level
155.59 353.592 9.2471 10.3666 of
169.143 353.592 25.3975 10.3666 MREL
198.9 353.592 26.5545 10.3666 based
229.735 353.592 11.6759 10.3666 on
245.692 353.592 14.978 10.3666 the
264.892 353.592 43.0185 10.3666 minimum
312.169 353.592 31.8062 10.3666 criteria
348.281 353.592 17.9334 10.3666 also
370.593 353.592 36.9553 10.3666 requires
411.868 353.592 45.5168 10.3666 resolution
461.665 353.592 48.7129 10.3666 authorities
514.698 353.592 9.41712 10.3666 to

85.0469 369.071 28.067 10.3666 assess
118.634 369.071 35.1569 10.3666 matters
159.311 369.071 26.7952 10.3666 which
191.726 369.071 14.617 10.3666 are
211.887 369.071 17.9323 10.3666 also
235.401 369.071 49.5928 10.3666 considered
290.6 369.071 26.8912 10.3666 either
323.121 369.071 8.1961 10.3666 in
336.922 369.071 14.978 10.3666 the
357.564 369.071 47.7866 10.3666 calibration
410.954 369.071 9.24821 10.3666 of
425.835 369.071 46.3238 10.3666 prudential
477.909 369.071 46.2764 10.3666 regulatory

85.0469 384.427 60.837 10.3666 requirements
150.081 384.427 9.73286 10.3666 or
164.121 384.427 8.31643 10.3666 in
176.721 384.427 14.978 10.3666 the
195.796 384.427 56.9763 10.3666 case-by-case
257.111 384.427 52.9114 10.3666 judgements
314.225 384.427 25.2982 10.3666 made
343.862 384.427 10.7618 10.3666 by
358.979 384.427 51.5601 10.3666 supervisory
414.896 384.427 51.3603 10.3666 authorities,
470.573 384.427 20.5554 10.3666 such
495.409 384.427 9.59597 10.3666 as
509.206 384.427 14.978 10.3666 the

85.0358 399.905 31.3006 10.3666 degree
121.159 399.905 9.2471 10.3666 of
135.203 399.905 26.7543 10.3666 losses
166.64 399.905 26.7963 10.3666 which
198.205 399.905 50.508 10.3666 institutions
253.397 399.905 9.73286 10.3666 or
268.043 399.905 30.5974 10.3666 groups
303.567 399.905 29.797 10.3666 should
338.251 399.905 11.2586 10.3666 be
354.456 399.905 19.0517 10.3666 able
378.333 399.905 9.41822 10.3666 to
392.614 399.905 33.5991 10.3666 absorb,
431.017 399.905 9.73397 10.3666 or
445.542 399.905 21.2498 10.3666 their
471.704 399.905 15.7022 10.3666 risk
492.227 399.905 32.0127 10.3666 profile,

85.0358 415.383 38.2768 10.3666 business
128.957 415.383 28.4479 10.3666 model
162.919 415.383 16.836 10.3666 and
185.361 415.383 38.629 10.3666 systemic
229.642 415.383 54.3841 10.3666 importance.
289.524 415.383 26.4971 10.3666 These
321.566 415.383 40.328 10.3666 technical
367.527 415.383 44.0375 10.3666 standards
417.089 415.383 42.6983 10.3666 therefore
465.33 415.383 17.9378 10.3666 also
488.851 415.383 20.2639 10.3666 seek
514.652 415.383 9.53856 10.3666 to

85.0358 430.74 37.8981 10.3666 describe
125.473 430.74 19.2946 10.3666 how
147.314 430.74 24.8179 10.3666 these
174.55 430.74 17.3339 10.3666 two
194.463 430.74 17.6364 10.3666 sets
214.62 430.74 9.2471 10.3666 of
226.377 430.74 52.7966 10.3666 judgements
281.694 430.74 29.9162 10.3666 should
314.09 430.74 11.2575 10.3666 be
327.77 430.74 32.196 10.3666 related
362.33 430.74 9.53856 10.3666 to
374.33 430.74 21.2763 10.3666 each
397.97 430.74 27.3825 10.3666 other.

85.0358 458.219 47.79 10.3666 Resolution
136.146 458.219 48.7107 10.3666 authorities
188.1 458.219 17.9323 10.3666 also
209.33 458.219 22.5956 10.3666 need
235.246 458.219 9.53856 10.3666 to
248.087 458.219 40.9176 10.3666 consider,
292.244 458.219 25.116 10.3666 when
320.681 458.219 30.6371 10.3666 setting
354.635 458.219 11.0731 10.3666 an
369.029 458.219 53.0141 10.3666 appropriate
425.421 458.219 28.0802 10.3666 MREL,
456.858 458.219 14.978 10.3666 the
475.214 458.219 49.0573 10.3666 interaction

85.0358 473.697 19.9559 10.3666 with
107.837 473.697 24.6126 10.3666 other
135.196 473.697 46.7975 10.3666 conditions
184.878 473.697 13.418 10.3666 set
201.2 473.697 10.6404 10.3666 by
214.761 473.697 14.978 10.3666 the
232.521 473.697 27.6 10.3666 BRRD,
263.003 473.697 8.31533 10.3666 in
274.164 473.697 43.2128 10.3666 particular
320.245 473.697 12.8528 10.3666 for
335.967 473.697 45.636 10.3666 resolution
384.448 473.697 38.5594 10.3666 planning
425.845 473.697 16.836 10.3666 and
445.526 473.697 14.978 10.3666 the
463.408 473.697 60.837 10.3666 requirements

85.0358 489.053 13.089 10.3666 for
100.631 489.053 15.5774 10.3666 use
118.628 489.053 9.2471 10.3666 of
130.266 489.053 14.978 10.3666 the
147.783 489.053 45.5113 10.3666 resolution
195.775 489.053 20.5521 10.3666 fund
218.809 489.053 9.53856 10.3666 to
230.926 489.053 41.7146 10.3666 indirectly
275.081 489.053 30.8756 10.3666 absorb
308.438 489.053 29.4227 10.3666 losses.

85.0358 516.532 21.3911 10.3666 Both
109.99 516.532 17.7545 10.3666 CRR
131.469 516.532 46.2775 10.3666 regulatory
181.265 516.532 29.7594 10.3666 capital
214.612 516.532 60.8381 10.3666 requirements
279.053 516.532 16.8327 10.3666 and
299.448 516.532 14.9791 10.3666 the
317.929 516.532 24.7837 10.3666 BRRD
346.363 516.532 61.6772 10.3666 preconditions
411.643 516.532 13.089 10.3666 for
428.32 516.532 15.4582 10.3666 use
447.28 516.532 9.2471 10.3666 of
460.115 516.532 14.9791 10.3666 the
478.716 516.532 45.5577 10.3666 resolution

85.0358 532.01 20.6757 10.3666 fund
108.441 532.01 11.6726 10.3666 (in
122.837 532.01 29.1379 10.3666 Article
154.636 532.01 23.3849 10.3666 44(5)
180.792 532.01 16.836 10.3666 and
200.233 532.01 12.2246 10.3666 (8)
215.109 532.01 9.2471 10.3666 of
226.988 532.01 14.978 10.3666 the
244.629 532.01 28.0648 10.3666 BRRD)
275.465 532.01 11.4584 10.3666 do
289.624 532.01 39.627 10.3666 establish
331.853 532.01 39.8765 10.3666 common
374.211 532.01 43.014 10.3666 minimum
420.045 532.01 63.5131 10.3666 requirements,
486.196 532.01 38.0328 10.3666 whereas

85.0358 547.367 14.978 10.3666 the
102.436 547.367 24.7892 10.3666 BRRD
129.793 547.367 21.3569 10.3666 does
153.55 547.367 15.3379 10.3666 not
171.307 547.367 39.6358 10.3666 establish
213.423 547.367 5.28816 10.3666 a
221.103 547.367 39.7561 10.3666 common
263.341 547.367 42.9014 10.3666 minimum
308.818 547.367 12.972 10.3666 for
324.295 547.367 14.8576 10.3666 the
341.716 547.367 28.2182 10.3666 MREL.

85.0248 574.845 16.6583 10.3666 The
106.505 574.845 17.9124 10.3666 EBA
129.31 574.845 6.83376 10.3666 is
140.95 574.845 52.3859 10.3666 additionally
198.299 574.845 38.4369 10.3666 required
241.624 574.845 9.53746 10.3666 to
256.147 574.845 30.816 10.3666 submit
291.784 574.845 5.28816 10.3666 a
301.985 574.845 28.4225 10.3666 report
335.233 574.845 9.53746 10.3666 to
349.634 574.845 14.978 10.3666 the
369.558 574.845 54.5111 10.3666 Commission
428.957 574.845 10.6404 10.3666 by
444.438 574.845 11.1173 10.3666 31
460.397 574.845 36.6142 10.3666 October
501.924 574.845 22.2776 10.3666 2016

85.0248 590.323 43.7184 10.3666 reviewing
131.706 590.323 14.8543 10.3666 the
149.582 590.323 71.7953 10.3666 implementation
224.224 590.323 9.2471 10.3666 of
236.46 590.323 11.0764 10.3666 an
250.382 590.323 25.3975 10.3666 MREL
278.702 590.323 8.97552 10.3666 at
290.582 590.323 36.602 10.3666 national
330.059 590.323 21.0058 10.3666 level
353.934 590.323 16.8327 10.3666 and
373.734 590.323 31.9277 10.3666 several
408.537 590.323 33.4744 10.3666 aspects
444.774 590.323 9.2471 10.3666 of
456.891 590.323 14.978 10.3666 the
474.894 590.323 49.1843 10.3666 framework

85.0248 605.68 13.089 10.3666 for
100.624 605.68 11.0764 10.3666 an
114.06 605.68 25.3964 10.3666 MREL
142.02 605.68 13.4191 10.3666 set
157.857 605.68 15.339 10.3666 out
175.738 605.68 8.31533 10.3666 in
186.414 605.68 14.9791 10.3666 the
203.811 605.68 27.6221 10.3666 BRRD.

85.0248 633.158 33.6532 10.3555 Section
121.147 633.158 8.68738 10.3555 3:
132.424 633.158 34.6137 10.3555 Specific
169.5 633.158 32.6939 10.3555 criteria

85.0248 660.637 18.1144 10.3666 This
105.543 660.637 32.3141 10.3666 section
140.217 660.637 36.4684 10.3666 explains
179.209 660.637 19.2935 10.3666 how
201.044 660.637 14.8587 10.3666 the
218.321 660.637 16.5876 10.3666 RTS
237.401 660.637 31.0345 10.3666 specify
270.905 660.637 31.8107 10.3666 further
305.101 660.637 14.978 10.3666 the
322.496 660.637 51.8151 10.3666 assessment
376.609 660.637 31.9266 10.3666 criteria
410.92 660.637 9.2471 10.3666 of
422.677 660.637 29.0175 10.3666 Article
454.237 660.637 26.2079 10.3666 45(6).

85.0248 687.862 13.9976 10.0354 3.1
101.583 687.862 56.0435 10.0354 Resolvability
160.132 687.862 16.9574 10.0354 and
179.574 687.862 30.1304 10.0354 capital
212.213 687.862 42.9809 10.0354 adequacy

85.0248 715.473 16.6583 10.3666 The
104.222 715.473 31.9255 10.3666 criteria
138.779 715.473 8.31643 10.3666 in
149.697 715.473 29.0175 10.3666 Article
181.257 715.473 35.3854 10.3666 45(6)(a)
219.295 715.473 16.836 10.3666 and
238.735 715.473 12.4653 10.3666 (b)
253.738 715.473 23.0537 10.3666 cater
279.298 715.473 9.41822 10.3666 to
291.416 715.473 14.8587 10.3666 the
308.936 715.473 22.4763 10.3666 need
334.014 715.473 9.53856 10.3666 to
346.135 715.473 23.4986 10.3666 meet
372.173 715.473 14.9791 10.3666 the
389.813 715.473 45.5157 10.3666 resolution
437.812 715.473 45.3578 10.3666 objectives
485.694 715.473 24.9912 10.3666 when
513.287 715.473 10.9561 10.3666 an

85.0138 730.951 46.2355 10.3666 institution
134.57 730.951 6.83707 10.3666 is
144.767 730.951 38.1962 10.3666 resolved
186.283 730.951 23.439 10.3666 using
213.034 730.951 14.978 10.3666 the
231.389 730.951 45.636 10.3666 resolution
280.344 730.951 24.8389 10.3666 tools,
308.54 730.951 40.3589 10.3666 including
352.21 730.951 30.5411 10.3666 bail-in.
386.086 730.951 16.7786 10.3666 The
406.242 730.951 22.4763 10.3666 main
432.038 730.951 29.5165 10.3666 means
464.915 730.951 10.7607 10.3666 by
478.954 730.951 26.7963 10.3666 which
509.071 730.951 14.978 10.3666 the

85.0138 746.429 25.3964 10.3666 MREL
115.854 746.429 51.3559 10.3666 contributes
172.733 746.429 9.41822 10.3666 to
187.613 746.429 38.5605 10.3666 ensuring
231.649 746.429 18.4589 10.3666 that
255.649 746.429 22.802 10.3666 firms
283.734 746.429 15.8755 10.3666 can
305.096 746.429 11.2586 10.3666 be
321.776 746.429 38.1962 10.3666 resolved
365.457 746.429 8.31312 10.3666 in
379.135 746.429 5.28816 10.3666 a
389.81 746.429 18.1983 10.3666 way
413.326 746.429 26.7963 10.3666 which
445.365 746.429 27.8363 10.3666 meets
478.603 746.429 45.6327 10.3666 resolution

85.0138 761.785 45.3578 10.3666 objectives
133.256 761.785 6.83376 10.3666 is
142.975 761.785 9.41822 10.3666 to
155.336 761.785 30.5786 10.3666 ensure
188.818 761.785 18.4556 10.3666 that
210.057 761.785 24.3399 10.3666 there
237.301 761.785 14.4955 10.3666 are
254.7 761.785 33.7559 10.3666 enough
291.302 761.785 19.5971 10.3666 own
313.744 761.785 24.8334 10.3666 funds
341.462 761.785 16.8327 10.3666 and
361.141 761.785 32.0072 10.3666 eligible
396.051 761.785 39.6954 10.3666 liabilities
438.633 761.785 39.4437 10.3666 available
480.98 761.785 9.53746 10.3666 to
493.34 761.785 30.8756 10.3666 absorb

85.08 37.8787 11.9675 7.54956 RTS
98.8782 37.8787 10.4737 7.54956 ON
111.119 37.8787 18.4944 7.54956 MREL

518.643 783.104 5.59728 10.3666 7

85.08 116.862 26.8736 10.3666 losses
114.718 116.862 16.8327 10.3666 and
134.275 116.862 47.1375 10.3666 contribute
184.316 116.862 9.41822 10.3666 to
196.678 116.862 71.6662 10.3666 recapitalisation.
271.082 116.862 18.1144 10.3666 This
292.08 116.862 8.31312 10.3666 in
303.237 116.862 19.118 10.3666 turn
325.079 116.862 15.6028 10.3666 will
343.43 116.862 25.3534 10.3666 mean
371.645 116.862 18.4556 10.3666 that
392.882 116.862 60.805 10.3666 extraordinary
456.607 116.862 26.984 10.3666 public
486.603 116.862 37.6718 10.3666 financial

85.08 132.34 35.0189 10.3666 support
122.88 132.34 6.83597 10.3666 is
132.48 132.34 15.3379 10.3666 not
150.6 132.34 33.7559 10.3666 needed
187.08 132.34 9.41822 10.3666 to
199.32 132.34 30.7552 10.3666 absorb
232.8 132.34 26.7565 10.3666 losses
262.319 132.34 9.73286 10.3666 or
274.679 132.34 47.0183 10.3666 contribute
324.359 132.34 9.53856 10.3666 to
336.719 132.34 71.6386 10.3666 recapitalisation,
411.118 132.34 16.836 10.3666 and
430.678 132.34 14.978 10.3666 the
448.318 132.34 15.5785 10.3666 use
466.678 132.34 9.2471 10.3666 of
478.678 132.34 45.5157 10.3666 resolution

85.08 147.696 24.957 10.3666 funds
113.165 147.696 6.83597 10.3666 is
123.128 147.696 19.161 10.3666 only
145.452 147.696 38.5561 10.3666 required
187.097 147.696 8.31533 10.3666 in
198.502 147.696 60.9198 10.3666 extraordinary
262.461 147.696 63.8366 10.3666 circumstances
329.305 147.696 16.836 10.3666 and
349.229 147.696 25.116 10.3666 when
377.434 147.696 24.6126 10.3666 other
405.157 147.696 61.6772 10.3666 preconditions
469.962 147.696 8.31533 10.3666 in
481.366 147.696 14.9769 10.3666 the
499.485 147.696 24.7903 10.3666 BRRD

85.08 163.175 14.6181 10.3666 are
102.48 163.175 20.7817 10.3666 met.
126.121 163.175 10.6768 10.3666 As
139.562 163.175 23.2789 10.3666 such,
165.604 163.175 14.978 10.3666 the
183.366 163.175 43.916 10.3666 standards
230.168 163.175 31.8129 10.3666 further
264.73 163.175 31.0412 10.3666 specify
298.572 163.175 14.978 10.3666 the
316.202 163.175 38.3121 10.3666 criterion
357.238 163.175 8.31312 10.3666 in
368.396 163.175 29.0153 10.3666 Article
400.195 163.175 35.3821 10.3666 45(6)(a)
438.353 163.175 8.31533 10.3666 in
449.394 163.175 14.978 10.3666 the
467.156 163.175 23.8541 10.3666 same
493.672 163.175 18.1961 10.3666 way
514.668 163.175 9.59707 10.3666 as

85.08 178.653 18.4556 10.3666 that
106.792 178.653 8.31312 10.3666 in
118.304 178.653 29.1368 10.3666 Article
150.697 178.653 35.8656 10.3666 45(6)(b)
189.728 178.653 38.3143 10.3666 criterion
231.247 178.653 37.5967 10.3666 (relating
272.039 178.653 9.53746 10.3666 to
284.759 178.653 29.8809 10.3666 capital
317.871 178.653 42.918 10.3666 adequacy
364.062 178.653 41.4331 10.3666 following
408.69 178.653 33.8796 10.3666 bail-in),
445.804 178.653 15.2186 10.3666 but
464.279 178.653 28.8398 10.3666 noting
496.309 178.653 18.4578 10.3666 that
518.024 178.653 6.21773 10.3666 it

85.091 194.009 31.6682 10.3666 applies
119.28 194.009 9.53746 10.3666 to
131.277 194.009 10.3224 10.3666 all
144.105 194.009 45.5157 10.3666 resolution
192.102 194.009 24.7395 10.3666 tools.

85.091 221.488 16.6583 10.3666 The
105.613 221.488 29.8798 10.3666 capital
139.442 221.488 42.918 10.3666 adequacy
186.242 221.488 38.194 10.3666 criterion
228.36 221.488 15.3533 10.3666 has
247.688 221.488 17.3372 10.3666 two
269.051 221.488 44.3587 10.3666 elements:
317.413 221.488 16.9144 10.3666 loss
338.295 221.488 48.6356 10.3666 absorption
390.857 221.488 16.8327 10.3666 and
411.618 221.488 71.7744 10.3666 recapitalisation.
487.212 221.488 16.7775 10.3666 The
507.853 221.488 16.4662 10.3666 RTS

85.091 236.966 36.8173 10.3666 propose
124.449 236.966 19.4138 10.3666 how
146.406 236.966 45.5157 10.3666 resolution
194.404 236.966 48.597 10.3666 authorities
245.521 236.966 30.0365 10.3666 should
278.038 236.966 27.9566 10.3666 assess
308.395 236.966 14.978 10.3666 the
325.675 236.966 35.1381 10.3666 amount
363.351 236.966 44.001 10.3666 necessary
409.908 236.966 12.9731 10.3666 for
425.385 236.966 23.9016 10.3666 each.

85.091 264.323 16.6583 10.3666 The
104.288 264.323 17.7391 10.3666 first
124.567 264.323 6.83707 10.3666 is
133.924 264.323 14.978 10.3666 the
151.441 264.323 22.4763 10.3666 need
176.398 264.323 9.53856 10.3666 to
188.399 264.323 30.5786 10.3666 ensure
221.517 264.323 18.4589 10.3666 that
242.532 264.323 26.7532 10.3666 losses
271.807 264.323 14.617 10.3666 are
288.963 264.323 44.6612 10.3666 absorbed.
336.12 264.323 16.7775 10.3666 The
355.436 264.323 46.2775 10.3666 regulatory
404.169 264.323 29.8798 10.3666 capital
436.557 264.323 60.8381 10.3666 requirements
499.794 264.323 24.5165 10.3666 (both

85.091 279.801 26.7477 10.3666 pillars
115.087 279.801 5.59728 10.3666 1
123.841 279.801 16.836 10.3666 and
143.761 279.801 8.98546 10.3666 2)
155.876 279.801 16.836 10.3666 and
175.912 279.801 31.9222 10.3666 buffers
210.951 279.801 33.0747 10.3666 already
247.3 279.801 28.8928 10.3666 reflect
279.362 279.801 14.978 10.3666 the
297.49 279.801 48.6941 10.3666 judgement
349.21 279.801 9.2471 10.3666 of
361.573 279.801 14.978 10.3666 the
379.698 279.801 46.6926 10.3666 supervisor
429.484 279.801 16.7179 10.3666 and
449.4 279.801 45.4671 10.3666 legislators
497.998 279.801 26.2597 10.3666 about

85.08 295.279 14.978 10.3666 the
102.84 295.279 21.008 10.3666 level
126.36 295.279 9.2471 10.3666 of
138.36 295.279 52.5957 10.3666 unexpected
193.679 295.279 26.6362 10.3666 losses
223.079 295.279 11.0764 10.3666 an
236.76 295.279 46.1152 10.3666 institution
285.479 295.279 30.0354 10.3666 should
318.239 295.279 11.1383 10.3666 be
332.16 295.279 19.0584 10.3666 able
353.88 295.279 9.41822 10.3666 to
365.999 295.279 33.6223 10.3666 absorb.
402.116 295.279 44.4978 10.3666 Therefore
449.279 295.279 9.59376 10.3666 as
461.514 295.279 5.28816 10.3666 a
469.551 295.279 37.048 10.3666 baseline
509.26 295.279 14.978 10.3666 the

85.08 310.757 45.636 10.3666 resolution
134.764 310.757 41.241 10.3666 authority
180.004 310.757 29.9162 10.3666 should
213.969 310.757 20.2628 10.3666 seek
238.333 310.757 9.41822 10.3666 to
251.777 310.757 30.6978 10.3666 ensure
286.462 310.757 18.4578 10.3666 that
308.906 310.757 26.6362 10.3666 losses
339.63 310.757 24.8477 10.3666 equal
368.435 310.757 9.41712 10.3666 to
381.874 310.757 29.7683 10.3666 capital
415.719 310.757 60.6814 10.3666 requirements
480.367 310.757 43.8398 10.3666 (including

85.091 326.114 35.2618 10.3666 buffers)
123.245 326.114 15.8755 10.3666 can
142.088 326.114 11.2586 10.3666 be
156.371 326.114 44.9019 10.3666 absorbed.
204.124 326.114 16.6594 10.3666 The
223.809 326.114 21.9343 10.3666 draft
248.768 326.114 44.0319 10.3666 standards
295.806 326.114 34.0573 10.3666 provide
332.888 326.114 18.4556 10.3666 that
354.369 326.114 45.5157 10.3666 resolution
402.851 326.114 51.3559 10.3666 authorities,
457.21 326.114 8.31312 10.3666 in
468.489 326.114 55.71 10.3666 consultation

85.091 341.592 19.957 10.3666 with
107.532 341.592 49.1799 10.3666 competent
159.373 341.592 51.3614 10.3666 authorities,
213.373 341.592 19.0407 10.3666 may
234.972 341.592 40.5378 10.3666 conclude
278.051 341.592 18.4589 10.3666 that
299.046 341.592 24.3377 10.3666 some
325.923 341.592 55.9176 10.3666 components
384.361 341.592 9.2471 10.3666 of
396.114 341.592 29.7605 10.3666 capital
428.503 341.592 60.7178 10.3666 requirements
491.864 341.592 14.4955 10.3666 are
509.022 341.592 15.2186 10.3666 not

85.091 357.07 35.37 10.3666 suitable
123 357.07 12.9687 10.3666 for
138.475 357.07 39.7473 10.3666 inclusion
180.703 357.07 8.31312 10.3666 in
191.376 357.07 16.3138 10.3666 this
210.09 357.07 51.697 10.3666 assessment
264.208 357.07 9.2471 10.3666 of
275.962 357.07 38.6014 10.3666 required
317.045 357.07 16.7974 10.3666 loss
336.363 357.07 57.2634 10.3666 absorbency..

85.08 384.427 51.1163 10.3666 Differences
139.677 384.427 8.31643 10.3666 in
151.435 384.427 48.4546 10.3666 judgement
203.271 384.427 39.6358 10.3666 between
246.348 384.427 14.978 10.3666 the
264.588 384.427 49.298 10.3666 competent
317.266 384.427 16.7157 10.3666 and
337.423 384.427 45.636 10.3666 resolution
386.501 384.427 41.241 10.3666 authority
431.14 384.427 19.0418 10.3666 may
453.698 384.427 11.2586 10.3666 be
468.456 384.427 55.6791 10.3666 appropriate,

85.08 399.905 15.2186 10.3666 but
103.797 399.905 30.0365 10.3666 should
137.275 399.905 11.2586 10.3666 be
151.795 399.905 29.362 10.3666 clearly
184.673 399.905 44.4239 10.3666 reasoned.
232.431 399.905 16.7775 10.3666 The
252.591 399.905 21.9332 10.3666 draft
277.902 399.905 16.4673 10.3666 RTS
297.823 399.905 16.4982 10.3666 aim
317.736 399.905 9.41822 10.3666 to
330.72 399.905 24.3962 10.3666 avoid
358.441 399.905 40.7177 10.3666 requiring
402.601 399.905 14.978 10.3666 the
420.959 399.905 45.5168 10.3666 resolution
469.917 399.905 41.358 10.3666 authority
514.671 399.905 9.41822 10.3666 to

85.08 415.383 39.7451 10.3666 maintain
128.149 415.383 14.978 10.3666 the
146.51 415.383 36.7952 10.3666 capacity
186.821 415.383 9.41712 10.3666 to
199.659 415.383 13.5384 10.3666 act
216.697 415.383 9.59376 10.3666 as
229.651 415.383 5.28816 10.3666 a
238.289 415.383 40.3181 10.3666 ‘shadow’
282.084 415.383 49.2229 10.3666 supervisor.
334.764 415.383 14.7726 10.3666 For
352.882 415.383 16.316 10.3666 this
372.679 415.383 39.4801 10.3666 purpose,
415.516 415.383 14.978 10.3666 the
433.873 415.383 45.6316 10.3666 resolution
482.827 415.383 41.3592 10.3666 authority

85.08 430.74 20.4019 10.3666 shall
108.827 430.74 34.4216 10.3666 request
146.507 430.74 21.7797 10.3666 from
171.581 430.74 14.978 10.3666 the
189.701 430.74 49.2991 10.3666 competent
242.378 430.74 41.2377 10.3666 authority
287.01 430.74 5.28816 10.3666 a
295.527 430.74 41.8405 10.3666 summary
340.642 430.74 9.2471 10.3666 of
353.118 430.74 14.9791 10.3666 the
371.355 430.74 53.2051 10.3666 institution’s
427.679 430.74 29.7616 10.3666 capital
460.79 430.74 63.5043 10.3666 requirements.

85.08 446.218 63.2393 10.3666 Subsequently,
151.079 446.218 14.978 10.3666 the
168.839 446.218 45.5157 10.3666 resolution
217.08 446.218 41.358 10.3666 authority
261.238 446.218 21.8448 10.3666 may,
285.842 446.218 5.88432 10.3666 if
294.476 446.218 6.21552 10.3666 it
303.363 446.218 33.12 10.3666 wishes,
339.243 446.218 27.9566 10.3666 assess
369.841 446.218 38.0549 10.3666 whether
410.643 446.218 14.978 10.3666 the
428.402 446.218 53.1874 10.3666 information
484.314 446.218 39.9968 10.3666 provided

85.08 461.696 10.7607 10.3666 by
98.6404 461.696 14.978 10.3666 the
116.161 461.696 49.298 10.3666 competent
168.121 461.696 41.241 10.3666 authority
212.16 461.696 34.5563 10.3666 justifies
249.48 461.696 11.0764 10.3666 an
263.16 461.696 51.219 10.3666 adjustment
317.04 461.696 9.2471 10.3666 of
328.919 461.696 14.978 10.3666 the
346.679 461.696 16.9166 10.3666 loss
366.24 461.696 48.6356 10.3666 absorption
417.479 461.696 37.8219 10.3666 amount.
458.044 461.696 6.4584 10.3666 It
467.285 461.696 29.9173 10.3666 should
499.93 461.696 11.4595 10.3666 do
514.211 461.696 10.0177 10.3666 so

85.091 477.053 8.31312 10.3666 in
96.7283 477.053 55.7156 10.3666 consultation
155.642 477.053 20.0762 10.3666 with
179.041 477.053 14.8576 10.3666 the
197.156 477.053 49.1799 10.3666 competent
249.718 477.053 41.3625 10.3666 authority
294.487 477.053 16.836 10.3666 and
314.642 477.053 26.5556 10.3666 based
344.518 477.053 11.6759 10.3666 on
359.513 477.053 5.28816 10.3666 a
368.147 477.053 41.7952 10.3666 reasoned
413.147 477.053 55.4285 10.3666 explanation,
471.932 477.053 39.3984 10.3666 referring
514.646 477.053 9.59376 10.3666 as

85.091 492.531 12.4862 10.3666 far
100.922 492.531 9.59376 10.3666 as
113.876 492.531 6.83376 10.3666 is
124.069 492.531 34.6512 10.3666 feasible
162.098 492.531 27.2765 10.3666 (given
192.579 492.531 14.978 10.3666 the
210.816 492.531 53.1874 10.3666 information
267.323 492.531 39.5629 10.3666 available
310.264 492.531 9.41822 10.3666 to
323.1 492.531 14.8576 10.3666 the
341.336 492.531 45.6327 10.3666 resolution
390.174 492.531 44.7418 10.3666 authority)
438.25 492.531 9.53856 10.3666 to
451.086 492.531 40.7453 10.3666 CRR/CRD
495.121 492.531 9.01968 10.3666 IV
507.477 492.531 16.836 10.3666 and

85.091 508.009 14.978 10.3666 the
104.29 508.009 45.3523 10.3666 guidelines
153.84 508.009 37.5956 10.3666 adopted
195.596 508.009 10.7607 10.3666 by
210.471 508.009 14.978 10.3666 the
229.551 508.009 17.9124 10.3666 EBA
251.626 508.009 40.179 10.3666 pursuant
296.021 508.009 9.41712 10.3666 to
309.695 508.009 29.0573 10.3666 Article
342.974 508.009 29.0253 10.3666 107(3)
376.1 508.009 9.2471 10.3666 of
389.421 508.009 40.0575 10.3666 Directive
433.585 508.009 54.3676 10.3666 2013/36/EU
492.141 508.009 12.9687 10.3666 for
509.3 508.009 14.978 10.3666 the

85.091 523.366 51.6838 10.3666 supervisory
139.332 523.366 29.9736 10.3666 review
171.849 523.366 16.8327 10.3666 and
191.163 523.366 47.0668 10.3666 evaluation
240.595 523.366 9.2471 10.3666 of
252.348 523.366 22.8219 10.3666 risks.

85.091 550.844 16.6583 10.3666 The
104.774 550.844 45.5168 10.3666 resolution
153.138 550.844 41.3647 10.3666 authority
197.424 550.844 19.0385 10.3666 may
219.505 550.844 52.3881 10.3666 additionally
274.815 550.844 27.9544 10.3666 assess
305.653 550.844 18.4556 10.3666 that
326.89 550.844 5.28816 10.3666 a
335.17 550.844 28.5693 10.3666 higher
366.731 550.844 16.9166 10.3666 loss
386.535 550.844 48.6323 10.3666 absorption
438.014 550.844 35.1381 10.3666 amount
476.057 550.844 6.83376 10.3666 is
485.778 550.844 38.5583 10.3666 required

85.091 566.322 5.88432 10.3666 if
94.6848 566.322 14.978 10.3666 the
113.405 566.322 54.1932 10.3666 resolvability
171.358 566.322 51.8162 10.3666 assessment
226.916 566.322 34.0772 10.3666 process
264.597 566.322 44.9935 10.3666 concludes
313.194 566.322 18.3352 10.3666 that
335.272 566.322 16.3138 10.3666 this
355.309 566.322 6.83376 10.3666 is
365.867 566.322 44.1192 10.3666 necessary
413.745 566.322 9.41712 10.3666 to
426.946 566.322 31.0599 10.3666 reduce
461.628 566.322 9.73286 10.3666 or
475.07 566.322 34.4205 10.3666 remove
513.233 566.322 11.0731 10.3666 an

85.091 581.679 54.6955 10.3666 impediment
142.204 581.679 9.53746 10.3666 to
154.205 581.679 57.0106 10.3666 resolvability.

85.091 609.157 16.6583 10.3666 The
104.653 609.157 31.836 10.3666 second
139.334 609.157 37.2953 10.3666 element
179.411 609.157 9.24821 10.3666 of
191.53 609.157 14.978 10.3666 the
209.291 609.157 29.8787 10.3666 capital
242.04 609.157 42.9191 10.3666 adequacy
287.758 609.157 38.3143 10.3666 criterion
328.797 609.157 6.83597 10.3666 is
338.518 609.157 13.0934 10.3666 for
354.479 609.157 14.978 10.3666 the
372.361 609.157 45.5179 10.3666 resolution
420.724 609.157 41.3625 10.3666 authority
465.007 609.157 9.53856 10.3666 to
477.489 609.157 46.7787 10.3666 determine

85.091 624.636 14.978 10.3666 the
103.933 624.636 35.0189 10.3666 amount
142.692 624.636 9.24821 10.3666 of
155.775 624.636 68.9161 10.3666 recapitalisation
228.375 624.636 26.676 10.3666 which
258.734 624.636 27.876 10.3666 would
290.416 624.636 11.1383 10.3666 be
305.417 624.636 38.4358 10.3666 required
347.659 624.636 9.41822 10.3666 to
360.981 624.636 48.8189 10.3666 implement
413.543 624.636 14.8576 10.3666 the
432.265 624.636 42.876 10.3666 preferred
478.946 624.636 45.3965 10.3666 resolution

85.091 639.992 36.4408 10.3666 strategy
127.687 639.992 42.9842 10.3666 identified
176.751 639.992 8.31312 10.3666 in
191.143 639.992 14.978 10.3666 the
212.139 639.992 45.636 10.3666 resolution
263.856 639.992 38.5506 10.3666 planning
308.483 639.992 37.1032 10.3666 process.
351.565 639.992 18.1144 10.3666 This
375.799 639.992 69.0199 10.3666 recapitalisation
450.782 639.992 35.1359 10.3666 amount
492.056 639.992 6.83376 10.3666 is
505.01 639.992 19.1577 10.3666 only

85.091 655.47 44.1214 10.3666 necessary
135.014 655.47 12.9676 10.3666 for
153.616 655.47 25.0575 10.3666 those
184.459 655.47 50.3888 10.3666 institutions
240.614 655.47 12.9731 10.3666 for
259.214 655.47 26.676 10.3666 which
291.616 655.47 47.9158 10.3666 liquidation
345.259 655.47 26.6539 10.3666 under
377.662 655.47 31.9277 10.3666 normal
415.345 655.47 46.761 10.3666 insolvency
467.907 655.47 43.916 10.3666 processes
517.59 655.47 6.71674 10.3666 is

85.091 670.948 39.3962 10.3666 assessed
129.132 670.948 15.2186 10.3666 not
149.053 670.948 9.41822 10.3666 to
163.214 670.948 11.2575 10.3666 be
179.175 670.948 34.5375 10.3666 feasible
218.416 670.948 16.836 10.3666 and
239.897 670.948 38.9016 10.3666 credible.
283.458 670.948 31.0809 10.3666 Hence,
319.22 670.948 12.8528 10.3666 for
336.74 670.948 25.1789 10.3666 those
366.622 670.948 26.0367 10.3666 banks
397.343 670.948 18.4589 10.3666 that
420.384 670.948 15.8766 10.3666 can
440.905 670.948 11.1383 10.3666 be
456.746 670.948 47.8805 10.3666 liquidated,
509.307 670.948 14.978 10.3666 the

85.091 686.426 69.0232 10.3666 recapitalisation
156.598 686.426 35.0189 10.3666 amount
194.034 686.426 19.0385 10.3666 may
215.631 686.426 11.2575 10.3666 be
229.307 686.426 22.3439 10.3666 zero.

85.091 713.784 16.6583 10.3666 The
104.653 713.784 68.904 10.3666 recapitalisation
176.292 713.784 38.3176 10.3666 criterion
217.328 713.784 35.5146 10.3666 consists
255.606 713.784 9.2471 10.3666 of
267.722 713.784 17.3383 10.3666 two
288.003 713.784 25.7 10.3666 parts.
316.441 713.784 16.5423 10.3666 The
335.887 713.784 17.738 10.3666 first
356.407 713.784 32.8771 10.3666 creates
392.169 713.784 5.28816 10.3666 a
400.331 713.784 15.8236 10.3666 link
418.932 713.784 39.6314 10.3666 between
461.409 713.784 14.978 10.3666 the
479.164 713.784 25.3953 10.3666 MREL
507.484 713.784 16.836 10.3666 and

85.08 729.262 14.978 10.3666 the
104.036 729.262 29.7627 10.3666 capital
137.873 729.262 21.0577 10.3666 ratio
162.956 729.262 44.001 10.3666 necessary
210.96 729.262 9.41822 10.3666 to
224.404 729.262 32.6011 10.3666 comply
260.891 729.262 20.0762 10.3666 with
284.76 729.262 46.6705 10.3666 conditions
335.519 729.262 13.089 10.3666 for
352.559 729.262 60.03 10.3666 authorisation
416.633 729.262 12.9731 10.3666 for
433.559 729.262 14.978 10.3666 the
452.523 729.262 46.1097 10.3666 institution
502.677 729.262 21.6108 10.3666 after

85.08 744.74 48.3817 10.3666 resolution.
136.079 744.74 44.5596 10.3666 According
183.238 744.74 9.53856 10.3666 to
195.477 744.74 14.8587 10.3666 the
212.996 744.74 17.7545 10.3666 CRR
233.514 744.74 16.836 10.3666 and
252.952 744.74 18.6697 10.3666 CRD
274.311 744.74 51.9609 10.3666 framework,
328.79 744.74 14.978 10.3666 the
346.429 744.74 49.1777 10.3666 competent
398.267 744.74 41.3625 10.3666 authority
442.189 744.74 19.161 10.3666 may
463.909 744.74 42.5691 10.3666 withdraw
509.263 744.74 14.9791 10.3666 the

85.08 760.096 60.157 10.3666 authorisation
147.84 760.096 5.88653 10.3666 if
156.359 760.096 11.0764 10.3666 an
170.037 760.096 45.9971 10.3666 institution
218.636 760.096 11.5776 10.3666 no
232.914 760.096 28.5737 10.3666 longer
263.995 760.096 27.8363 10.3666 meets
294.355 760.096 14.9791 10.3666 the
311.995 760.096 46.3283 10.3666 prudential
360.954 760.096 60.837 10.3666 requirements
424.314 760.096 18.4589 10.3666 that
445.313 760.096 6.21883 10.3666 it
454.192 760.096 26.8758 10.3666 needs
483.592 760.096 9.53856 10.3666 to
495.712 760.096 28.4026 10.3666 satisfy

85.08 37.8787 11.9675 7.54956 RTS
98.8782 37.8787 10.4737 7.54956 ON
111.119 37.8787 18.4944 7.54956 MREL

518.643 783.104 5.59728 10.3666 8

85.08 116.862 8.97552 10.3666 at
96.5936 116.862 10.3224 10.3666 all
109.422 116.862 27.6232 10.3666 times.
139.423 116.862 18.1166 10.3666 This
159.943 116.862 29.7561 10.3666 means
192.103 116.862 18.3385 10.3666 that
212.981 116.862 11.0764 10.3666 an
226.538 116.862 48.9602 10.3666 institution,
278.015 116.862 55.6427 10.3666 immediately
336.214 116.862 21.7333 10.3666 after
360.451 116.862 48.2404 10.3666 resolution,
411.091 116.862 27.8716 10.3666 would
441.445 116.862 21.4584 10.3666 have
465.442 116.862 9.41822 10.3666 to
477.322 116.862 35.4009 10.3666 comply,
515.24 116.862 8.8585 10.3666 at

85.08 132.34 5.28816 10.3666 a
93.4848 132.34 45.8348 10.3666 minimum,
142.201 132.34 20.074 10.3666 with
165.244 132.34 14.978 10.3666 the
183.244 132.34 13.4136 10.3666 8%
199.809 132.34 21.0058 10.3666 total
223.803 132.34 29.7616 10.3666 capital
256.678 132.34 21.0577 10.3666 ratio
280.797 132.34 56.378 10.3666 requirement
340.314 132.34 16.836 10.3666 and
360.238 132.34 16.0411 10.3666 any
379.322 132.34 22.4289 10.3666 pillar
404.86 132.34 5.59728 10.3666 2
413.383 132.34 29.8809 10.3666 capital
446.256 132.34 56.5005 10.3666 requirement
505.781 132.34 18.4556 10.3666 that

85.069 147.696 14.978 10.3666 the
104.75 147.696 48.5915 10.3666 authorities
158.026 147.696 21.4584 10.3666 have
184.066 147.696 13.5384 10.3666 set
202.192 147.696 20.074 10.3666 (and
226.911 147.696 48.0693 10.3666 potentially
279.581 147.696 16.0378 10.3666 any
300.338 147.696 38.0207 10.3666 leverage
343.062 147.696 21.0566 10.3666 ratio
368.861 147.696 56.3857 10.3666 requirement
429.705 147.696 26.7963 10.3666 which
461.026 147.696 6.83376 10.3666 is
472.544 147.696 51.6186 10.3666 applicable).

85.0579 163.175 30.9595 10.3666 Capital
119.613 163.175 60.837 10.3666 requirements
184.052 163.175 14.4977 10.3666 are
202.171 163.175 23.1211 10.3666 likely
228.93 163.175 9.41822 10.3666 to
242.009 163.175 22.4763 10.3666 need
268.049 163.175 9.53856 10.3666 to
281.249 163.175 11.2575 10.3666 be
296.009 163.175 17.9775 10.3666 met
317.608 163.175 35.7972 10.3666 through
356.968 163.175 40.9562 10.3666 Common
401.365 163.175 28.2812 10.3666 Equity
433.162 163.175 17.1727 10.3666 Tier
452.856 163.175 5.59728 10.3666 1
462.096 163.175 28.9027 10.3666 (CET1)
494.487 163.175 29.7594 10.3666 capital

85.0469 178.653 53.9966 10.3666 instruments
141.564 178.653 21.8393 10.3666 only,
165.922 178.653 8.8585 10.3666 at
177.319 178.653 21.2189 10.3666 least
201.077 178.653 8.1961 10.3666 in
211.754 178.653 14.978 10.3666 the
229.271 178.653 48.3375 10.3666 immediate
280.028 178.653 68.4535 10.3666 post-resolution
350.963 178.653 31.942 10.3666 period.

85.0469 206.01 26.9166 10.3666 When
116.365 206.01 47.1938 10.3666 estimating
167.839 206.01 29.8787 10.3666 capital
202.145 206.01 26.7565 10.3666 needs
233.343 206.01 21.6064 10.3666 after
259.376 206.01 71.792 10.3666 implementation
335.57 206.01 9.2471 10.3666 of
349.244 206.01 14.8576 10.3666 the
368.562 206.01 42.8783 10.3666 preferred
415.843 206.01 45.5135 10.3666 resolution
465.759 206.01 39.2417 10.3666 strategy,
509.318 206.01 14.8576 10.3666 the

85.0469 221.488 45.6372 10.3666 resolution
134.611 221.488 41.358 10.3666 authority
179.969 221.488 29.9162 10.3666 should
213.933 221.488 9.59597 10.3666 as
227.617 221.488 5.28816 10.3666 a
236.862 221.488 34.2395 10.3666 starting
275.137 221.488 23.4986 10.3666 point
302.612 221.488 15.5785 10.3666 use
322.056 221.488 9.59597 10.3666 as
335.735 221.488 62.8761 10.3666 denominators
402.568 221.488 12.9731 10.3666 for
419.494 221.488 29.6413 10.3666 capital
453.203 221.488 25.4362 10.3666 ratios
482.608 221.488 14.978 10.3666 the
501.573 221.488 22.5382 10.3666 most

85.0469 236.966 29.0208 10.3666 recent
117.446 236.966 39.6402 10.3666 reported
160.406 236.966 28.4302 10.3666 values
192.091 236.966 16.3248 10.3666 (for
211.761 236.966 60.8701 10.3666 risk-weighted
275.962 236.966 41.2576 10.3666 exposure
320.597 236.966 42.1275 10.3666 amounts,
366.081 236.966 19.5629 10.3666 and,
389 236.966 5.88432 10.3666 if
398.23 236.966 39.8356 10.3666 relevant,
441.44 236.966 38.1377 10.3666 leverage
482.962 236.966 41.2598 10.3666 exposure

85.0469 252.323 49.4592 10.3666 measures).
138.083 252.323 49.7959 10.3666 Authorities
191.362 252.323 19.0418 10.3666 may
214.042 252.323 27.4576 10.3666 adjust
245.12 252.323 24.7031 10.3666 these
273.444 252.323 62.7569 10.3666 denominators
339.806 252.323 5.88432 10.3666 if
349.289 252.323 14.978 10.3666 the
367.888 252.323 45.6327 10.3666 resolution
417.084 252.323 19.3509 10.3666 plan
439.997 252.323 44.1479 10.3666 identifies,
487.744 252.323 36.3481 10.3666 explains

85.0469 267.801 16.836 10.3666 and
105.687 267.801 44.5155 10.3666 quantifies
154.047 267.801 5.28816 10.3666 a
163.047 267.801 32.2534 10.3666 change
199.162 267.801 8.31533 10.3666 in
211.161 267.801 24.8179 10.3666 these
239.722 267.801 46.1019 10.3666 measures.
289.522 267.801 17.9963 10.3666 This
311.242 267.801 32.133 10.3666 change
347.247 267.801 30.0354 10.3666 should
381.084 267.801 11.2586 10.3666 be
396.207 267.801 39.1534 10.3666 assessed
439.166 267.801 8.31312 10.3666 in
451.165 267.801 14.978 10.3666 the
470.007 267.801 54.192 10.3666 resolvability

85.0469 283.279 51.8162 10.3666 assessment
140.364 283.279 34.1997 10.3666 process
178.166 283.279 9.41822 10.3666 to
191.245 283.279 11.1383 10.3666 be
205.886 283.279 21.156 10.3666 both
230.605 283.279 34.6501 10.3666 feasible
268.876 283.279 16.8338 10.3666 and
289.154 283.279 38.8763 10.3666 credible,
331.39 283.279 35.2562 10.3666 without
370.266 283.279 60.7984 10.3666 extraordinary
434.702 283.279 37.674 10.3666 financial
475.845 283.279 35.0211 10.3666 support
514.368 283.279 9.73286 10.3666 or

85.0469 298.757 42.6895 10.3666 adversely
130.292 298.757 39.2715 10.3666 affecting
172.041 298.757 14.8587 10.3666 the
189.439 298.757 41.3106 10.3666 provision
233.113 298.757 9.2471 10.3666 of
244.749 298.757 29.7649 10.3666 critical
277.02 298.757 41.6296 10.3666 functions
321.051 298.757 10.7618 10.3666 by
334.369 298.757 14.978 10.3666 the
351.766 298.757 48.9039 10.3666 institution.

85.0469 326.114 16.6583 10.3666 The
105.448 326.114 31.7157 10.3666 second
140.849 326.114 18.5781 10.3666 part
163.049 326.114 9.24821 10.3666 of
175.89 326.114 14.8576 10.3666 the
194.49 326.114 68.7781 10.3666 recapitalisation
266.953 326.114 35.0178 10.3666 amount
305.713 326.114 6.83376 10.3666 is
316.152 326.114 9.41822 10.3666 to
329.233 326.114 30.6989 10.3666 ensure
363.564 326.114 41.3669 10.3666 sufficient
408.552 326.114 32.1374 10.3666 market
444.19 326.114 49.4106 10.3666 confidence
497.223 326.114 8.31312 10.3666 in
509.099 326.114 14.978 10.3666 the

85.0469 341.592 48.9823 10.3666 institution.
138.809 341.592 16.6572 10.3666 The
160.408 341.592 21.8184 10.3666 draft
187.051 341.592 16.4662 10.3666 RTS
208.286 341.592 38.5164 10.3666 provides
251.607 341.592 18.4589 10.3666 that
274.891 341.592 16.3171 10.3666 this
296.132 341.592 29.9162 10.3666 should
330.935 341.592 11.2575 10.3666 be
347.139 341.592 39.1556 10.3666 assessed
391.175 341.592 10.7607 10.3666 by
406.655 341.592 51.6396 10.3666 considering
463.175 341.592 19.4138 10.3666 how
487.539 341.592 25.116 10.3666 much
517.423 341.592 6.83707 10.3666 is

85.0579 357.07 33.8762 10.3666 needed
122.983 357.07 9.53856 10.3666 to
136.659 357.07 32.3803 10.3666 restore
173.142 357.07 14.978 10.3666 the
192.222 357.07 29.6435 10.3666 capital
226.05 357.07 31.9111 10.3666 buffers
262.04 357.07 50.9088 10.3666 established
317.109 357.07 10.6415 10.3666 by
332.012 357.07 18.5527 10.3666 CRD
354.688 357.07 11.7576 10.3666 IV,
370.652 357.07 16.836 10.3666 and
391.539 357.07 18.4556 10.3666 that
414.092 357.07 14.978 10.3666 the
433.168 357.07 45.5157 10.3666 resolution
482.842 357.07 41.3569 10.3666 authority

85.0579 372.427 30.0332 10.3666 should
118.289 372.427 30.095 10.3666 review
151.532 372.427 38.0527 10.3666 whether
192.808 372.427 14.978 10.3666 the
210.923 372.427 39.1556 10.3666 resulting
253.16 372.427 29.8809 10.3666 capital
286.264 372.427 20.8888 10.3666 level
310.377 372.427 6.83376 10.3666 is
320.448 372.427 53.0163 10.3666 appropriate
376.608 372.427 24.9957 10.3666 when
404.688 372.427 45.3954 10.3666 compared
453.282 372.427 9.53856 10.3666 to
466.059 372.427 29.7594 10.3666 capital
499.042 372.427 25.1933 10.3666 levels

85.0579 387.905 8.31312 10.3666 in
95.855 387.905 14.978 10.3666 the
113.372 387.905 25.5576 10.3666 firm’s
141.449 387.905 20.5333 10.3666 peer
164.486 387.905 29.0573 10.3666 group.
196.039 387.905 45.8911 10.3666 Sustaining
244.407 387.905 32.1374 10.3666 market
278.967 387.905 49.2903 10.3666 confidence
330.677 387.905 6.83376 10.3666 is
340.031 387.905 22.9952 10.3666 likely
365.583 387.905 9.41822 10.3666 to
377.58 387.905 32.6166 10.3666 require
412.736 387.905 18.4556 10.3666 that
433.611 387.905 14.978 10.3666 the
450.89 387.905 46.2267 10.3666 institution
499.598 387.905 6.83376 10.3666 is
508.832 387.905 15.339 10.3666 not

85.0579 403.383 43.4755 10.3666 operating
131.132 403.383 26.6528 10.3666 under
160.413 403.383 5.28816 10.3666 a
168.21 403.383 29.8787 10.3666 capital
200.597 403.383 57.9942 10.3666 conservation
261.193 403.383 19.3498 10.3666 plan
283.146 403.383 16.8327 10.3666 and
302.582 403.383 10.138 10.3666 so
315.341 403.383 29.7627 10.3666 capital
347.744 403.383 31.9166 10.3666 buffers
382.183 403.383 27.9963 10.3666 would
412.783 403.383 22.5956 10.3666 need
437.98 403.383 9.41822 10.3666 to
449.978 403.383 11.2586 10.3666 be
463.898 403.383 41.0622 10.3666 restored.
507.459 403.383 16.7775 10.3666 The

85.0579 418.74 21.9332 10.3666 draft
110.977 418.74 44.0319 10.3666 standards
158.975 418.74 34.1765 10.3666 provide
197.015 418.74 18.3352 10.3666 that
219.334 418.74 45.6316 10.3666 resolution
268.77 418.74 51.4773 10.3666 authorities,
324.211 418.74 8.1961 10.3666 in
336.334 418.74 55.7112 10.3666 consultation
395.848 418.74 19.957 10.3666 with
419.609 418.74 49.3068 10.3666 competent
472.901 418.74 51.3603 10.3666 authorities,

85.0579 434.218 19.161 10.3666 may
108.575 434.218 40.5378 10.3666 conclude
153.575 434.218 18.4589 10.3666 that
176.502 434.218 24.3377 10.3666 some
205.3 434.218 55.9176 10.3666 components
265.659 434.218 9.2471 10.3666 of
279.217 434.218 29.8875 10.3666 capital
313.537 434.218 60.837 10.3666 requirements
378.7 434.218 27.876 10.3666 would
410.98 434.218 15.3379 10.3666 not
430.779 434.218 11.2575 10.3666 be
446.498 434.218 45.5775 10.3666 applicable
496.657 434.218 8.31643 10.3666 in
509.377 434.218 14.8576 10.3666 the

85.0579 449.696 45.2662 10.3666 aftermath
133.524 449.696 9.2471 10.3666 of
145.994 449.696 48.258 10.3666 resolution.
197.379 449.696 16.6572 10.3666 The
217.295 449.696 20.6525 10.3666 peer
241.17 449.696 26.432 10.3666 group
270.8 449.696 42.1562 10.3666 approach
316.155 449.696 23.757 10.3666 takes
343.15 449.696 14.978 10.3666 the
361.385 449.696 28.1156 10.3666 lesson
392.7 449.696 34.2361 10.3666 learned
430.134 449.696 28.7195 10.3666 during
462.049 449.696 14.9791 10.3666 the
480.284 449.696 22.1959 10.3666 crisis
505.718 449.696 18.4589 10.3666 that

85.0579 465.052 32.1374 10.3666 market
119.857 465.052 49.2925 10.3666 confidence
171.932 465.052 6.83376 10.3666 is
181.529 465.052 22.993 10.3666 likely
207.2 465.052 9.53856 10.3666 to
219.56 465.052 33.9966 10.3666 depend
256.282 465.052 11.6759 10.3666 on
270.562 465.052 29.7583 10.3666 capital
303.069 465.052 25.3103 10.3666 levels
331.022 465.052 33.8144 10.3666 relative
367.619 465.052 9.41822 10.3666 to
379.86 465.052 27.6243 10.3666 peers.
410.222 465.052 8.556 10.3666 In
421.503 465.052 39.8345 10.3666 addition,
464.098 465.052 14.978 10.3666 the
481.737 465.052 42.5195 10.3666 proposed

85.0579 480.53 29.7605 10.3666 capital
118.406 480.53 25.3103 10.3666 levels
147.319 480.53 14.617 10.3666 are
165.557 480.53 17.8119 10.3666 also
187.03 480.53 33.7559 10.3666 needed
224.35 480.53 9.53856 10.3666 to
237.549 480.53 24.3907 10.3666 avoid
265.502 480.53 35.4914 10.3666 reliance
304.615 480.53 11.6759 10.3666 on
319.853 480.53 60.7962 10.3666 extraordinary
384.287 480.53 26.984 10.3666 public
414.999 480.53 37.5548 10.3666 financial
456.142 480.53 37.801 10.3666 support,
497.424 480.53 26.7963 10.3666 which

85.0579 496.008 45.636 10.3666 resolution
133.175 496.008 23.6366 10.3666 plans
159.215 496.008 31.0577 10.3666 cannot
192.812 496.008 36.6219 10.3666 assume.

85.0579 523.366 16.6583 10.3666 The
104.62 523.366 21.9387 10.3666 draft
129.34 523.366 16.5876 10.3666 RTS
148.782 523.366 17.8186 10.3666 also
169.544 523.366 28.3165 10.3666 allows
203.626 523.366 45.5168 10.3666 resolution
251.988 523.366 48.7173 10.3666 authorities
303.59 523.366 9.41822 10.3666 to
315.952 523.366 19.299 10.3666 take
338.154 523.366 35.6184 10.3666 account
376.555 523.366 25.116 10.3666 when
404.516 523.366 30.6404 10.3666 setting
437.985 523.366 14.8576 10.3666 the
455.746 523.366 17.0369 10.3666 loss
475.666 523.366 48.5164 10.3666 absorption

85.069 538.844 16.8327 10.3666 and
106.062 538.844 69.0232 10.3666 recapitalisation
179.243 538.844 39.3565 10.3666 amounts
222.798 538.844 9.2471 10.3666 of
236.115 538.844 14.978 10.3666 the
255.31 538.844 33.1034 10.3666 specific
292.739 538.844 37.0756 10.3666 features
334.013 538.844 9.24821 10.3666 of
347.446 538.844 52.4279 10.3666 subsidiaries
403.953 538.844 9.2471 10.3666 of
417.384 538.844 30.5974 10.3666 groups
452.06 538.844 16.8327 10.3666 and
473.051 538.844 9.2471 10.3666 of
486.482 538.844 37.674 10.3666 financial

85.069 554.322 32.1374 10.3666 market
119.746 554.322 61.7754 10.3666 infrastructure
183.94 554.322 22.9124 10.3666 firms
209.135 554.322 26.7963 10.3666 which
238.413 554.322 14.617 10.3666 are
255.45 554.322 32.3792 10.3666 subject
290.248 554.322 9.41822 10.3666 to
302.247 554.322 14.978 10.3666 the
319.645 554.322 25.3975 10.3666 MREL
347.602 554.322 59.181 10.3666 requirement.

85.069 609.157 17.1915 10.3555 Box
104.742 609.157 8.56704 10.3555 1:
115.899 609.157 35.4439 10.3555 Stylised
153.694 609.157 43.6455 10.3555 examples
199.771 609.157 9.36854 10.3555 of
211.651 609.157 50.9286 10.3555 application
265.049 609.157 9.36854 10.3555 of
277.046 609.157 15.2727 10.3555 the
294.802 609.157 30.6757 10.3555 capital
327.802 609.157 17.3284 10.3555 and
347.599 609.157 56.0159 10.3555 resolvability
406.18 609.157 32.6939 10.3555 criteria

85.08 638.263 18.1144 10.3666 This
107.879 638.263 16.2995 10.3666 box
128.879 638.263 38.3949 10.3666 provides
171.958 638.263 24.2207 10.3666 three
200.882 638.263 42.4709 10.3666 examples
247.918 638.263 9.2471 10.3666 of
261.835 638.263 19.2935 10.3666 how
285.836 638.263 45.5113 10.3666 resolution
335.993 638.263 48.8299 10.3666 authorities
389.387 638.263 26.0169 10.3666 might
419.985 638.263 24.3156 10.3666 apply
448.925 638.263 24.8179 10.3666 these
478.325 638.263 31.9266 10.3666 criteria
514.8 638.263 9.41822 10.3666 to

85.08 653.623 29.4978 10.3666 simple
117.604 653.623 55.9275 10.3666 hypothetical
176.648 653.623 26.1571 10.3666 banks
205.689 653.623 19.9559 10.3666 with
228.732 653.623 39.2185 10.3666 different
271.097 653.623 45.5157 10.3666 resolution
319.582 653.623 26.3028 10.3666 plans.
348.987 653.623 22.0579 10.3666 Note
374.191 653.623 18.3385 10.3666 that
395.551 653.623 24.8179 10.3666 these
423.395 653.623 42.3561 10.3666 examples
468.879 653.623 33.9381 10.3666 assume
505.844 653.623 18.4589 10.3666 that

85.08 669.103 14.978 10.3666 the
103.68 669.103 45.5135 10.3666 resolution
152.635 669.103 41.3569 10.3666 authority
197.508 669.103 24.1125 10.3666 relies
225.101 669.103 29.596 10.3666 wholly
258.094 669.103 11.6759 10.3666 on
273.335 669.103 14.8576 10.3666 the
291.815 669.103 53.066 10.3666 institutions’
348.361 669.103 29.7683 10.3666 capital
381.72 669.103 60.7167 10.3666 requirements
445.8 669.103 9.53856 10.3666 to
458.879 669.103 46.8979 10.3666 determine
509.278 669.103 14.978 10.3666 the

85.08 684.463 38.5561 10.3666 required
126.834 684.463 31.2929 10.3666 degree
161.265 684.463 9.2471 10.3666 of
173.62 684.463 16.9166 10.3666 loss
193.774 684.463 51.5612 10.3666 absorbency
248.609 684.463 16.8349 10.3666 and
268.643 684.463 21.3558 10.3666 does
293.237 684.463 15.2186 10.3666 not
311.597 684.463 24.5784 10.3666 make
339.432 684.463 16.0411 10.3666 any
358.626 684.463 45.0079 10.3666 additional
406.746 684.463 55.4363 10.3666 adjustments
465.42 684.463 44.7915 10.3666 envisaged
513.41 684.463 10.7607 10.3666 by

85.08 699.943 14.978 10.3666 the
102.6 699.943 21.9376 10.3666 draft
126.956 699.943 16.4662 10.3666 RTS
145.79 699.943 11.6759 10.3666 on
159.948 699.943 14.9769 10.3666 the
177.345 699.943 22.1904 10.3666 basis
201.937 699.943 9.12787 10.3666 of
213.571 699.943 14.978 10.3666 the
231.088 699.943 54.1898 10.3666 resolvability
287.714 699.943 51.5756 10.3666 assessment
341.881 699.943 9.73286 10.3666 or
353.999 699.943 24.6126 10.3666 other
380.996 699.943 68.4259 10.3666 considerations.

85.08 727.423 22.1816 10.3666 Bank
111.595 727.423 6.39216 10.3666 A
122.272 727.423 6.83376 10.3666 is
133.425 727.423 5.28816 10.3666 a
143.019 727.423 23.4026 10.3666 small
170.727 727.423 24.5971 10.3666 bank,
199.641 727.423 39.7561 10.3666 assumed
243.678 727.423 9.41822 10.3666 to
257.475 727.423 21.4551 10.3666 have
283.269 727.423 5.28816 10.3666 a
292.863 727.423 43.0174 10.3666 minimum
340.256 727.423 21.0058 10.3666 total
365.452 727.423 29.8809 10.3666 capital
399.638 727.423 56.2598 10.3666 requirement
460.237 727.423 9.2471 10.3666 of
473.79 727.423 13.4147 10.3666 8%
491.639 727.423 9.2471 10.3666 of
505.196 727.423 19.0992 10.3666 risk-

85.08 742.783 41.9123 10.3666 weighted
133.316 742.783 27.3571 10.3666 assets
167.035 742.783 33.1034 10.3666 (RWAs)
206.388 742.783 16.8327 10.3666 and
229.544 742.783 5.28816 10.3666 a
241.18 742.783 44.7937 10.3666 combined
292.296 742.783 27.6055 10.3666 buffer
326.131 742.783 56.5005 10.3666 requirement
389.011 742.783 9.24821 10.3666 of
404.488 742.783 21.8139 10.3666 2.5%
432.688 742.783 16.8205 10.3666 (i.e.
455.845 742.783 11.5776 10.3666 no
473.844 742.783 22.4421 10.3666 pillar
502.634 742.783 5.59728 10.3666 2
514.633 742.783 9.61253 10.3666 or

85.08 758.263 58.5186 10.3666 discretionary
146.278 758.263 27.6055 10.3666 buffer
176.633 758.263 64.0651 10.3666 requirements)
243.353 758.263 16.8327 10.3666 and
262.923 758.263 21.0069 10.3666 total
286.439 758.263 26.517 10.3666 RWAs
315.595 758.263 24.7252 10.3666 equal
343.069 758.263 9.53746 10.3666 to
355.309 758.263 18.9336 10.3666 35%
376.909 758.263 9.24821 10.3666 of
388.787 758.263 21.0047 10.3666 total
412.541 758.263 39.5795 10.3666 liabilities
454.884 758.263 16.8327 10.3666 and
474.321 758.263 19.5971 10.3666 own
496.521 758.263 27.7391 10.3666 funds.

85.08 37.8787 11.9675 7.54956 RTS
98.8782 37.8787 10.4737 7.54956 ON
111.119 37.8787 18.4944 7.54956 MREL

518.643 783.104 5.59728 10.3666 9

85.08 116.863 16.6583 10.3666 The
105.602 116.863 54.0706 10.3666 resolvability
163.553 116.863 51.4596 10.3666 assessment
218.876 116.863 34.1986 10.3666 process
256.678 116.863 44.8743 10.3666 concludes
305.277 116.863 18.4556 10.3666 that
327.354 116.863 6.21552 10.3666 it
337.433 116.863 6.83376 10.3666 is
347.992 116.863 21.0367 10.3666 both
372.834 116.863 34.6479 10.3666 feasible
411.226 116.863 16.8327 10.3666 and
431.743 116.863 35.9727 10.3666 credible
471.579 116.863 9.41822 10.3666 to
484.901 116.863 39.2064 10.3666 liquidate

85.08 132.343 14.978 10.3666 the
103.315 132.343 24.6269 10.3666 bank.
130.919 132.343 16.6572 10.3666 The
150.833 132.343 45.5168 10.3666 resolution
199.428 132.343 41.3614 10.3666 authority
243.943 132.343 42.6983 10.3666 therefore
289.778 132.343 50.9971 10.3666 determines
344.013 132.343 5.28816 10.3666 a
352.408 132.343 16.9166 10.3666 loss
372.443 132.343 48.6367 10.3666 absorption
424.159 132.343 35.0178 10.3666 amount
462.434 132.343 10.7618 10.3666 by
476.349 132.343 47.801 10.3666 translating

85.08 147.703 14.978 10.3666 the
102.6 147.703 30.4848 10.3666 overall
135.478 147.703 29.7594 10.3666 capital
167.746 147.703 56.4994 10.3666 requirement
226.664 147.703 9.2471 10.3666 of
238.295 147.703 27.3339 10.3666 10.5%
268.171 147.703 9.2471 10.3666 of
279.802 147.703 26.517 10.3666 RWAs
308.843 147.703 17.696 10.3666 into
329.121 147.703 14.978 10.3666 the
346.517 147.703 47.249 10.3666 equivalent
396.304 147.703 50.497 10.3666 percentage
449.34 147.703 9.2471 10.3666 of
460.977 147.703 21.0047 10.3666 total
484.487 147.703 39.6976 10.3666 liabilities

85.08 163.183 16.836 10.3666 and
105.721 163.183 19.596 10.3666 own
129.124 163.183 24.957 10.3666 funds
157.926 163.183 5.49792 10.3666 –
167.284 163.183 8.31312 10.3666 in
179.402 163.183 16.3138 10.3666 this
199.561 163.183 22.5569 10.3666 case,
225.96 163.183 24.6225 10.3666 3.7%.
254.281 163.183 16.7775 10.3666 The
274.923 163.183 68.904 10.3666 recapitalisation
347.632 163.183 35.1359 10.3666 amount
386.632 163.183 6.83376 10.3666 is
397.311 163.183 22.2003 10.3666 zero,
423.353 163.183 9.59376 10.3666 as
436.792 163.183 14.8576 10.3666 the
455.514 163.183 21.8206 10.3666 bank
481.193 163.183 27.8727 10.3666 would
512.871 163.183 11.2575 10.3666 be

85.08 178.663 47.9026 10.3666 liquidated.

85.08 206.023 22.1827 10.3666 Bank
111.123 206.023 6.00576 10.3666 B
121.203 206.023 6.83707 10.3666 is
132.124 206.023 5.28816 10.3666 a
141.247 206.023 63.0163 10.3666 medium-sized
208.312 206.023 24.5982 10.3666 bank,
236.995 206.023 24.0275 10.3666 again
264.827 206.023 20.0729 10.3666 with
288.828 206.023 11.0731 10.3666 an
303.828 206.023 30.3633 10.3666 overall
338.143 206.023 29.8809 10.3666 capital
371.975 206.023 56.4994 10.3666 requirement
432.34 206.023 9.2471 10.3666 of
445.539 206.023 27.4532 10.3666 10.5%
476.983 206.023 16.8338 10.3666 and
497.744 206.023 26.517 10.3666 RWAs

85.08 221.503 24.8477 10.3666 equal
113.76 221.503 9.41822 10.3666 to
126.96 221.503 19.0539 10.3666 35%
149.761 221.503 9.2471 10.3666 of
162.721 221.503 21.0124 10.3666 total
187.447 221.503 39.5961 10.3666 liabilities
230.889 221.503 16.836 10.3666 and
251.41 221.503 19.4768 10.3666 own
274.692 221.503 27.7424 10.3666 funds.
306.011 221.503 16.7786 10.3666 The
326.412 221.503 17.0358 10.3666 loss
347.174 221.503 48.6356 10.3666 absorption
399.496 221.503 35.1381 10.3666 amount
438.378 221.503 52.5957 10.3666 determined
494.66 221.503 10.7607 10.3666 by
509.182 221.503 14.978 10.3666 the

85.08 236.983 45.6372 10.3666 resolution
136.201 236.983 41.2377 10.3666 authority
182.997 236.983 6.83376 10.3666 is
195.235 236.983 42.6972 10.3666 therefore
243.474 236.983 17.813 10.3666 also
266.765 236.983 21.8139 10.3666 3.7%
294.005 236.983 9.24821 10.3666 of
308.642 236.983 20.8888 10.3666 total
335.04 236.983 39.6954 10.3666 liabilities
380.259 236.983 16.8327 10.3666 and
402.456 236.983 19.596 10.3666 own
427.416 236.983 27.738 10.3666 funds.
460.652 236.983 43.0814 10.3666 However,
509.171 236.983 14.978 10.3666 the

85.08 252.343 45.6372 10.3666 resolution
134.28 252.343 41.3603 10.3666 authority
179.279 252.343 37.674 10.3666 assesses
220.556 252.343 18.4556 10.3666 that
242.633 252.343 48.0229 10.3666 liquidation
294.218 252.343 6.83376 10.3666 is
304.655 252.343 15.2186 10.3666 not
323.375 252.343 36.0953 10.3666 credible
363.091 252.343 36.8162 10.3666 because
403.529 252.343 14.8587 10.3666 the
422.009 252.343 21.8206 10.3666 bank
447.326 252.343 29.9979 10.3666 carries
480.926 252.343 15.2507 10.3666 out
499.798 252.343 24.4591 10.3666 some

85.08 267.823 29.7683 10.3666 critical
117.719 267.823 41.6329 10.3666 functions
162.236 267.823 18.4556 10.3666 that
183.594 267.823 22.5956 10.3666 need
208.916 267.823 9.53856 10.3666 to
221.398 267.823 11.2575 10.3666 be
235.559 267.823 47.6619 10.3666 preserved.
285.958 267.823 16.7775 10.3666 The
305.639 267.823 45.5157 10.3666 resolution
354.001 267.823 19.3564 10.3666 plan
376.203 267.823 37.716 10.3666 adopted
416.764 267.823 6.83597 10.3666 is
426.484 267.823 9.41822 10.3666 to
438.846 267.823 35.5322 10.3666 transfer
477.246 267.823 27.356 10.3666 assets
507.487 267.823 16.836 10.3666 and

85.08 283.303 39.6965 10.3666 liabilities
127.54 283.303 47.0712 10.3666 associated
177.095 283.303 20.0729 10.3666 with
199.772 283.303 14.8587 10.3666 the
217.293 283.303 29.7649 10.3666 critical
249.807 283.303 41.6296 10.3666 functions
294.08 283.303 9.41822 10.3666 to
306.2 283.303 5.28816 10.3666 a
314.237 283.303 28.4148 10.3666 bridge
345.435 283.303 21.8195 10.3666 bank
369.912 283.303 16.8327 10.3666 and
389.468 283.303 39.3256 10.3666 liquidate
431.457 283.303 14.978 10.3666 the
449.096 283.303 45.1547 10.3666 remaining
497.038 283.303 27.2324 10.3666 assets

85.08 298.783 16.8327 10.3666 and
104.637 298.783 42.5095 10.3666 liabilities.
149.764 298.783 16.6583 10.3666 The
169.084 298.783 36.3956 10.3666 planned
208.205 298.783 28.5329 10.3666 bridge
239.52 298.783 21.8239 10.3666 bank
264 298.783 39.9648 10.3666 accounts
306.608 298.783 12.9731 10.3666 for
322.33 298.783 16.8007 10.3666 half
341.879 298.783 9.24821 10.3666 of
353.759 298.783 14.8587 10.3666 the
371.28 298.783 26.517 10.3666 RWAs
400.441 298.783 9.2471 10.3666 of
412.201 298.783 22.1816 10.3666 Bank
436.919 298.783 8.88058 10.3666 B,
448.319 298.783 10.138 10.3666 so
461.16 298.783 14.978 10.3666 the
478.801 298.783 45.5168 10.3666 resolution

85.08 314.143 41.3569 10.3666 authority
130.556 314.143 17.7578 10.3666 sets
152.282 314.143 5.28816 10.3666 a
161.644 314.143 68.8973 10.3666 recapitalisation
234.589 314.143 35.0189 10.3666 amount
273.59 314.143 9.2471 10.3666 of
286.79 314.143 21.6947 10.3666 1.8%
312.595 314.143 9.2471 10.3666 of
325.799 314.143 21.0058 10.3666 total
350.762 314.143 39.6965 10.3666 liabilities
394.426 314.143 16.8327 10.3666 and
415.184 314.143 19.596 10.3666 own
438.828 314.143 27.6188 10.3666 funds.
470.385 314.143 18.1144 10.3666 This
492.583 314.143 22.4344 10.3666 gives
518.981 314.143 5.28816 10.3666 a

85.08 329.623 21.1272 10.3666 total
109.078 329.623 25.3964 10.3666 MREL
137.52 329.623 9.2471 10.3666 of
149.755 329.623 24.6225 10.3666 5.5%.
177.363 329.623 6.1272 10.3666 If
186.488 329.623 5.28816 10.3666 a
194.892 329.623 38.1344 10.3666 leverage
236.053 329.623 21.0577 10.3666 ratio
260.297 329.623 56.378 10.3666 requirement
319.701 329.623 16.7157 10.3666 had
339.506 329.623 22.5956 10.3666 been
365.07 329.623 35.88 10.3666 applied,
403.954 329.623 16.316 10.3666 this
423.154 329.623 27.7557 10.3666 would
453.998 329.623 17.9378 10.3666 also
475.002 329.623 22.4763 10.3666 need
500.442 329.623 9.53746 10.3666 to
513.046 329.623 11.2575 10.3666 be

85.08 345.103 49.6027 10.3666 considered
137.044 345.103 16.8338 10.3666 and
156.242 345.103 24.6336 10.3666 could
183.356 345.103 19.1102 10.3666 lead
204.831 345.103 9.53746 10.3666 to
216.948 345.103 5.28816 10.3666 a
224.626 345.103 28.5693 10.3666 higher
255.701 345.103 21.0058 10.3666 level
279.096 345.103 9.24821 10.3666 of
290.733 345.103 28.2227 10.3666 MREL.

85.08 372.463 22.1816 10.3666 Bank
110.634 372.463 5.88432 10.3666 C
119.87 372.463 6.83376 10.3666 is
130.064 372.463 5.28816 10.3666 a
138.697 372.463 24.9559 10.3666 large,
167.009 372.463 53.9845 10.3666 systemically
224.388 372.463 45.2132 10.3666 important
272.992 372.463 21.8228 10.3666 bank
298.066 372.463 19.9559 10.3666 with
321.346 372.463 5.28816 10.3666 a
329.87 372.463 29.8787 10.3666 capital
362.972 372.463 57.9953 10.3666 conservation
424.306 372.463 27.4852 10.3666 buffer
455.136 372.463 56.4994 10.3666 requirement
515.014 372.463 9.24821 10.3666 of

85.08 387.943 24.5971 10.3666 2.5%,
112.437 387.943 5.28816 10.3666 a
120.474 387.943 20.9042 10.3666 G-SII
144.116 387.943 27.6044 10.3666 buffer
174.47 387.943 56.6197 10.3666 requirement
233.751 387.943 9.2471 10.3666 of
245.747 387.943 24.6004 10.3666 2.5%,
273.113 387.943 16.8327 10.3666 and
292.671 387.943 5.28816 10.3666 a
300.708 387.943 22.4421 10.3666 pillar
325.899 387.943 5.59728 10.3666 2
334.179 387.943 29.8798 10.3666 capital
366.808 387.943 56.4983 10.3666 requirement
425.968 387.943 9.2471 10.3666 of
437.964 387.943 13.4136 10.3666 2%
454.164 387.943 9.2471 10.3666 of
466.039 387.943 29.2803 10.3666 RWAs,
498.08 387.943 26.1935 10.3666 giving

85.08 403.423 11.0731 10.3666 an
99.4728 403.423 30.4848 10.3666 overall
133.203 403.423 29.8831 10.3666 capital
166.432 403.423 56.378 10.3666 requirement
226.188 403.423 9.2471 10.3666 of
238.664 403.423 19.0528 10.3666 15%
261.101 403.423 9.2471 10.3666 of
273.577 403.423 29.3024 10.3666 RWAs.
306.213 403.423 24.9935 10.3666 Again
334.527 403.423 26.517 10.3666 RWAs
364.403 403.423 14.617 10.3666 are
382.282 403.423 19.0528 10.3666 35%
404.719 403.423 9.2471 10.3666 of
417.195 403.423 21.0058 10.3666 total
441.546 403.423 39.5795 10.3666 liabilities
484.485 403.423 16.8327 10.3666 and
504.639 403.423 19.596 10.3666 own

85.08 418.783 27.7424 10.3666 funds.
115.804 418.783 6.1272 10.3666 If
124.923 418.783 14.978 10.3666 the
142.807 418.783 22.441 10.3666 pillar
168.116 418.783 5.59728 10.3666 2
176.637 418.783 16.8327 10.3666 and
196.437 418.783 20.7861 10.3666 G-SII
220.204 418.783 31.9111 10.3666 buffers
255.121 418.783 14.4944 10.3666 are
272.641 418.783 38.3099 10.3666 included
313.798 418.783 8.31312 10.3666 in
324.955 418.783 14.8576 10.3666 the
342.838 418.783 45.5157 10.3666 resolution
391.32 418.783 48.353 10.3666 authority’s
442.559 418.783 51.6992 10.3666 assessment
497.039 418.783 9.24821 10.3666 of
509.279 418.783 14.8576 10.3666 the

85.08 434.263 38.5561 10.3666 required
129.361 434.263 16.9166 10.3666 loss
152.041 434.263 48.5164 10.3666 absorption
206.162 434.263 37.9158 10.3666 amount,
249.841 434.263 6.21883 10.3666 it
261.601 434.263 27.876 10.3666 would
295.204 434.263 11.2575 10.3666 be
312.118 434.263 21.6936 10.3666 5.4%
339.478 434.263 9.2471 10.3666 of
354.477 434.263 21.0058 10.3666 total
381.118 434.263 39.6965 10.3666 liabilities
426.46 434.263 16.8338 10.3666 and
448.901 434.263 19.596 10.3666 own
474.104 434.263 27.7413 10.3666 funds.
507.464 434.263 16.6583 10.3666 The

85.08 449.743 45.6372 10.3666 resolution
133.562 449.743 41.2366 10.3666 authority
177.72 449.743 51.1141 10.3666 determines
231.598 449.743 18.4556 10.3666 that
252.837 449.743 14.978 10.3666 the
270.599 449.743 19.0407 10.3666 only
292.56 449.743 34.532 10.3666 feasible
329.996 449.743 16.8327 10.3666 and
349.553 449.743 36.0953 10.3666 credible
388.552 449.743 45.5124 10.3666 resolution
436.789 449.743 36.4408 10.3666 strategy
476.03 449.743 6.83376 10.3666 is
485.628 449.743 5.28816 10.3666 a
493.786 449.743 30.498 10.3666 bail-in,

85.08 465.103 16.836 10.3666 and
105.721 465.103 10.1391 10.3666 so
119.764 465.103 45.5157 10.3666 resolution
168.964 465.103 15.6072 10.3666 will
188.406 465.103 15.2186 10.3666 not
207.366 465.103 25.6581 10.3666 result
236.888 465.103 8.31533 10.3666 in
249.01 465.103 16.0411 10.3666 any
268.931 465.103 48.2183 10.3666 immediate
321.014 465.103 43.236 10.3666 reduction
368.055 465.103 8.31643 10.3666 in
380.056 465.103 29.3013 10.3666 RWAs.
413.055 465.103 16.7775 10.3666 The
433.697 465.103 45.3965 10.3666 resolution
482.899 465.103 41.3614 10.3666 authority

85.08 480.583 42.822 10.3666 therefore
130.685 480.583 17.8771 10.3666 sets
151.327 480.583 5.28816 10.3666 a
159.364 480.583 69.021 10.3666 recapitalisation
231.23 480.583 35.0189 10.3666 amount
269.151 480.583 17.8119 10.3666 also
289.786 480.583 24.8455 10.3666 equal
317.502 480.583 9.41822 10.3666 to
329.744 480.583 21.8139 10.3666 5.4%
354.344 480.583 9.2471 10.3666 of
366.341 480.583 21.0058 10.3666 total
390.217 480.583 42.3428 10.3666 liabilities,
435.441 480.583 16.7135 10.3666 and
455.001 480.583 5.28816 10.3666 a
463.159 480.583 21.0058 10.3666 total
486.918 480.583 25.3975 10.3666 MREL
515.119 480.583 9.12677 10.3666 of

85.08 496.063 30.2651 10.3666 10.8%.
118.796 496.063 6.1272 10.3666 If
128.393 496.063 5.28816 10.3666 a
137.151 496.063 38.1333 10.3666 leverage
178.784 496.063 21.0588 10.3666 ratio
203.382 496.063 56.378 10.3666 requirement
263.26 496.063 16.836 10.3666 had
283.537 496.063 22.5967 10.3666 been
309.575 496.063 35.7597 10.3666 applied,
348.812 496.063 16.3171 10.3666 this
368.492 496.063 27.876 10.3666 would
399.811 496.063 17.9378 10.3666 also
421.167 496.063 22.5967 10.3666 need
447.205 496.063 9.41822 10.3666 to
460.163 496.063 11.2586 10.3666 be
474.803 496.063 49.4758 10.3666 considered

85.08 511.543 16.836 10.3666 and
104.397 511.543 24.6358 10.3666 could
131.513 511.543 19.1158 10.3666 lead
152.993 511.543 9.53856 10.3666 to
164.99 511.543 5.28816 10.3666 a
172.787 511.543 28.5682 10.3666 higher
203.86 511.543 21.008 10.3666 level
227.258 511.543 9.2471 10.3666 of
238.895 511.543 28.2227 10.3666 MREL.

85.08 763.292 13.9976 10.0354 3.2
101.638 763.292 45.2176 10.0354 Exclusions
149.398 763.292 16.9574 10.0354 and
168.839 763.292 32.7413 10.0354 deposit
203.883 763.292 46.326 10.0354 guarantee
252.728 763.292 33.7184 10.0354 scheme
288.967 763.292 58.8874 10.0354 contributions

172.145 700.872 19.8413 9.35244 0.0%

172.145 679.318 19.8413 9.35244 2.0%

172.145 657.765 19.8413 9.35244 4.0%

172.145 636.211 19.8413 9.35244 6.0%

172.145 614.658 19.8413 9.35244 8.0%

167.075 593.104 24.8811 9.35244 10.0%

167.075 571.551 24.8811 9.35244 12.0%

204.854 713.899 20.0096 9.35244 Bank

211.935 726.14 5.76684 9.35244 A

286.655 713.899 20.0096 9.35244 Bank

293.976 726.14 5.41824 9.35244 B

368.457 713.899 20.0096 9.35244 Bank

375.777 726.14 5.30868 9.35244 C

246.975 588.199 64.5109 9.35244 Recapitalisation
313.818 588.199 31.8969 9.35244 amount

246.975 606.28 17.3334 9.35244 Loss
266.534 606.28 44.1079 9.35244 absorption
312.974 606.28 31.8969 9.35244 amount

246.975 624.36 20.5196 9.35244 Total
269.773 624.36 27.0026 9.35244 capital
299.056 624.36 16.3105 9.35244 req.
317.536 624.36 10.2419 9.35244 (%
330.017 624.36 8.3166 9.35244 of
340.576 624.36 13.698 9.35244 TA)

85.08 37.8787 11.9675 7.54956 RTS
98.8782 37.8787 10.4737 7.54956 ON
111.119 37.8787 18.4944 7.54956 MREL

513.001 783.104 11.2387 10.3666 10

85.08 116.862 16.6583 10.3666 The
105.602 116.862 21.6362 10.3666 third
130.802 116.862 38.3165 10.3666 criterion
172.805 116.862 6.83597 10.3666 is
183.367 116.862 14.978 10.3666 the
202.09 116.862 22.4763 10.3666 need
228.249 116.862 9.53856 10.3666 to
241.572 116.862 30.6978 10.3666 ensure
276.013 116.862 18.3396 10.3666 that
298.096 116.862 14.9791 10.3666 the
316.816 116.862 25.3975 10.3666 MREL
345.977 116.862 6.83597 10.3666 is
356.658 116.862 41.379 10.3666 sufficient
401.781 116.862 21.7565 10.3666 even
427.343 116.862 5.88763 10.3666 if
436.946 116.862 14.8587 10.3666 the
455.669 116.862 45.5168 10.3666 resolution
504.992 116.862 19.3564 10.3666 plan

85.08 132.34 43.4314 10.3666 envisages
132.355 132.34 18.3385 10.3666 that
154.557 132.34 31.3514 10.3666 certain
189.593 132.34 30.9495 10.3666 classes
224.388 132.34 9.2471 10.3666 of
237.468 132.34 39.6965 10.3666 liabilities
281.04 132.34 14.4988 10.3666 are
299.4 132.34 40.2353 10.3666 excluded
343.563 132.34 21.7808 10.3666 from
369.117 132.34 55.1194 10.3666 contributing
428.04 132.34 9.41822 10.3666 to
441.483 132.34 16.7918 10.3666 loss
462.24 132.34 48.5164 10.3666 absorption
514.561 132.34 9.73286 10.3666 or

85.08 147.696 69.0232 10.3666 recapitalisation
157.558 147.696 10.7618 10.3666 by
171.836 147.696 14.8576 10.3666 the
190.193 147.696 45.6338 10.3666 resolution
239.269 147.696 41.2377 10.3666 authority
284.023 147.696 8.31312 10.3666 in
295.777 147.696 24.8555 10.3666 order
323.982 147.696 9.53746 10.3666 to
337.06 147.696 30.5775 10.3666 ensure
371.139 147.696 5.28816 10.3666 a
379.893 147.696 45.1238 10.3666 successful
428.484 147.696 48.3773 10.3666 resolution.
480.199 147.696 26.0202 10.3666 There
509.72 147.696 14.4955 10.3666 are

85.08 163.175 24.3377 10.3666 three
113.155 163.175 22.5536 10.3666 ways
139.433 163.175 8.31312 10.3666 in
151.43 163.175 26.7963 10.3666 which
181.913 163.175 20.5554 10.3666 such
206.152 163.175 46.0732 10.3666 exclusions
255.952 163.175 21.7775 10.3666 from
281.51 163.175 16.9144 10.3666 loss
302.147 163.175 26.0158 10.3666 might
331.907 163.175 27.6795 10.3666 occur:
363.47 163.175 8.31312 10.3666 in
375.59 163.175 5.28816 10.3666 a
384.592 163.175 30.4848 10.3666 bail-in,
418.919 163.175 24.3377 10.3666 some
447.12 163.175 39.5795 10.3666 liabilities
490.545 163.175 14.617 10.3666 are
508.906 163.175 15.2186 10.3666 not

85.08 178.653 32.0061 10.3666 eligible
120.717 178.653 26.6528 10.3666 under
150.957 178.653 29.1379 10.3666 Article
183.716 178.653 23.386 10.3666 44(2)
210.595 178.653 9.2471 10.3666 of
223.434 178.653 14.978 10.3666 the
241.915 178.653 27.5989 10.3666 BRRD,
272.992 178.653 9.73286 10.3666 or
286.317 178.653 45.5124 10.3666 resolution
335.393 178.653 48.8299 10.3666 authorities
387.704 178.653 19.1577 10.3666 may
410.378 178.653 24.5927 10.3666 make
438.592 178.653 15.4582 10.3666 use
457.671 178.653 9.2471 10.3666 of
470.511 178.653 21.3734 10.3666 their
495.471 178.653 28.8133 10.3666 power

85.069 194.009 26.6528 10.3666 under
114.945 194.009 29.1379 10.3666 Article
147.34 194.009 23.5053 10.3666 44(3)
173.981 194.009 9.2471 10.3666 of
186.451 194.009 14.978 10.3666 the
204.571 194.009 24.7848 10.3666 BRRD
232.641 194.009 9.41822 10.3666 to
245.355 194.009 34.4161 10.3666 exclude
283.029 194.009 24.4591 10.3666 some
310.631 194.009 30.8347 10.3666 classes
344.703 194.009 9.2471 10.3666 of
357.174 194.009 39.6965 10.3666 liabilities
400.073 194.009 11.6759 10.3666 on
414.947 194.009 11.0764 10.3666 an
429.222 194.009 30.594 10.3666 ad-hoc
463.18 194.009 24.9703 10.3666 basis,
491.391 194.009 9.73286 10.3666 or
504.235 194.009 20.0012 10.3666 they

85.069 209.487 19.1588 10.3666 may
106.664 209.487 11.2586 10.3666 be
120.462 209.487 50.6725 10.3666 transferred
173.496 209.487 8.31312 10.3666 in
184.291 209.487 14.1621 10.3666 full
200.959 209.487 26.6528 10.3666 under
230.118 209.487 5.28816 10.3666 a
237.912 209.487 28.9215 10.3666 partial
269.222 209.487 38.4203 10.3666 transfer.

85.069 236.966 50.4826 10.3666 Bail-in-able
139.538 236.966 39.6965 10.3666 liabilities
183.215 236.966 16.942 10.3666 (i.e.
204.098 236.966 25.0575 10.3666 those
233.016 236.966 26.7963 10.3666 which
263.616 236.966 23.4986 10.3666 meet
291.096 236.966 14.9769 10.3666 the
309.936 236.966 46.7964 10.3666 conditions
360.815 236.966 12.9731 10.3666 for
377.735 236.966 39.7561 10.3666 inclusion
421.415 236.966 8.31643 10.3666 in
433.655 236.966 14.978 10.3666 the
452.624 236.966 35.1381 10.3666 amount
491.627 236.966 9.2471 10.3666 of
504.831 236.966 19.4768 10.3666 own

85.069 252.323 24.9526 10.3666 funds
112.542 252.323 9.73286 10.3666 or
124.781 252.323 32.0061 10.3666 eligible
159.326 252.323 42.9655 10.3666 liabilities)
204.709 252.323 19.1588 10.3666 may
226.425 252.323 11.1383 10.3666 be
240.103 252.323 40.2331 10.3666 excluded
282.816 252.323 21.7786 10.3666 from
307.172 252.323 16.9177 10.3666 loss
326.493 252.323 8.31312 10.3666 in
337.288 252.323 16.3138 10.3666 this
356.005 252.323 18.3187 10.3666 way
376.879 252.323 16.8338 10.3666 and
396.194 252.323 10.0177 10.3666 so
408.79 252.323 14.4977 10.3666 are
425.874 252.323 15.3379 10.3666 not
443.629 252.323 18.938 10.3666 able
465.109 252.323 9.53856 10.3666 to
477.105 252.323 47.0172 10.3666 contribute

85.069 267.801 9.53856 10.3666 to
98.3898 267.801 14.8587 10.3666 the
116.991 267.801 48.6345 10.3666 absorption
169.189 267.801 9.2471 10.3666 of
182.146 267.801 26.6373 10.3666 losses
212.507 267.801 9.73286 10.3666 or
225.949 267.801 71.6617 10.3666 recapitalisation.
301.309 267.801 6.1272 10.3666 If
311.149 267.801 16.1924 10.3666 this
331.066 267.801 54.3168 10.3666 contingency
389.155 267.801 6.83376 10.3666 is
399.592 267.801 44.9107 10.3666 envisaged
448.067 267.801 8.31312 10.3666 in
460.066 267.801 14.978 10.3666 the
478.786 267.801 45.5157 10.3666 resolution

85.08 283.279 22.08 10.3666 plan,
109.677 283.279 14.978 10.3666 the
127.077 283.279 25.3964 10.3666 MREL
155.034 283.279 26.8769 10.3666 needs
184.311 283.279 9.41822 10.3666 to
196.308 283.279 11.2575 10.3666 be
209.985 283.279 43.236 10.3666 increased
255.593 283.279 9.53856 10.3666 to
267.59 283.279 35.6184 10.3666 account
305.748 283.279 12.9731 10.3666 for
321.224 283.279 21.2531 10.3666 their
344.981 283.279 44.4228 10.3666 exclusion.

85.08 310.757 56.3857 10.3666 Additionally,
146.146 310.757 41.6738 10.3666 exclusion
192.585 310.757 9.2471 10.3666 of
206.501 310.757 39.6965 10.3666 liabilities
251.003 310.757 21.7786 10.3666 from
277.644 310.757 16.9177 10.3666 loss
299.368 310.757 41.5148 10.3666 increases
345.688 310.757 14.978 10.3666 the
365.368 310.757 35.1359 10.3666 amount
405.205 310.757 9.2471 10.3666 of
419.243 310.757 16.9166 10.3666 loss
440.844 310.757 9.61253 10.3666 or
455.248 310.757 69.0221 10.3666 recapitalisation

85.08 326.114 26.7963 10.3666 which
114.841 326.114 22.6585 10.3666 must
140.635 326.114 11.2575 10.3666 be
155.151 326.114 26.6196 10.3666 borne
184.908 326.114 10.7607 10.3666 by
198.823 326.114 24.6137 10.3666 other
226.66 326.114 42.3638 10.3666 liabilities.
272.237 326.114 6.1272 10.3666 If
281.472 326.114 5.28816 10.3666 a
289.984 326.114 48.7913 10.3666 sufficiently
342.048 326.114 22.2942 10.3666 large
367.479 326.114 35.0189 10.3666 amount
405.64 326.114 9.2471 10.3666 of
417.996 326.114 40.2331 10.3666 excluded
461.427 326.114 39.6965 10.3666 liabilities
504.242 326.114 19.9018 10.3666 rank

85.08 341.592 24.8477 10.3666 equal
113.276 341.592 9.41822 10.3666 to
125.996 341.592 9.73286 10.3666 or
138.953 341.592 26.4132 10.3666 junior
168.589 341.592 9.41822 10.3666 to
181.305 341.592 8.31643 10.3666 in
192.963 341.592 26.0378 10.3666 terms
222.24 341.592 9.24821 10.3666 of
234.712 341.592 46.7555 10.3666 insolvency
284.76 341.592 16.0378 10.3666 any
304.074 341.592 39.5806 10.3666 liabilities
346.916 341.592 26.676 10.3666 which
376.792 341.592 14.617 10.3666 are
394.667 341.592 27.3869 10.3666 bailed
425.254 341.592 11.0632 10.3666 in,
439.674 341.592 16.1935 10.3666 this
459.111 341.592 24.6336 10.3666 could
487.065 341.592 25.5377 10.3666 result
515.981 341.592 8.31312 10.3666 in

85.08 357.07 33.5969 10.3666 holders
121.915 357.07 9.2471 10.3666 of
134.386 357.07 39.0507 10.3666 bailed-in
176.635 357.07 39.5795 10.3666 liabilities
219.452 357.07 40.4782 10.3666 receiving
263.012 357.07 27.4598 10.3666 worse
293.728 357.07 45.5764 10.3666 treatment
342.56 357.07 20.5532 10.3666 than
366.312 357.07 8.31312 10.3666 in
377.823 357.07 49.6756 10.3666 insolvency,
430.734 357.07 16.7124 10.3666 and
450.645 357.07 10.138 10.3666 so
464.08 357.07 24.7583 10.3666 being
492.033 357.07 32.0061 10.3666 eligible

85.08 372.427 13.0934 10.3666 for
100.92 372.427 66.622 10.3666 compensation.
170.28 372.427 16.7775 10.3666 The
189.961 372.427 21.8184 10.3666 draft
214.682 372.427 16.4673 10.3666 RTS
234.003 372.427 36.8173 10.3666 propose
273.724 372.427 14.978 10.3666 the
291.605 372.427 38.7349 10.3666 principle
333.244 372.427 18.4556 10.3666 that
354.602 372.427 14.978 10.3666 the
372.363 372.427 25.3964 10.3666 MREL
400.804 372.427 29.9151 10.3666 should
433.565 372.427 11.2586 10.3666 be
447.6 372.427 13.5384 10.3666 set
464.042 372.427 9.53856 10.3666 to
476.524 372.427 24.2759 10.3666 avoid
503.645 372.427 20.6757 10.3666 such

85.08 387.905 5.28816 10.3666 a
93.36 387.905 15.7022 10.3666 risk
111.959 387.905 9.24821 10.3666 of
124.077 387.905 63.7538 10.3666 compensation
190.797 387.905 32.0348 10.3666 arising,
225.834 387.905 15.2186 10.3666 but
244.078 387.905 6.21552 10.3666 it
253.319 387.905 28.0769 10.3666 leaves
284.278 387.905 14.9791 10.3666 the
302.282 387.905 45.5157 10.3666 resolution
350.765 387.905 41.3614 10.3666 authority
395.046 387.905 9.53856 10.3666 to
407.53 387.905 46.7776 10.3666 determine
457.209 387.905 38.0527 10.3666 whether
498.252 387.905 16.3171 10.3666 this
517.575 387.905 6.71674 10.3666 is

85.08 403.383 19.299 10.3666 best
107.16 403.383 22.8981 10.3666 done
132.84 403.383 10.6404 10.3666 by
146.28 403.383 45.3932 10.3666 increasing
194.395 403.383 14.8576 10.3666 the
212.034 403.383 28.2006 10.3666 MREL,
242.995 403.383 40.7188 10.3666 requiring
286.434 403.383 18.577 10.3666 part
307.673 403.383 9.24821 10.3666 of
319.67 403.383 14.8587 10.3666 the
337.311 403.383 25.3964 10.3666 MREL
365.511 403.383 9.41822 10.3666 to
377.752 403.383 11.2575 10.3666 be
391.672 403.383 18.099 10.3666 met
412.433 403.383 35.7983 10.3666 through
450.954 403.383 51.1273 10.3666 contractual
504.831 403.383 19.4492 10.3666 bail-

85.08 418.74 8.31643 10.3666 in
95.9986 418.74 56.7566 10.3666 instruments,
155.394 418.74 9.59707 10.3666 as
167.634 418.74 44.9173 10.3666 permitted
215.154 418.74 26.6539 10.3666 under
244.435 418.74 29.139 10.3666 Article
276.113 418.74 29.0253 10.3666 45(13)
307.671 418.74 9.2471 10.3666 of
319.551 418.74 14.8576 10.3666 the
336.948 418.74 27.6 10.3666 BRRD,
367.065 418.74 9.73286 10.3666 or
379.424 418.74 35.7961 10.3666 through
417.824 418.74 48.5782 10.3666 alternative
468.942 418.74 43.3165 10.3666 measures
514.779 418.74 9.41822 10.3666 to

85.069 434.218 34.4205 10.3666 remove
122.029 434.218 58.9172 10.3666 impediments
183.346 434.218 9.41822 10.3666 to
195.343 434.218 57.0117 10.3666 resolvability.

85.08 37.8787 11.9675 7.54956 RTS
98.8782 37.8787 10.4737 7.54956 ON
111.119 37.8787 18.4944 7.54956 MREL

513.001 783.104 11.2387 10.3666 11

85.08 582.463 16.6583 10.3666 The
104.995 582.463 28.3573 10.3666 fourth
136.437 582.463 38.1973 10.3666 criterion
177.833 582.463 37.0767 10.3666 requires
218.147 582.463 14.9791 10.3666 the
236.383 582.463 45.5168 10.3666 resolution
285.098 582.463 41.3614 10.3666 authority
329.613 582.463 9.53856 10.3666 to
342.448 582.463 19.4183 10.3666 take
365.123 582.463 35.6184 10.3666 account
403.998 582.463 9.2471 10.3666 of
416.357 582.463 14.978 10.3666 the
434.592 582.463 28.778 10.3666 extent
466.627 582.463 9.53856 10.3666 to
479.348 582.463 26.6726 10.3666 which
509.219 582.463 14.9791 10.3666 the

85.08 597.941 34.4183 10.3666 Deposit
123.84 597.941 47.4974 10.3666 Guarantee
175.559 597.941 35.1381 10.3666 Scheme
214.915 597.941 24.6358 10.3666 could
243.71 597.941 47.1375 10.3666 contribute
295.07 597.941 9.53856 10.3666 to
308.87 597.941 14.978 10.3666 the
327.945 597.941 40.9595 10.3666 financing
373.055 597.941 9.2471 10.3666 of
386.614 597.941 45.5157 10.3666 resolution
436.415 597.941 8.31533 10.3666 in
448.77 597.941 51.2179 10.3666 accordance
504.205 597.941 19.9559 10.3666 with

85.08 613.297 29.1379 10.3666 Article
117.121 613.297 16.7576 10.3666 109
136.682 613.297 9.2471 10.3666 of
148.683 613.297 14.9791 10.3666 the
166.444 613.297 27.6221 10.3666 BRRD.
196.925 613.297 29.0197 10.3666 Article
228.848 613.297 16.7576 10.3666 109
248.41 613.297 34.4371 10.3666 permits
285.732 613.297 14.8587 10.3666 the
303.494 613.297 15.5785 10.3666 use
321.855 613.297 9.12677 10.3666 of
333.856 613.297 33.4589 10.3666 deposit
370.219 613.297 45.6769 10.3666 guarantee
418.798 613.297 24.957 10.3666 funds
446.64 613.297 8.19499 10.3666 in
457.681 613.297 48.3607 10.3666 resolution,
508.922 613.297 15.2186 10.3666 but

85.08 628.776 24.468 10.3666 limits
112.91 628.776 21.3701 10.3666 their
137.507 628.776 55.8337 10.3666 contribution
196.662 628.776 9.41822 10.3666 to
209.5 628.776 14.978 10.3666 the
227.857 628.776 25.9308 10.3666 lesser
257.137 628.776 9.2471 10.3666 of
269.851 628.776 8.50522 10.3666 a)
281.848 628.776 14.8587 10.3666 the
300.207 628.776 35.0189 10.3666 amount
338.725 628.776 9.2471 10.3666 of
351.323 628.776 26.7543 10.3666 losses
381.321 628.776 36.1582 10.3666 covered
420.921 628.776 47.2766 10.3666 depositors
471.441 628.776 27.8727 10.3666 would
502.755 628.776 21.454 10.3666 have

85.08 644.254 26.7378 10.3666 borne
115.682 644.254 8.31643 10.3666 in
127.684 644.254 49.5597 10.3666 insolvency,
180.843 644.254 9.73286 10.3666 or
194.406 644.254 8.98546 10.3666 b)
207.126 644.254 19.0528 10.3666 50%
230.047 644.254 12.9731 10.3666 (or
246.73 644.254 5.28816 10.3666 a
255.732 644.254 28.5682 10.3666 higher
288.129 644.254 50.3733 10.3666 percentage
342.366 644.254 13.418 10.3666 set
359.528 644.254 10.7607 10.3666 by
374.05 644.254 14.978 10.3666 the
392.643 644.254 38.8961 10.3666 Member
435.247 644.254 26.5115 10.3666 State)
465.495 644.254 9.2471 10.3666 of
478.457 644.254 14.8587 10.3666 the
497.057 644.254 27.2191 10.3666 target

85.091 659.61 21.1284 10.3666 level
111.131 659.61 9.2471 10.3666 of
125.527 659.61 14.8587 10.3666 the
145.564 659.61 33.3386 10.3666 deposit
183.96 659.61 45.699 10.3666 guarantee
234.716 659.61 23.4401 10.3666 fund.
263.168 659.61 16.7786 10.3666 The
284.883 659.61 16.5876 10.3666 RTS
306.498 659.61 38.5164 10.3666 provides
350.062 659.61 18.4556 10.3666 that
373.575 659.61 45.5157 10.3666 resolution
424.211 659.61 48.7096 10.3666 authorities
477.959 659.61 29.914 10.3666 should
512.993 659.61 11.2575 10.3666 be

85.1021 675.088 38.5561 10.3666 required
127.707 675.088 9.41822 10.3666 to
141.266 675.088 13.4191 10.3666 set
158.662 675.088 11.0764 10.3666 an
173.665 675.088 25.3964 10.3666 MREL
203.189 675.088 9.41822 10.3666 to
216.629 675.088 30.6978 10.3666 ensure
251.309 675.088 18.4589 10.3666 that
273.749 675.088 24.819 10.3666 these
302.549 675.088 24.3576 10.3666 limits
330.75 675.088 27.8716 10.3666 would
362.67 675.088 11.2586 10.3666 be
377.915 675.088 44.5563 10.3666 respected
426.4 675.088 5.88653 10.3666 if
436.365 675.088 26.6362 10.3666 losses
466.965 675.088 24.8477 10.3666 equal
495.889 675.088 9.41822 10.3666 to
509.33 675.088 14.9791 10.3666 the

85.1021 690.566 35.1359 10.3666 amount
122.776 690.566 52.5946 10.3666 determined
177.851 690.566 13.0901 10.3666 for
193.325 690.566 41.1593 10.3666 purposes
236.888 690.566 9.2471 10.3666 of
248.524 690.566 14.978 10.3666 the
266.041 690.566 17.6132 10.3666 first
286.076 690.566 31.9266 10.3666 criteria
320.392 690.566 22.7788 10.3666 were
345.59 690.566 43.2558 10.3666 incurred,.

85.1021 717.924 33.099 10.3666 Subject
123.147 717.924 9.41712 10.3666 to
137.551 717.924 24.6976 10.3666 these
167.071 717.924 52.3108 10.3666 constraints,
224.305 717.924 14.9769 10.3666 the
243.979 717.924 16.5876 10.3666 RTS
265.463 717.924 36.697 10.3666 propose
307.105 717.924 18.3385 10.3666 that
330.27 717.924 45.636 10.3666 resolution
380.794 717.924 48.5992 10.3666 authorities
434.297 717.924 21.4584 10.3666 have
460.58 717.924 14.978 10.3666 the
480.383 717.924 29.5574 10.3666 option
514.704 717.924 9.41822 10.3666 to

85.091 733.402 31.0577 10.3666 reduce
120.973 733.402 14.978 10.3666 the
140.776 733.402 25.3964 10.3666 MREL
171.018 733.402 9.41822 10.3666 to
185.3 733.402 19.4183 10.3666 take
209.422 733.402 35.7387 10.3666 account
249.986 733.402 9.2471 10.3666 of
263.906 733.402 14.9791 10.3666 the
283.709 733.402 44.9173 10.3666 estimated
333.393 733.402 55.837 10.3666 contribution
393.996 733.402 21.7808 10.3666 from
420.639 733.402 14.8587 10.3666 the
440.322 733.402 33.4578 10.3666 deposit
478.604 733.402 45.6935 10.3666 guarantee

85.091 748.88 34.5342 10.3666 scheme
122.164 748.88 28.2282 10.3666 (DGS).

95.4 162.463 17.1871 10.3555 Box
115.077 162.463 8.68738 10.3555 2:
126.234 162.463 35.4439 10.3555 Stylised
164.16 162.463 39.1578 10.3555 example
205.802 162.463 9.36854 10.3555 of
217.562 162.463 15.2783 10.3555 the
235.324 162.463 31.5545 10.3555 impact
269.284 162.463 9.36854 10.3555 of
281.161 162.463 47.132 10.3555 exclusions

95.4 175.903 6.39216 10.3666 A
104.277 175.903 27.144 10.3666 failing
133.899 175.903 21.8195 10.3666 bank
158.253 175.903 15.3544 10.3666 has
176.129 175.903 27.3538 10.3666 assets
205.886 175.903 9.2471 10.3666 of
217.558 175.903 5.59728 10.3666 1
225.716 175.903 16.7576 10.3666 000
244.914 175.903 25.4693 10.3666 (RWA
272.868 175.903 9.2471 10.3666 of
284.505 175.903 22.9996 10.3666 500);
309.946 175.903 28.2812 10.3666 equity
340.667 175.903 9.2471 10.3666 of
352.307 175.903 11.2376 10.3666 50
365.985 175.903 25.5179 10.3666 (CET1
393.945 175.903 25.3997 10.3666 10%);
421.784 175.903 27.7336 10.3666 senior
452.022 175.903 20.6183 10.3666 debt
475.178 175.903 9.2471 10.3666 of
486.815 175.903 14.118 10.3666 50;
503.373 175.903 22.2942 10.3666 large

95.389 189.338 44.256 10.3666 corporate
142.065 189.338 50.6703 10.3666 transaction
195.217 189.338 37.5537 10.3666 deposits
235.31 189.338 9.2471 10.3666 of
246.942 189.338 13.9203 10.3666 50,
263.274 189.338 26.676 10.3666 which
292.431 189.338 19.9018 10.3666 rank
314.875 189.327 17.5282 10.0354 pari
334.913 189.327 25.4759 10.0354 passu
362.877 189.338 19.9559 10.3666 with
385.197 189.338 27.7336 10.3666 senior
415.434 189.338 23.5991 10.3666 debt;
441.592 189.338 16.836 10.3666 and
460.792 189.338 16.7576 10.3666 850
480.11 189.338 8.31643 10.3666 in

95.4 202.774 42.9986 10.3666 preferred
140.88 202.774 23.2834 10.3666 retail
166.67 202.774 40.3413 10.3666 deposits.
212.023 202.774 16.5379 10.3666 The
231.1 202.774 45.6327 10.3666 resolution
279.095 202.774 41.3603 10.3666 authority
322.894 202.774 44.7551 10.3666 concludes
370.169 202.774 18.4556 10.3666 that
391.163 202.774 29.5486 10.3666 bailing
423.189 202.774 8.31312 10.3666 in
433.865 202.774 44.1401 10.3666 corporate

95.4 216.099 50.6725 10.3666 transaction
148.553 216.099 39.9582 10.3666 accounts
190.915 216.099 27.7568 10.3666 would
221.152 216.099 40.4185 10.3666 interrupt
264.11 216.099 14.978 10.3666 the
281.508 216.099 43.9558 10.3666 operation
327.945 216.099 9.12787 10.3666 of
339.583 216.099 5.28816 10.3666 a
347.379 216.099 29.7683 10.3666 critical
379.536 216.099 40.0796 10.3666 function,
422.133 216.099 16.836 10.3666 and
441.45 216.099 10.0177 10.3666 so
453.93 216.099 20.0012 10.3666 they
476.486 216.099 29.9162 10.3666 should
508.914 216.099 11.2575 10.3666 be

95.389 229.535 40.3556 10.3666 excluded
138.226 229.535 21.6616 10.3666 from
162.464 229.535 27.759 10.3666 bail-in
192.707 229.535 26.5324 10.3666 under
221.744 229.535 14.978 10.3666 the
239.261 229.535 45.5157 10.3666 resolution
287.258 229.535 22.1087 10.3666 plan.

95.4 396.583 6.39216 10.3666 A
104.281 396.583 17.0336 10.3666 loss
123.714 396.583 9.2471 10.3666 of
135.346 396.583 11.2376 10.3666 50
149.027 396.583 27.7535 10.3666 would
179.264 396.583 32.7391 10.3666 require
214.301 396.583 48.756 10.3666 writedown
265.416 396.583 9.2471 10.3666 of
277.171 396.583 10.3224 10.3666 all
289.878 396.583 9.24821 10.3666 of
301.511 396.583 14.978 10.3666 the
318.907 396.583 14.193 10.3666 old
335.459 396.583 31.1604 10.3666 equity.
371.632 396.583 50.0752 10.3666 Conversion
424.189 396.583 9.24821 10.3666 of
435.826 396.583 24.5739 10.3666 100%
462.944 396.583 9.2471 10.3666 of
474.581 396.583 14.978 10.3666 the
491.981 396.583 27.7336 10.3666 senior

95.389 410.018 20.7386 10.3666 debt
118.666 410.018 30.4792 10.3666 would,
151.663 410.018 41.92 10.3666 assuming
196.056 410.018 14.978 10.3666 the
213.473 410.018 35.6184 10.3666 average
251.51 410.018 15.7022 10.3666 risk
269.634 410.018 30.5742 10.3666 weight
302.626 410.018 9.2471 10.3666 of
314.267 410.018 27.3571 10.3666 assets
344.144 410.018 21.3569 10.3666 does
368.022 410.018 15.2186 10.3666 not
385.78 410.018 34.9206 10.3666 change,
423.097 410.018 32.3781 10.3666 restore
457.894 410.018 14.9791 10.3666 the
475.412 410.018 22.1562 10.3666 CET1

95.389 423.454 29.7594 10.3666 capital
127.654 423.454 21.0566 10.3666 ratio
151.291 423.454 9.41822 10.3666 to
163.171 423.454 30.2628 10.3666 10.5%.
195.929 423.454 6.1272 10.3666 If
204.445 423.454 14.8576 10.3666 the
221.842 423.454 43.5473 10.3666 economic
267.797 423.454 23.9723 10.3666 value
294.309 423.454 9.2471 10.3666 of
305.946 423.454 14.978 10.3666 the
323.343 423.454 28.1575 10.3666 equity
354.057 423.454 21.6064 10.3666 after
378.17 423.454 45.5168 10.3666 resolution
426.167 423.454 6.83376 10.3666 is
435.404 423.454 19.0539 10.3666 80%
456.885 423.454 9.2471 10.3666 of
468.638 423.454 22.4233 10.3666 book
493.476 423.454 26.7543 10.3666 value,

95.389 436.89 14.978 10.3666 the
112.906 436.89 43.4292 10.3666 economic
158.863 436.89 16.9166 10.3666 loss
178.3 436.89 9.41822 10.3666 to
190.181 436.89 14.9791 10.3666 the
207.699 436.89 31.0931 10.3666 former
241.177 436.89 27.7325 10.3666 senior
271.413 436.89 39.9582 10.3666 creditors
313.771 436.89 27.6353 10.3666 would
343.888 436.89 11.2586 10.3666 be
357.686 436.89 13.9424 10.3666 10.

95.389 463.761 27.9698 10.3666 Under
125.865 463.761 49.5575 10.3666 insolvency,
177.939 463.761 16.921 10.3666 half
197.25 463.761 9.2471 10.3666 of
208.913 463.761 16.1957 10.3666 this
227.626 463.761 17.0336 10.3666 loss
247.056 463.761 27.7557 10.3666 would
277.294 463.761 21.5777 10.3666 have
301.292 463.761 22.5967 10.3666 been
326.369 463.761 26.6174 10.3666 borne
355.526 463.761 10.6404 10.3666 by
368.722 463.761 14.978 10.3666 the
386.119 463.761 44.1401 10.3666 corporate
432.798 463.761 50.6681 10.3666 transaction
485.948 463.761 40.3656 10.3666 deposits.

95.3669 477.197 6.1272 10.3666 If
104.003 477.197 14.978 10.3666 the
121.521 477.197 10.18 10.3666 ex
134.24 477.197 19.5386 10.3666 post
156.33 477.197 46.761 10.3666 insolvency
205.524 477.197 41.6683 10.3666 valuation
249.684 477.197 44.7562 10.3666 concludes
296.844 477.197 18.4589 10.3666 that
317.841 477.197 20.8877 10.3666 total
341.238 477.197 26.7565 10.3666 losses
370.515 477.197 8.31643 10.3666 in
381.312 477.197 46.7599 10.3666 insolvency
430.511 477.197 27.7557 10.3666 would
460.748 477.197 21.5777 10.3666 have
484.865 477.197 22.4752 10.3666 been
509.704 477.197 11.2376 10.3666 70

95.3669 490.632 9.73286 10.3666 or
107.606 490.632 19.3244 10.3666 less,
129.447 490.632 20.6768 10.3666 then
152.605 490.632 27.7325 10.3666 senior
182.842 490.632 20.7386 10.3666 debt
206 490.632 33.4943 10.3666 holders
242.011 490.632 27.7535 10.3666 would
272.245 490.632 11.2575 10.3666 be
285.925 490.632 27.3395 10.3666 worse
315.687 490.632 12.6033 10.3666 off
330.796 490.632 20.4328 10.3666 than
353.71 490.632 8.31312 10.3666 in
364.503 490.632 49.6966 10.3666 insolvency.
419.126 490.632 11.0952 10.3666 To
432.816 490.632 30.9374 10.3666 reduce
466.289 490.632 19.0793 10.3666 this,
487.764 490.632 14.9868 10.3666 the

95.3779 504.068 25.3975 10.3666 MREL
123.336 504.068 56.3802 10.3666 requirement
182.254 504.068 24.5132 10.3666 could
209.248 504.068 11.2575 10.3666 be
223.044 504.068 27.2732 10.3666 raised
252.698 504.068 43.3552 10.3666 (provided
298.535 504.068 16.3138 10.3666 this
317.25 504.068 6.83376 10.3666 is
326.487 504.068 17.9786 10.3666 met
347.005 504.068 35.7961 10.3666 through
385.283 504.068 39.6965 10.3666 liabilities
427.383 504.068 26.6737 10.3666 which
456.42 504.068 15.7541 10.3666 can
474.656 504.068 11.2586 10.3666 be
488.454 504.068 34.1511 10.3666 feasibly

95.3779 517.504 16.8327 10.3666 and
114.692 517.504 35.5963 10.3666 credibly
152.844 517.504 27.3869 10.3666 bailed
182.712 517.504 14.278 10.3666 in),
199.507 517.504 9.61363 10.3666 or
211.627 517.504 18.4578 10.3666 part
232.624 517.504 9.24821 10.3666 of
244.261 517.504 14.978 10.3666 the
261.661 517.504 25.3964 10.3666 MREL
289.618 517.504 56.2576 10.3666 requirement
348.415 517.504 24.6369 10.3666 could
375.532 517.504 11.2586 10.3666 be
389.21 517.504 17.9775 10.3666 met
409.609 517.504 35.912 10.3666 through
448.003 517.504 59.796 10.3666 subordinated

95.3779 530.829 50.1293 10.3666 bail-in-able
148.046 530.829 42.4852 10.3666 liabilities,
193.049 530.829 8.31312 10.3666 in
203.844 530.829 20.9164 10.3666 both
227.242 530.829 24.1147 10.3666 cases
253.758 530.829 45.3932 10.3666 increasing
301.511 530.829 14.978 10.3666 the
319.028 530.829 48.6356 10.3666 proportion
370.053 530.829 9.2471 10.3666 of
381.69 530.829 26.7543 10.3666 losses
410.965 530.829 8.31312 10.3666 in
421.76 530.829 46.6363 10.3666 insolvency
470.952 530.829 18.4567 10.3666 that
491.828 530.829 14.617 10.3666 are

95.3779 544.265 26.7378 10.3666 borne
124.655 544.265 10.7607 10.3666 by
137.852 544.265 25.3964 10.3666 MREL
165.81 544.265 36.262 10.3666 holders.

85.08 37.8787 11.9675 7.54956 RTS
98.8782 37.8787 10.4737 7.54956 ON
111.119 37.8787 18.4944 7.54956 MREL

513.001 782.984 11.2387 10.3666 12

85.08 116.731 13.9976 10.0354 3.3
101.637 116.731 22.0513 10.0354 Risks
126.11 116.731 16.9541 10.0354 and
145.547 116.731 38.3 10.0354 systemic
186.215 116.731 19.8908 10.0354 risks

85.08 144.22 16.6583 10.3666 The
106.198 144.22 18.7448 10.3666 fifth
129.228 144.22 38.1973 10.3666 criterion
171.827 144.22 36.8361 10.3666 requires
213.104 144.22 45.6316 10.3666 resolution
263.018 144.22 48.7151 10.3666 authorities
316.054 144.22 9.41822 10.3666 to
329.852 144.22 19.5353 10.3666 take
353.728 144.22 35.6526 10.3666 account
393.719 144.22 9.2471 10.3666 of
407.279 144.22 14.978 10.3666 the
426.596 144.22 19.4359 10.3666 size,
450.352 144.22 38.2768 10.3666 business
492.948 144.22 31.2001 10.3666 model,

85.08 159.577 34.1125 10.3666 funding
123.238 159.577 28.5682 10.3666 model
155.762 159.577 16.8338 10.3666 and
176.645 159.577 15.7022 10.3666 risk
196.323 159.577 29.2494 10.3666 profile
229.555 159.577 9.2471 10.3666 of
242.759 159.577 14.978 10.3666 the
261.719 159.577 48.8564 10.3666 institution.
314.638 159.577 10.6768 10.3666 As
329.283 159.577 26.5567 10.3666 noted
359.888 159.577 29.9968 10.3666 above,
393.969 159.577 24.6987 10.3666 these
422.654 159.577 30.8314 10.3666 factors
457.574 159.577 17.8119 10.3666 also
479.528 159.577 25.7718 10.3666 affect
509.286 159.577 14.978 10.3666 the

85.08 175.055 30.7596 10.3666 setting
119.759 175.055 9.2471 10.3666 of
132.962 175.055 46.3272 10.3666 prudential
183.244 175.055 60.7167 10.3666 requirements
247.928 175.055 12.972 10.3666 for
264.851 175.055 14.978 10.3666 the
283.814 175.055 48.7206 10.3666 institution,
336.498 175.055 16.836 10.3666 and
357.261 175.055 8.31643 10.3666 in
369.505 175.055 43.2128 10.3666 particular
416.668 175.055 14.978 10.3666 the
435.631 175.055 52.4014 10.3666 Supervisory
492.034 175.055 32.2534 10.3666 Review

85.08 190.533 16.8327 10.3666 and
104.759 190.533 47.0679 10.3666 Evaluation
154.551 190.533 34.1986 10.3666 Process
191.514 190.533 31.5876 10.3666 (SREP).
225.961 190.533 8.556 10.3666 In
237.241 190.533 24.8532 10.3666 order
264.842 190.533 9.41822 10.3666 to
277.082 190.533 30.6978 10.3666 ensure
310.562 190.533 18.4589 10.3666 that
331.924 190.533 16.0411 10.3666 any
350.765 190.533 50.0366 10.3666 differences
403.565 190.533 9.24821 10.3666 of
415.687 190.533 48.5782 10.3666 judgement
467.049 190.533 39.6325 10.3666 between
509.406 190.533 14.8576 10.3666 the

85.08 205.89 51.6838 10.3666 supervisory
143.284 205.89 16.8327 10.3666 and
166.562 205.89 45.3921 10.3666 resolution
218.398 205.89 48.831 10.3666 authorities
273.592 205.89 14.617 10.3666 are
294.592 205.89 29.2372 10.3666 clearly
330.228 205.89 48.6279 10.3666 articulated
385.3 205.89 16.8327 10.3666 and
408.577 205.89 45.4793 10.3666 discussed,
460.537 205.89 16.8327 10.3666 and
483.815 205.89 9.53746 10.3666 to
499.895 205.89 24.2736 10.3666 avoid

85.08 221.368 55.7608 10.3666 unnecessary
144.116 221.368 50.0686 10.3666 duplication
197.505 221.368 9.2471 10.3666 of
209.981 221.368 43.5605 10.3666 resources
256.782 221.368 39.6369 10.3666 between
299.619 221.368 51.474 10.3666 authorities,
354.45 221.368 45.5113 10.3666 resolution
403.162 221.368 48.5937 10.3666 authorities
455.115 221.368 14.617 10.3666 are
472.995 221.368 38.5572 10.3666 required
514.756 221.368 9.41822 10.3666 to

85.08 236.846 34.4205 10.3666 request
123.719 236.846 5.28816 10.3666 a
133.313 236.846 41.7202 10.3666 summary
179.152 236.846 9.2471 10.3666 of
192.588 236.846 24.6987 10.3666 these
221.625 236.846 30.8303 10.3666 factors
256.776 236.846 21.6572 10.3666 from
282.693 236.846 14.978 10.3666 the
301.893 236.846 49.1788 10.3666 competent
355.291 236.846 51.559 10.3666 supervisory
411.085 236.846 44.0397 10.3666 authority,
459.441 236.846 16.8338 10.3666 and
480.436 236.846 19.4127 10.3666 how
504.192 236.846 19.9151 10.3666 risks

85.08 252.203 29.4326 10.3666 arising
119.507 252.203 21.7797 10.3666 from
146.266 252.203 23.7007 10.3666 them
174.94 252.203 14.617 10.3666 are
194.379 252.203 42.9898 10.3666 mitigated
242.368 252.203 10.6415 10.3666 by
257.969 252.203 29.7594 10.3666 capital
292.634 252.203 60.8381 10.3666 requirements
358.276 252.203 9.73286 10.3666 or
372.918 252.203 24.6137 10.3666 other
402.555 252.203 51.442 10.3666 supervisory
459.07 252.203 15.583 10.3666 risk
479.59 252.203 44.5343 10.3666 mitigants.

85.08 267.681 63.2404 10.3666 Subsequently,
155.161 267.681 14.978 10.3666 the
177.116 267.681 45.5157 10.3666 resolution
229.552 267.681 41.241 10.3666 authority
277.672 267.681 19.161 10.3666 may
303.707 267.681 27.8374 10.3666 assess
338.503 267.681 37.9301 10.3666 whether
383.26 267.681 24.819 10.3666 these
414.936 267.681 30.9562 10.3666 factors
452.732 267.681 14.6501 10.3666 are
474.359 267.681 49.882 10.3666 adequately

85.08 283.159 46.1163 10.3666 addressed
135.719 283.159 10.7607 10.3666 by
150.959 283.159 24.8179 10.3666 these
180.239 283.159 44.521 10.3666 mitigants,
229.32 283.159 9.73286 10.3666 or
243.599 283.159 10.6415 10.3666 by
258.719 283.159 43.3165 10.3666 measures
306.599 283.159 37.5967 10.3666 adopted
348.72 283.159 9.53856 10.3666 to
362.759 283.159 34.4172 10.3666 remove
401.639 283.159 9.73286 10.3666 or
415.918 283.159 30.8182 10.3666 reduce
451.318 283.159 58.9172 10.3666 impediments
514.798 283.159 9.41712 10.3666 to

85.08 298.637 57.143 10.3666 resolvability.
145.082 298.637 6.1272 10.3666 If
154.083 298.637 6.21883 10.3666 it
163.206 298.637 37.7965 10.3666 assesses
203.887 298.637 18.3385 10.3666 that
225.129 298.637 16.3171 10.3666 this
244.331 298.637 6.83707 10.3666 is
254.053 298.637 15.3379 10.3666 not
272.294 298.637 14.978 10.3666 the
290.176 298.637 22.4399 10.3666 case,
315.497 298.637 14.8587 10.3666 the
333.259 298.637 45.636 10.3666 resolution
381.74 298.637 41.3614 10.3666 authority
425.9 298.637 19.161 10.3666 may
447.862 298.637 27.4587 10.3666 adjust
478.224 298.637 14.978 10.3666 the
496.106 298.637 28.2216 10.3666 MREL.

85.08 313.993 6.4584 10.3666 It
98.041 313.993 30.0354 10.3666 should
134.407 313.993 11.5776 10.3666 do
152.407 313.993 10.138 10.3666 so
168.969 313.993 8.31312 10.3666 in
183.726 313.993 55.5875 10.3666 consultation
245.637 313.993 19.9537 10.3666 with
271.932 313.993 14.978 10.3666 the
293.292 313.993 49.1799 10.3666 competent
348.975 313.993 41.2366 10.3666 authority
396.728 313.993 16.836 10.3666 and
419.89 313.993 26.676 10.3666 based
452.892 313.993 11.6759 10.3666 on
470.894 313.993 5.28816 10.3666 a
482.655 313.993 41.6782 10.3666 reasoned

85.091 329.472 55.55 10.3666 explanation,
143.281 329.472 39.2825 10.3666 referring
185.285 329.472 9.59376 10.3666 as
197.522 329.472 12.3681 10.3666 far
212.639 329.472 9.59376 10.3666 as
224.998 329.472 36.4519 10.3666 possible
264.111 329.472 9.41822 10.3666 to
276.249 329.472 14.978 10.3666 the
293.891 329.472 40.6294 10.3666 CRR/CRD
337.331 329.472 9.01968 10.3666 IV
348.97 329.472 16.836 10.3666 and
368.53 329.472 16.0411 10.3666 any
387.25 329.472 45.3512 10.3666 guidelines
435.246 329.472 37.5956 10.3666 adopted
475.446 329.472 10.7607 10.3666 by
488.885 329.472 14.9791 10.3666 the
506.525 329.472 17.7921 10.3666 EBA

85.091 344.95 40.1779 10.3666 pursuant
128.89 344.95 9.53746 10.3666 to
141.969 344.95 29.1335 10.3666 Article
174.603 344.95 29.0253 10.3666 107(3)
207.004 344.95 9.2471 10.3666 of
219.719 344.95 40.0542 10.3666 Directive
263.274 344.95 54.3687 10.3666 2013/36/EU
321.231 344.95 37.5967 10.3666 adopted
362.39 344.95 10.6404 10.3666 by
376.668 344.95 14.9791 10.3666 the
395.148 344.95 49.1788 10.3666 competent
447.709 344.95 41.358 10.3666 authority
492.704 344.95 12.9731 10.3666 for
509.266 344.95 14.978 10.3666 the

85.091 360.306 51.6838 10.3666 supervisory
139.332 360.306 30.0939 10.3666 review
171.85 360.306 16.8327 10.3666 and
191.164 360.306 47.0801 10.3666 evaluation
240.604 360.306 9.2471 10.3666 of
252.36 360.306 22.8208 10.3666 risks.

85.091 387.785 16.6583 10.3666 The
106.927 387.785 21.1526 10.3666 sixth
133.08 387.785 16.8327 10.3666 and
155.032 387.785 19.4381 10.3666 final
179.614 387.785 38.077 10.3666 criterion
222.811 387.785 37.0778 10.3666 requires
264.927 387.785 45.5146 10.3666 resolution
315.562 387.785 48.5904 10.3666 authorities
369.311 387.785 9.41822 10.3666 to
383.947 387.785 19.4183 10.3666 take
408.543 387.785 35.4991 10.3666 account
449.104 387.785 9.2471 10.3666 of
463.496 387.785 14.978 10.3666 the
483.532 387.785 40.5621 10.3666 potential

85.091 403.263 35.2562 10.3666 adverse
123.848 403.263 30.3534 10.3666 effects
157.683 403.263 11.6759 10.3666 on
172.803 403.263 37.557 10.3666 financial
213.948 403.263 35.3501 10.3666 stability
252.697 403.263 9.2471 10.3666 of
265.532 403.263 14.8587 10.3666 the
284.012 403.263 28.768 10.3666 failure
316.281 403.263 9.2471 10.3666 of
328.881 403.263 14.978 10.3666 the
347.48 403.263 48.8542 10.3666 institution.
399.792 403.263 16.6583 10.3666 The
420.071 403.263 21.8161 10.3666 draft
445.508 403.263 16.3469 10.3666 RTS
465.428 403.263 36.8206 10.3666 propose
505.749 403.263 18.4556 10.3666 that

85.091 418.62 14.978 10.3666 the
104.772 418.62 45.5157 10.3666 resolution
154.813 418.62 41.3603 10.3666 authority
200.774 418.62 29.9162 10.3666 should
235.334 418.62 34.0407 10.3666 identify
274.096 418.62 50.2695 10.3666 institutions
328.93 418.62 29.2582 10.3666 whose
362.771 418.62 28.7669 10.3666 failure
396.121 418.62 6.83376 10.3666 is
407.519 418.62 48.9171 10.3666 reasonably
461.155 418.62 22.9919 10.3666 likely
488.748 418.62 9.41822 10.3666 to
502.909 418.62 21.3381 10.3666 pose

85.091 434.098 38.8674 10.3666 systemic
128.286 434.098 18.4788 10.3666 risk,
151.204 434.098 40.4715 10.3666 including
196.074 434.098 8.97552 10.3666 at
209.389 434.098 21.3326 10.3666 least
235.182 434.098 16.0389 10.3666 any
255.58 434.098 25.2231 10.3666 G-SIIs
285.246 434.098 9.73286 10.3666 or
299.282 434.098 25.5587 10.3666 O-SIIs
329.283 434.098 42.9953 10.3666 identified
376.681 434.098 40.1779 10.3666 pursuant
421.318 434.098 9.41822 10.3666 to
435.236 434.098 14.8576 10.3666 the
454.553 434.098 21.5015 10.3666 CRD.
480.471 434.098 14.6534 10.3666 For
499.549 434.098 24.6976 10.3666 these

85.08 449.576 50.5168 10.3666 institutions
139.198 449.576 11.0764 10.3666 an
153.716 449.576 25.5168 10.3666 MREL
182.875 449.576 29.7959 10.3666 should
216.233 449.576 39.5784 10.3666 continue
259.433 449.576 11.2575 10.3666 be
274.311 449.576 13.418 10.3666 set
291.35 449.576 9.53856 10.3666 to
304.432 449.576 30.6978 10.3666 ensure
338.75 449.576 18.4589 10.3666 that
360.83 449.576 14.978 10.3666 the
379.43 449.576 17.6187 10.3666 first
400.669 449.576 16.4176 10.3666 five
420.708 449.576 31.8073 10.3666 criteria
455.986 449.576 14.6181 10.3666 are
474.226 449.576 50.0013 10.3666 adequately

85.08 464.932 48.8619 10.3666 addressed.

85.08 492.411 15.4527 10.3666 But
103.558 492.411 8.31312 10.3666 in
114.838 492.411 39.9516 10.3666 addition,
157.674 492.411 23.9126 10.3666 given
184.554 492.411 14.978 10.3666 the
202.315 492.411 19.2328 10.3666 high
224.514 492.411 40.6824 10.3666 potential
268.07 492.411 25.0829 10.3666 social
296.145 492.411 22.7976 10.3666 costs
321.706 492.411 9.2471 10.3666 of
333.945 492.411 21.2509 10.3666 their
358.188 492.411 31.549 10.3666 failure,
392.62 492.411 6.21552 10.3666 it
401.861 492.411 6.83376 10.3666 is
411.58 492.411 45.094 10.3666 important
459.699 492.411 9.41712 10.3666 to
472.182 492.411 30.5786 10.3666 ensure
505.786 492.411 18.4567 10.3666 that

85.08 507.889 44.9979 10.3666 additional
133.191 507.889 34.1147 10.3666 funding
170.39 507.889 21.7786 10.3666 from
195.353 507.889 14.8576 10.3666 the
213.357 507.889 45.5168 10.3666 resolution
261.962 507.889 40.827 10.3666 financing
305.873 507.889 62.758 10.3666 arrangements
371.639 507.889 50.9076 10.3666 established
425.634 507.889 40.0586 10.3666 pursuant
468.838 507.889 9.53746 10.3666 to
481.438 507.889 14.978 10.3666 the
499.562 507.889 24.67 10.3666 BRRD

85.08 523.246 6.83376 10.3666 is
95.759 523.246 17.9323 10.3666 also
117.596 523.246 39.5629 10.3666 available
161.023 523.246 5.88432 10.3666 if
170.738 523.246 36.5027 10.3666 needed.
211.061 523.246 47.7955 10.3666 Resolution
262.662 523.246 48.7107 10.3666 authorities
315.218 523.246 14.4944 10.3666 are
333.457 523.246 42.8186 10.3666 therefore
380.139 523.246 38.5561 10.3666 required
422.38 523.246 9.53856 10.3666 to
435.822 523.246 27.8363 10.3666 assess
467.503 523.246 37.929 10.3666 whether
509.261 523.246 14.9791 10.3666 the

85.08 538.724 21.1284 10.3666 level
108.719 538.724 9.2471 10.3666 of
120.479 538.724 25.3964 10.3666 MREL
148.557 538.724 6.83597 10.3666 is
157.916 538.724 41.4983 10.3666 sufficient
201.956 538.724 9.41822 10.3666 to
214.075 538.724 30.6978 10.3666 ensure
247.313 538.724 18.4578 10.3666 that
268.312 538.724 14.978 10.3666 the
285.951 538.724 46.5557 10.3666 conditions
335.148 538.724 13.0923 10.3666 for
350.866 538.724 15.4571 10.3666 use
368.865 538.724 9.2471 10.3666 of
380.743 538.724 14.978 10.3666 the
398.263 538.724 45.636 10.3666 resolution
446.501 538.724 20.5554 10.3666 fund
469.658 538.724 43.7151 10.3666 described
515.977 538.724 8.31643 10.3666 in

85.08 554.202 29.1346 10.3666 Article
117.595 554.202 11.1173 10.3666 44
132.116 554.202 9.2471 10.3666 of
144.713 554.202 14.978 10.3666 the
163.07 554.202 24.6689 10.3666 BRRD
191.147 554.202 24.3929 10.3666 could
218.981 554.202 11.2575 10.3666 be
233.618 554.202 20.7817 10.3666 met.
257.736 554.202 20.1359 10.3666 That
281.251 554.202 27.9345 10.3666 article
312.566 554.202 36.9586 10.3666 requires
353.005 554.202 18.3385 10.3666 that
374.844 554.202 5.28816 10.3666 a
383.481 554.202 55.5963 10.3666 contribution
442.402 554.202 9.41822 10.3666 to
455.359 554.202 16.9166 10.3666 loss
475.638 554.202 48.5153 10.3666 absorption

85.08 569.558 16.8327 10.3666 and
107.519 569.558 69.0386 10.3666 recapitalisation
182.162 569.558 9.2471 10.3666 of
197.04 569.558 15.2186 10.3666 not
217.922 569.558 16.5545 10.3666 less
240.121 569.558 20.5532 10.3666 than
266.281 569.558 13.4136 10.3666 8%
285.362 569.558 9.2471 10.3666 of
300.119 569.558 14.978 10.3666 the
320.761 569.558 21.0058 10.3666 total
347.397 569.558 39.5773 10.3666 liabilities
392.619 569.558 40.4704 10.3666 including
438.692 569.558 19.5971 10.3666 own
463.894 569.558 24.9537 10.3666 funds
494.493 569.558 9.2471 10.3666 of
509.37 569.558 14.8587 10.3666 the

85.08 585.036 46.2355 10.3666 institution
134.162 585.036 15.7199 10.3666 (or,
152.763 585.036 26.6528 10.3666 under
182.284 585.036 31.2355 10.3666 certain
216.365 585.036 49.5597 10.3666 conditions,
268.807 585.036 19.0539 10.3666 20%
290.646 585.036 9.24821 10.3666 of
302.768 585.036 29.6192 10.3666 RWAs)
335.284 585.036 15.3566 10.3666 has
353.525 585.036 22.5956 10.3666 been
378.967 585.036 25.4185 10.3666 made
407.288 585.036 10.7618 10.3666 by
420.97 585.036 14.8587 10.3666 the
438.731 585.036 33.4766 10.3666 holders
475.092 585.036 9.2471 10.3666 of
487.213 585.036 37.058 10.3666 relevant

85.08 600.515 29.7594 10.3666 capital
117.346 600.515 53.9966 10.3666 instruments
173.743 600.515 16.8327 10.3666 and
193.058 600.515 24.4922 10.3666 other
220.056 600.515 32.0061 10.3666 eligible
254.601 600.515 42.3638 10.3666 liabilities.

85.08 627.872 28.1951 10.3666 Lastly,
116.631 627.872 14.978 10.3666 the
134.987 627.872 16.348 10.3666 RTS
154.664 627.872 36.8195 10.3666 propose
194.862 627.872 18.3363 10.3666 that
216.576 627.872 14.978 10.3666 the
234.933 627.872 45.5146 10.3666 resolution
283.768 627.872 41.3614 10.3666 authority
328.404 627.872 32.7568 10.3666 should,
364.517 627.872 8.31312 10.3666 in
376.15 627.872 41.5546 10.3666 assessing
421.021 627.872 11.0731 10.3666 an
435.415 627.872 46.1086 10.3666 institution
484.727 627.872 9.73286 10.3666 or
497.805 627.872 26.4375 10.3666 group

85.08 643.35 32.0105 10.3666 against
121.075 643.35 24.8179 10.3666 these
149.759 643.35 34.5552 10.3666 criteria,
188.278 643.35 38.0505 10.3666 consider
230.28 643.35 14.978 10.3666 the
249.244 643.35 53.0108 10.3666 appropriate
306.117 643.35 43.1686 10.3666 timetable
353.271 643.35 13.089 10.3666 for
370.191 643.35 14.978 10.3666 the
389.155 643.35 46.1185 10.3666 institution
439.078 643.35 9.53856 10.3666 to
452.522 643.35 23.4986 10.3666 meet
480.006 643.35 14.8576 10.3666 the
498.849 643.35 25.3975 10.3666 MREL

85.08 658.828 16.836 10.3666 and
104.518 658.828 34.298 10.3666 provide
141.356 658.828 14.978 10.3666 the
158.875 658.828 46.1163 10.3666 institution
207.475 658.828 19.9559 10.3666 with
230.033 658.828 5.28816 10.3666 a
237.951 658.828 36.3967 10.3666 planned
276.83 658.828 25.3964 10.3666 MREL
304.908 658.828 12.9731 10.3666 for
320.388 658.828 21.156 10.3666 each
344.147 658.828 44.4371 10.3666 12-month
391.187 658.828 29.1953 10.3666 period
422.985 658.828 28.7184 10.3666 during
454.302 658.828 16.3138 10.3666 this
473.259 658.828 51.0015 10.3666 transitional

85.069 674.306 32.0624 10.3666 period.
119.625 674.306 17.9974 10.3666 This
140.142 674.306 36.3956 10.3666 planned
179.019 674.306 20.8888 10.3666 level
202.299 674.306 21.9729 10.3666 may,
226.668 674.306 41.9962 10.3666 however,
271.06 674.306 11.2575 10.3666 be
284.857 674.306 32.3163 10.3666 revised
319.654 674.306 62.4213 10.3666 subsequently.

85.0579 723.147 33.768 10.3555 Section
121.299 723.147 8.68738 10.3555 4:
132.342 723.147 54.892 10.3555 Comparison
189.707 723.147 20.5686 10.3555 with
212.749 723.147 16.3933 10.3555 FSB
231.706 723.147 44.4934 10.3555 proposals

85.0579 748.583 16.656 10.3666 The
104.86 748.583 17.7921 10.3666 EBA
125.62 748.583 34.1997 10.3666 expects
162.824 748.583 24.8179 10.3666 these
190.668 748.583 16.4662 10.3666 RTS
210.11 748.583 9.53856 10.3666 to
222.715 748.583 11.2586 10.3666 be
237.12 748.583 33.9204 10.3666 broadly
274.173 748.583 50.2585 10.3666 compatible
327.333 748.583 19.9526 10.3666 with
350.373 748.583 14.978 10.3666 the
368.377 748.583 42.6354 10.3666 proposed
414.102 748.583 16.0853 10.3666 FSB
433.181 748.583 21.7819 10.3666 term
458.146 748.583 24.6987 10.3666 sheet
485.991 748.583 12.9731 10.3666 for
501.95 748.583 22.3229 10.3666 TLAC

85.0579 763.94 13.089 10.3666 for
101.017 763.94 31.2178 10.3666 G-SIBs.
135.213 763.94 26.0102 10.3666 While
164.126 763.94 24.341 10.3666 there
191.372 763.94 14.617 10.3666 are
208.894 763.94 50.0289 10.3666 differences
261.806 763.94 39.16 10.3666 resulting
303.808 763.94 21.7808 10.3666 from
328.409 763.94 14.9791 10.3666 the
346.41 763.94 29.7384 10.3666 nature
379.052 763.94 9.2471 10.3666 of
391.172 763.94 14.978 10.3666 the
409.052 763.94 24.8367 10.3666 EBA’s
436.653 763.94 40.0586 10.3666 mandate
479.727 763.94 26.6528 10.3666 under
509.248 763.94 14.978 10.3666 the

85.08 37.8787 11.9675 7.54956 RTS
98.8782 37.8787 10.4737 7.54956 ON
111.119 37.8787 18.4944 7.54956 MREL

513.001 782.984 11.2387 10.3666 13

85.08 116.742 27.6 10.3666 BRRD,
115.441 116.742 9.59376 10.3666 as
127.799 116.742 18.365 10.3666 well
148.918 116.742 9.59376 10.3666 as
161.275 116.742 14.978 10.3666 the
179.036 116.742 17.0115 10.3666 fact
198.831 116.742 18.3363 10.3666 that
220.07 116.742 14.978 10.3666 the
237.832 116.742 24.67 10.3666 BRRD
265.192 116.742 25.3975 10.3666 MREL
293.514 116.742 56.378 10.3666 requirement
352.794 116.742 31.549 10.3666 applies
387.107 116.742 9.53746 10.3666 to
399.468 116.742 26.1538 10.3666 banks
428.386 116.742 26.5534 10.3666 which
457.786 116.742 14.617 10.3666 are
475.186 116.742 15.2186 10.3666 not
493.188 116.742 31.0853 10.3666 G-SIBs,

85.069 132.22 24.8179 10.3666 these
113.388 132.22 50.0366 10.3666 differences
167.027 132.22 11.4595 10.3666 do
182.144 132.22 15.2186 10.3666 not
200.983 132.22 34.8985 10.3666 prevent
239.503 132.22 45.5168 10.3666 resolution
288.583 132.22 48.597 10.3666 authorities
340.782 132.22 21.7808 10.3666 from
366.101 132.22 62.3208 10.3666 implementing
431.862 132.22 14.9791 10.3666 the
450.342 132.22 25.3997 10.3666 MREL
479.384 132.22 12.9676 10.3666 for
495.818 132.22 28.4446 10.3666 G-SIBs

85.069 147.576 53.6014 10.3666 consistently
142.554 147.576 19.9526 10.3666 with
166.435 147.576 14.978 10.3666 the
185.398 147.576 57.9567 10.3666 international
247.307 147.576 52.1 10.3666 framework.
303.349 147.576 27.5713 10.3666 Below
334.91 147.576 6.83376 10.3666 is
345.71 147.576 5.28816 10.3666 a
354.951 147.576 41.8405 10.3666 summary
400.671 147.576 9.2471 10.3666 of
413.87 147.576 24.3377 10.3666 some
442.193 147.576 9.2471 10.3666 of
455.393 147.576 14.978 10.3666 the
474.356 147.576 49.9074 10.3666 differences

85.069 163.055 39.6358 10.3666 between
127.185 163.055 14.978 10.3666 the
144.582 163.055 24.6689 10.3666 BRRD
171.702 163.055 25.3964 10.3666 MREL
199.659 163.055 49.1832 10.3666 framework
251.376 163.055 16.836 10.3666 and
270.692 163.055 14.8576 10.3666 the
288.089 163.055 16.0853 10.3666 FSB
306.686 163.055 46.3989 10.3666 proposals:

103.075 190.533 8.42352 10.3666 1.
121.081 190.533 23.3595 10.3555 Pillar
147.002 190.533 8.48976 10.3555 1,
158.165 190.533 23.364 10.3555 pillar
184.088 190.533 5.59728 10.3555 2
192.367 190.533 17.2125 10.3555 and
212.174 190.533 30.5554 10.3555 capital
245.291 190.533 35.583 10.3555 buffers.
283.325 190.533 16.6572 10.3666 The
302.522 190.533 16.0864 10.3666 FSB
321.003 190.533 21.7819 10.3666 term
345.36 190.533 24.6987 10.3666 sheet
372.598 190.533 41.0368 10.3666 proposes
416.155 190.533 5.28816 10.3666 a
423.953 190.533 67.5957 10.3666 predetermined
494.046 190.533 22.324 10.3666 pillar
518.633 190.533 5.59728 10.3666 1

121.081 205.89 43.0207 10.3666 minimum
168.963 205.89 22.2048 10.3666 TLAC
195.966 205.89 56.2576 10.3666 requirement
257.048 205.89 9.2471 10.3666 of
271.09 205.89 39.5166 10.3666 between
315.372 205.89 19.0528 10.3666 16%
339.135 205.89 16.836 10.3666 and
360.615 205.89 19.0528 10.3666 20%
384.497 205.89 9.2471 10.3666 of
398.419 205.89 35.8557 10.3666 (RWAs),
439.078 205.89 16.836 10.3666 and
460.68 205.89 11.0753 10.3666 an
476.522 205.89 47.6299 10.3666 additional,

121.07 221.368 61.3195 10.3666 discretionary,
187.189 221.368 22.4421 10.3666 pillar
214.301 221.368 5.59728 10.3666 2
224.621 221.368 22.2036 10.3666 TLAC
251.624 221.368 56.4994 10.3666 requirement
312.825 221.368 13.5384 10.3666 set
331.068 221.368 11.6759 10.3666 on
347.51 221.368 5.28816 10.3666 a
357.472 221.368 61.1671 10.3666 bank-by-bank
423.458 221.368 24.9824 10.3666 basis.
453.221 221.368 23.5207 10.3666 Basel
481.533 221.368 8.18285 10.3666 III
494.496 221.368 29.7594 10.3666 capital

121.059 236.846 31.9166 10.3666 buffers
155.736 236.846 22.5382 10.3666 must
181.056 236.846 11.2575 10.3666 be
194.854 236.846 18.0979 10.3666 met
215.614 236.846 11.6759 10.3666 on
229.892 236.846 15.276 10.3666 top
247.891 236.846 9.2471 10.3666 of
259.769 236.846 14.978 10.3666 the
277.408 236.846 22.324 10.3666 TLAC
302.366 236.846 63.5164 10.3666 requirements.
368.62 236.846 16.6583 10.3666 The
388.061 236.846 24.5496 10.3666 BRRD
415.42 236.846 36.9564 10.3666 requires
455.14 236.846 14.978 10.3666 the
472.661 236.846 25.3997 10.3666 MREL
500.865 236.846 9.40939 10.3666 to
513.096 236.846 11.1394 10.3666 be

121.059 252.203 13.5384 10.3666 set
137.624 252.203 11.6759 10.3666 on
152.269 252.203 5.28816 10.3666 a
160.554 252.203 56.8361 10.3666 case-by-case
220.536 252.203 22.0767 10.3666 basis
245.62 252.203 21.3569 10.3666 does
269.985 252.203 15.339 10.3666 not
288.35 252.203 32.4973 10.3666 include
323.873 252.203 5.28816 10.3666 a
332.157 252.203 39.6358 10.3666 common
374.757 252.203 43.0207 10.3666 minimum
420.842 252.203 59.128 10.3666 requirement,
482.852 252.203 16.836 10.3666 and
502.772 252.203 21.3569 10.3666 does

121.048 267.681 15.339 10.3666 not
141.685 267.681 24.3145 10.3666 apply
171.317 267.681 14.978 10.3666 the
191.594 267.681 42.6376 10.3666 proposed
239.355 267.681 22.3251 10.3666 TLAC
266.953 267.681 45.7001 10.3666 treatment
317.951 267.681 9.2471 10.3666 of
332.347 267.681 29.7594 10.3666 capital
367.256 267.681 34.7385 10.3666 buffers.
407.249 267.681 54.9682 10.3666 Accordingly,
467.495 267.681 5.88432 10.3666 if
478.656 267.681 45.6372 10.3666 resolution

121.059 283.159 48.831 10.3666 authorities
174.581 283.159 31.8979 10.3666 choose
211.182 283.159 9.53856 10.3666 to
225.583 283.159 16.5004 10.3666 aim
246.827 283.159 9.53856 10.3666 to
261.107 283.159 23.4986 10.3666 meet
289.43 283.159 14.978 10.3666 the
309.233 283.159 16.0853 10.3666 FSB
330.115 283.159 46.6749 10.3666 standards,
381.592 283.159 16.316 10.3666 this
402.714 283.159 30.0365 10.3666 should
437.517 283.159 11.2575 10.3666 be
453.599 283.159 45.9385 10.3666 consistent
504.36 283.159 19.946 10.3666 with

121.07 298.637 30.7552 10.3666 setting
154.667 298.637 5.28816 10.3666 a
162.709 298.637 25.774 10.3666 single
191.152 298.637 25.5168 10.3666 MREL
219.472 298.637 56.378 10.3666 requirement
278.632 298.637 26.676 10.3666 which
308.032 298.637 29.1577 10.3666 covers
339.949 298.637 21.0367 10.3666 both
363.71 298.637 14.978 10.3666 the
381.591 298.637 22.4421 10.3666 pillar
406.782 298.637 5.59728 10.3666 1
415.184 298.637 16.8338 10.3666 and
434.863 298.637 22.441 10.3666 pillar
460.052 298.637 5.59728 10.3666 2
468.454 298.637 55.7984 10.3666 components

121.07 313.993 9.2471 10.3666 of
132.828 313.993 14.978 10.3666 the
150.227 313.993 42.6354 10.3666 proposed
195.226 313.993 22.3229 10.3666 TLAC
219.942 313.993 21.7819 10.3666 term
244.18 313.993 27.6221 10.3666 sheet.

103.064 341.472 8.42352 10.3666 2.
121.07 341.472 41.8306 10.3555 Eligibility
169.183 341.472 9.36854 10.3555 of
184.78 341.472 58.151 10.3555 instruments.
248.991 341.472 16.6572 10.3666 The
271.786 341.472 16.0864 10.3666 FSB
293.863 341.472 21.7808 10.3666 term
321.82 341.472 24.6987 10.3666 sheet
352.536 341.472 17.7578 10.3666 sets
376.413 341.472 5.28816 10.3666 a
387.809 341.472 35.413 10.3666 number
429.209 341.472 9.2471 10.3666 of
444.566 341.472 60.7167 10.3666 requirements
511.281 341.472 12.9731 10.3666 for

121.07 356.95 53.9966 10.3666 instruments
179.034 356.95 9.53856 10.3666 to
192.597 356.95 11.2575 10.3666 be
207.718 356.95 32.0072 10.3666 eligible
243.71 356.95 13.0901 10.3666 for
260.753 356.95 22.324 10.3666 TLAC
287.035 356.95 19.458 10.3666 (e.g.
310.434 356.95 68.7626 10.3666 subordination),
383.16 356.95 24.3377 10.3666 some
411.484 356.95 9.24821 10.3666 of
424.685 356.95 26.6748 10.3666 which
455.287 356.95 24.362 10.3666 differ
483.477 356.95 21.8989 10.3666 from
509.275 356.95 14.978 10.3666 the

121.081 372.307 31.9266 10.3666 criteria
156.356 372.307 9.53856 10.3666 to
169.434 372.307 11.1383 10.3666 be
184.072 372.307 36.9972 10.3666 counted
224.394 372.307 36.4762 10.3666 towards
264.351 372.307 25.3975 10.3666 MREL
293.269 372.307 8.31312 10.3666 in
304.906 372.307 14.978 10.3666 the
323.384 372.307 27.4973 10.3666 BRRD.
354.219 372.307 40.1448 10.3666 Eligibility
397.88 372.307 9.2471 10.3666 of
410.593 372.307 53.8774 10.3666 instruments
467.952 372.307 6.83376 10.3666 is
478.146 372.307 13.4191 10.3666 set
495.064 372.307 10.7607 10.3666 by
509.221 372.307 14.978 10.3666 the

121.081 387.785 24.7892 10.3666 BRRD
149.885 387.785 16.836 10.3666 and
170.648 387.785 6.83597 10.3666 is
181.328 387.785 33.3375 10.3666 outside
218.651 387.785 14.978 10.3666 the
237.491 387.785 26.018 10.3666 scope
267.37 387.785 9.24821 10.3666 of
280.574 387.785 24.6766 10.3666 these
309.115 387.785 19.2206 10.3666 RTS.
332.277 387.785 42.9566 10.3666 However,
379.197 387.785 14.978 10.3666 the
398.16 387.785 24.5496 10.3666 BRRD
426.724 387.785 16.836 10.3666 and
447.487 387.785 14.978 10.3666 the
466.45 387.785 21.8184 10.3666 draft
492.254 387.785 16.4662 10.3666 RTS
512.656 387.785 11.4584 10.3666 do

121.081 403.263 32.7391 10.3666 require
157.077 403.263 45.5146 10.3666 resolution
205.791 403.263 48.5937 10.3666 authorities
257.635 403.263 9.41822 10.3666 to
270.35 403.263 19.4183 10.3666 take
293.025 403.263 17.6982 10.3666 into
314.02 403.263 35.6184 10.3666 account
352.78 403.263 14.9791 10.3666 the
371.016 403.263 15.7022 10.3666 risk
389.86 403.263 9.2471 10.3666 of
402.334 403.263 45.8392 10.3666 exclusions
451.431 403.263 21.7786 10.3666 from
476.503 403.263 27.6331 10.3666 bail-in
507.338 403.263 16.836 10.3666 and

121.059 418.62 14.978 10.3666 the
138.577 418.62 22.5956 10.3666 need
163.534 418.62 13.0934 10.3666 for
179.011 418.62 14.978 10.3666 the
196.528 418.62 45.996 10.3666 institution
245.004 418.62 9.53856 10.3666 to
257.122 418.62 11.1383 10.3666 be
270.799 418.62 34.1611 10.3666 feasibly
307.516 418.62 16.836 10.3666 and
326.833 418.62 35.4804 10.3666 credibly
364.753 418.62 48.8619 10.3666 resolvable.

103.053 446.098 8.42352 10.3666 3.
121.059 446.098 74.0972 10.3555 Implementation
197.994 446.098 23.5914 10.3555 date.
224.399 446.098 16.6572 10.3666 The
243.599 446.098 16.0853 10.3666 FSB
262.317 446.098 41.2764 10.3666 proposes
306.235 446.098 5.28816 10.3666 a
314.153 446.098 12.9996 10.3666 lag
329.752 446.098 29.6126 10.3666 before
362.025 446.098 72.0349 10.3666 implementation
436.538 446.098 9.2471 10.3666 of
448.417 446.098 22.3229 10.3666 TLAC
473.256 446.098 18.6984 10.3666 (not
494.615 446.098 29.6181 10.3666 before

121.059 461.576 5.59728 10.3666 1
131.624 461.576 34.3984 10.3666 January
170.861 461.576 28.439 10.3666 2019),
204.1 461.576 38.0317 10.3666 whereas
246.94 461.576 14.978 10.3666 the
266.864 461.576 56.3713 10.3666 requirement
328.059 461.576 9.53856 10.3666 to
342.46 461.576 13.418 10.3666 set
360.702 461.576 11.0753 10.3666 an
376.657 461.576 25.3975 10.3666 MREL
407.022 461.576 31.6682 10.3666 applies
443.498 461.576 21.7775 10.3666 from
470.139 461.576 14.8587 10.3666 the
489.943 461.576 20.254 10.3666 date
515.024 461.576 9.24821 10.3666 of

121.059 476.933 36.7201 10.3666 national
162.216 476.933 71.9179 10.3666 implementation
238.415 476.933 9.2471 10.3666 of
252.089 476.933 29.1335 10.3666 Article
285.564 476.933 11.2376 10.3666 45
301.165 476.933 9.2471 10.3666 of
314.839 476.933 14.8587 10.3666 the
334.158 476.933 24.6645 10.3666 BRRD
363.211 476.933 16.942 10.3666 (i.e.
384.569 476.933 5.59728 10.3666 1
394.647 476.933 34.404 10.3666 January
433.524 476.933 22.2776 10.3666 2016
460.282 476.933 8.97883 10.3666 at
473.721 476.933 14.8587 10.3666 the
493.04 476.933 31.1041 10.3666 latest).

121.048 492.411 43.0781 10.3666 However,
166.765 492.411 14.978 10.3666 the
184.404 492.411 42.1562 10.3666 approach
229.162 492.411 37.5967 10.3666 adopted
269.361 492.411 8.31643 10.3666 in
280.279 492.411 14.978 10.3666 the
297.918 492.411 21.8184 10.3666 draft
322.396 492.411 16.4673 10.3666 RTS
341.356 492.411 27.7557 10.3666 would
371.714 492.411 15.339 10.3666 not
389.712 492.411 35.0178 10.3666 prevent
427.391 492.411 45.5157 10.3666 resolution
475.508 492.411 48.7162 10.3666 authorities

121.048 507.889 21.8989 10.3666 from
146.484 507.889 30.6382 10.3666 setting
180.561 507.889 11.0731 10.3666 an
195.075 507.889 25.3975 10.3666 MREL
223.993 507.889 56.3802 10.3666 requirement
283.872 507.889 26.6737 10.3666 which
313.987 507.889 41.6329 10.3666 increases
359.101 507.889 20.1734 10.3666 over
382.74 507.889 20.4947 10.3666 time
406.736 507.889 9.41822 10.3666 to
419.694 507.889 29.0131 10.3666 reflect
452.206 507.889 14.978 10.3666 the
470.684 507.889 22.4763 10.3666 need
496.602 507.889 13.089 10.3666 for
513.157 507.889 11.0731 10.3666 an

121.048 523.246 42.5713 10.3666 adequate
166.159 523.246 43.2326 10.3666 transition
211.872 523.246 31.9409 10.3666 period.

103.053 550.724 8.42352 10.3666 4.
121.059 550.724 63.9161 10.3555 Denominator.
189.463 550.724 16.6583 10.3666 The
210.34 550.724 16.0864 10.3666 FSB
230.732 550.724 22.324 10.3666 pillar
257.361 550.724 5.59728 10.3666 1
267.201 550.724 56.5005 10.3666 requirement
327.92 550.724 6.83376 10.3666 is
339.075 550.724 13.418 10.3666 set
356.715 550.724 9.47674 10.3666 as
370.511 550.724 5.28816 10.3666 a
380.105 550.724 50.6173 10.3666 percentage
434.941 550.724 9.12677 10.3666 of
448.373 550.724 26.3966 10.3666 RWAs
479.09 550.724 15.7221 10.3666 (or,
499.129 550.724 5.88432 10.3666 if
509.203 550.724 14.978 10.3666 the

121.059 566.202 38.2536 10.3666 leverage
165.33 566.202 21.0577 10.3666 ratio
192.444 566.202 40.2342 10.3666 backstop
238.523 566.202 26.8769 10.3666 binds,
271.394 566.202 9.2471 10.3666 of
286.625 566.202 14.8576 10.3666 the
307.5 566.202 38.2547 10.3666 leverage
351.651 566.202 21.0577 10.3666 ratio
378.65 566.202 41.2598 10.3666 exposure
425.812 566.202 45.1392 10.3666 measure).
476.924 566.202 16.5379 10.3666 The
499.479 566.202 24.6645 10.3666 BRRD

121.059 581.559 37.0767 10.3666 requires
161.619 581.559 14.978 10.3666 the
179.975 581.559 25.519 10.3666 MREL
208.898 581.559 9.53856 10.3666 to
221.976 581.559 11.2586 10.3666 be
236.734 581.559 13.418 10.3666 set
253.652 581.559 9.59376 10.3666 as
266.727 581.559 5.28816 10.3666 a
275.481 581.559 50.6173 10.3666 percentage
329.598 581.559 9.12677 10.3666 of
342.192 581.559 19.596 10.3666 own
365.11 581.559 24.9526 10.3666 funds
393.544 581.559 16.8338 10.3666 and
413.82 581.559 21.125 10.3666 total
438.412 581.559 39.6965 10.3666 liabilities
481.537 581.559 25.0873 10.3666 (after
510.091 581.559 14.161 10.3666 full

121.059 597.037 51.1516 10.3666 recognition
175.056 597.037 9.2471 10.3666 of
187.177 597.037 58.4005 10.3666 counterparty
248.498 597.037 32.2004 10.3666 netting
283.536 597.037 31.4629 10.3666 rights).
317.858 597.037 16.6583 10.3666 The
337.42 597.037 21.9332 10.3666 draft
362.134 597.037 16.4684 10.3666 RTS
381.457 597.037 30.3313 10.3666 enable
414.691 597.037 45.6338 10.3666 resolution
463.17 597.037 48.7107 10.3666 authorities
514.644 597.037 9.53856 10.3666 to

121.059 612.515 38.2922 10.3666 consider
163.414 612.515 52.1176 10.3666 RWA-based
219.691 612.515 29.6402 10.3666 capital
253.515 612.515 60.7178 10.3666 requirements
318.317 612.515 9.73286 10.3666 or
332.234 612.515 38.0207 10.3666 leverage
374.472 612.515 21.0577 10.3666 ratio
399.786 612.515 60.7156 10.3666 requirements
464.581 612.515 24.8764 10.3666 when
493.616 612.515 30.6382 10.3666 setting

121.059 627.872 14.978 10.3666 the
139.176 627.872 28.1995 10.3666 MREL,
170.5 627.872 15.2186 10.3666 but
188.74 627.872 14.978 10.3666 the
206.864 627.872 19.4481 10.3666 final
229.428 627.872 56.4972 10.3666 requirement
288.947 627.872 22.6585 10.3666 must
314.752 627.872 11.1372 10.3666 be
329.035 627.872 13.4191 10.3666 set
345.6 627.872 9.59707 10.3666 as
358.2 627.872 5.28816 10.3666 a
366.604 627.872 50.7332 10.3666 percentage
420.359 627.872 9.2471 10.3666 of
432.599 627.872 19.596 10.3666 own
455.283 627.872 24.957 10.3666 funds
483.248 627.872 16.836 10.3666 and
503.173 627.872 21.1272 10.3666 total

121.059 643.35 42.4819 10.3666 liabilities.

103.064 670.828 8.42352 10.3666 5.
121.07 670.828 26.6031 10.3555 Other
151.91 670.828 51.0931 10.3555 differences
207.117 670.828 8.68848 10.3555 in
219.957 670.828 29.2317 10.3555 scope.
253.436 670.828 16.6583 10.3666 The
274.076 670.828 22.3251 10.3666 TLAC
300.481 670.828 39.0054 10.3666 proposal
343.436 670.828 9.24821 10.3666 of
356.758 670.828 14.8576 10.3666 the
375.722 670.828 16.0853 10.3666 FSB
395.881 670.828 17.813 10.3666 also
417.841 670.828 44.5155 10.3666 addresses
466.445 670.828 5.28816 10.3666 a
475.69 670.828 35.413 10.3666 number
515.052 670.828 9.24821 10.3666 of

121.07 686.306 24.7329 10.3666 other
148.55 686.306 26.6362 10.3666 issues
177.95 686.306 26.676 10.3666 which
207.35 686.306 14.4977 10.3666 are
224.51 686.306 33.3375 10.3666 outside
260.629 686.306 14.978 10.3666 the
278.389 686.306 26.018 10.3666 scope
307.069 686.306 9.2471 10.3666 of
319.069 686.306 24.6976 10.3666 these
346.549 686.306 18.9601 10.3666 RTS,
368.269 686.306 40.4793 10.3666 including
411.464 686.306 14.978 10.3666 the
429.224 686.306 46.4508 10.3666 prudential
478.424 686.306 45.8182 10.3666 treatment

121.07 701.663 9.2471 10.3666 of
133.188 701.663 37.5515 10.3666 holdings
173.624 701.663 9.2471 10.3666 of
185.626 701.663 22.324 10.3666 TLAC
210.706 701.663 53.9955 10.3666 instruments
267.472 701.663 16.836 10.3666 and
287.156 701.663 5.28816 10.3666 a
295.315 701.663 56.3791 10.3666 requirement
354.596 701.663 12.9731 10.3666 for
370.44 701.663 5.28816 10.3666 a
378.477 701.663 43.0196 10.3666 minimum
424.316 701.663 50.6184 10.3666 percentage
477.716 701.663 9.2471 10.3666 of
489.834 701.663 22.2048 10.3666 TLAC
514.794 701.663 9.41822 10.3666 to

121.081 717.141 31.1781 10.3666 consist
154.678 717.141 9.2471 10.3666 of
166.315 717.141 50.5323 10.3666 non-capital
219.236 717.141 56.782 10.3666 instruments.

85.08 37.8787 11.9675 7.54956 RTS
98.8782 37.8787 10.4737 7.54956 ON
111.119 37.8787 18.4944 7.54956 MREL

513.001 782.984 11.2387 10.3666 14

85.08 119.383 19.9987 24.4516 3.
121.093 119.383 54.5616 24.4516 Draft
182.053 119.383 111.16 24.4516 regulatory
299.545 119.383 96.9183 24.4516 technical
402.862 119.383 105.123 24.4516 standards

85.106 147.35 27.592 24.4516 on
119.062 147.35 76.792 24.4516 criteria
202.088 147.35 30.5684 24.4516 for
239.047 147.35 131.773 24.4516 determining
377.155 147.35 35.8727 24.4516 the
419.382 147.35 103.006 24.4516 minimum

85.106 175.421 134.955 24.4516 requirement
226.456 175.421 30.5684 24.4516 for
263.418 175.421 46.3095 24.4516 own
316.216 175.421 60.0899 24.4516 funds
382.683 175.421 40.2839 24.4516 and
429.337 175.421 77.5185 24.4516 eligible

85.106 203.492 96.3428 24.4516 liabilities

147.36 305.844 81.384 10.8 COMMISSION
231.72 305.844 75.264 10.8 DELEGATED
309.96 305.844 82.104 10.8 REGULATION
395.04 305.844 24.636 10.8 (EU)
422.64 305.844 14.64 10.8 No
440.28 305.844 21.36 10.8 …/..

285.12 337.644 9.996 10.8 of
298.2 337.644 25.944 10.8 XXX

89.16 369.444 75.36 10.8 supplementing
167.52 369.444 46.6092 10.8 Directive
217.081 369.444 59.424 10.8 2014/59/EU
279.481 369.444 9.996 10.8 of
292.561 369.444 16.008 10.8 the
311.521 369.444 50.592 10.8 European
365.161 369.444 57.156 10.8 Parliament
425.281 369.444 19.392 10.8 and
447.721 369.444 10.116 10.8 of
460.921 369.444 16.008 10.8 the
479.881 369.444 40.056 10.8 Council

94.44 383.244 60.84 10.8 establishing
158.28 383.244 6 10.8 a
167.16 383.244 57.192 10.8 framework
227.399 383.244 15.408 10.8 for
245.759 383.244 16.008 10.8 the
264.719 383.244 44.52 10.8 recovery
312.239 383.244 19.392 10.8 and
334.679 383.244 51.312 10.8 resolution
389.039 383.244 9.996 10.8 of
402.119 383.244 29.916 10.8 credit
434.999 383.244 57.348 10.8 institutions
495.358 383.244 19.392 10.8 and

86.28 397.044 55.956 10.8 investment
145.2 397.044 27.228 10.8 firms
175.44 397.044 22.752 10.8 with
201.24 397.044 34.632 10.8 regard
238.92 397.044 9.96 10.8 to
251.88 397.044 54 10.8 regulatory
308.88 397.044 46.1748 10.8 technical
358.08 397.044 50.7468 10.8 standards
411.839 397.044 51.24 10.8 specifying
466.079 397.044 16.008 10.8 the
485.039 397.044 37.8 10.8 criteria

88.56 410.844 39.96 10.8 relating
131.52 410.844 9.96 10.8 to
144.48 410.844 16.008 10.8 the
163.56 410.844 66.0012 10.8 methodology
232.561 410.844 15.408 10.8 for
250.921 410.844 33.96 10.8 setting
287.881 410.844 16.008 10.8 the
306.841 410.844 50.076 10.8 minimum
359.881 410.844 63.996 10.8 requirement
426.841 410.844 15.408 10.8 for
445.201 410.844 21.432 10.8 own
469.561 410.844 28.788 10.8 funds
501.362 410.844 19.2732 10.8 and

261.48 424.644 36.768 10.8 eligible
301.2 424.644 46.668 10.8 liabilities

239.76 456.204 26.016 10.8 (Text
268.8 456.204 21.36 10.8 with
293.16 456.204 23.304 10.8 EEA
319.44 456.204 49.836 10.8 relevance)

85.08 500.004 23.292 10.8 THE
111.36 500.004 63.984 10.8 EUROPEAN
178.32 500.004 79.68 10.8 COMMISSION,

85.08 520.543 30.6404 10.3666 Having
118.197 520.543 29.436 10.3666 regard
150.113 520.543 9.41822 10.3666 to
161.993 520.543 14.978 10.3666 the
179.511 520.543 28.5196 10.3666 Treaty
210.586 520.543 11.6759 10.3666 on
224.623 520.543 14.978 10.3666 the
242.141 520.543 52.4797 10.3666 Functioning
297.093 520.543 9.2471 10.3666 of
308.729 520.543 14.978 10.3666 the
326.126 520.543 43.236 10.3666 European
371.726 520.543 29.7936 10.3666 Union,

85.08 533.978 30.636 10.3666 Having
118.193 533.978 29.4371 10.3666 regard
150.111 533.978 9.41822 10.3666 to
161.991 533.978 39.935 10.3666 Directive
204.348 533.978 54.489 10.3666 2014/59/EU
261.227 533.978 9.2471 10.3666 of
272.98 533.978 14.8576 10.3666 the
290.377 533.978 42.9931 10.3666 European
335.851 533.978 48.9326 10.3666 Parliament
387.203 533.978 16.8338 10.3666 and
406.517 533.978 9.2471 10.3666 of
418.155 533.978 14.9791 10.3666 the
435.673 533.978 32.886 10.3666 Council
471.065 533.978 9.2471 10.3666 of
482.702 533.978 11.1173 10.3666 15
496.263 533.978 19.7572 10.3666 May

85.08 547.414 22.398 10.3666 2014
109.92 547.414 53.1874 10.3666 establishing
165.585 547.414 5.28816 10.3666 a
173.379 547.414 49.1777 10.3666 framework
225.09 547.414 12.9731 10.3666 for
240.453 547.414 14.978 10.3666 the
257.97 547.414 38.9613 10.3666 recovery
299.487 547.414 16.8327 10.3666 and
318.801 547.414 45.3954 10.3666 resolution
366.677 547.414 9.2471 10.3666 of
378.315 547.414 26.0169 10.3666 credit
406.75 547.414 50.2717 10.3666 institutions
459.542 547.414 16.8327 10.3666 and

85.08 560.85 50.4959 10.3666 investment
138.115 560.85 22.7899 10.3666 firms
161.4 558.401 3.52872 6.53544 2
164.88 560.863 2.76 10.3666 ,
170.157 560.863 16.8338 10.3666 and
189.472 560.863 8.31312 10.3666 in
200.265 560.863 43.0858 10.3666 particular
245.857 560.863 29.0363 10.3666 Article
277.433 560.863 23.3849 10.3666 45(2)
303.349 560.863 36.007 10.3666 thereof,

85.0718 574.188 42.9191 10.3666 Whereas:

85.08 592.884 13.956 10.8 (1)

120.48 592.884 43.848 10.8 Effective
168 592.884 48.12 10.8 resolution
219.84 592.884 16.56 10.8 can
240.12 592.884 21.48 10.8 only
264.96 592.884 11.4492 10.8 be
280.081 592.884 37.3668 10.8 feasible
321.12 592.884 17.28 10.8 and
342.12 592.884 38.688 10.8 credible
384.48 592.884 7.356 10.8 if
395.52 592.884 42.528 10.8 adequate
441.72 592.884 36.576 10.8 internal
482.04 592.884 41.976 10.8 financial

120.48 606.684 45.228 10.8 resources
170.88 606.684 14.568 10.8 are
190.68 606.684 43.248 10.8 available
239.04 606.684 9.48 10.8 to
253.68 606.684 11.28 10.8 an
270.12 606.684 48.72 10.8 institution
324 606.684 9.36 10.8 to
338.52 606.684 31.7988 10.8 absorb
375.479 606.684 28.668 10.8 losses
409.319 606.684 17.28 10.8 and
431.759 606.684 13.956 10.8 for
450.839 606.684 73.32 10.8 recapitalisation

120.48 620.484 42.588 10.8 purposes
166.32 620.484 36.696 10.8 without
206.28 620.484 42.6 10.8 affecting
252 620.484 32.64 10.8 certain
287.88 620.484 47.76 10.8 liabilities,
338.88 620.484 9.36 10.8 in
351.48 620.484 45.756 10.8 particular
400.44 620.484 25.368 10.8 those
429 620.484 43.32 10.8 excluded
475.56 620.484 23.376 10.8 from
502.2 620.484 21.996 10.8 bail-

120.48 634.284 12.36 10.8 in.
140.4 634.284 44.568 10.8 Directive
192.48 634.284 58.704 10.8 2014/59/EU
258.72 634.284 41.268 10.8 provides
307.56 634.284 17.976 10.8 that
333.12 634.284 53.388 10.8 institutions
394.08 634.284 32.04 10.8 should
433.68 634.284 23.256 10.8 meet
464.52 634.284 5.328 10.8 a
477.36 634.284 46.776 10.8 minimum

120.48 648.084 57.816 10.8 requirement
186.72 648.084 13.956 10.8 for
208.92 648.084 20.64 10.8 own
237.96 648.084 26.748 10.8 funds
273 648.084 17.28 10.8 and
298.56 648.084 36.048 10.8 eligible
342.84 648.084 44.868 10.8 liabilities
396 648.084 49.236 10.8 (‘MREL’)
453.48 648.084 9.36 10.8 to
471.12 648.084 26.76 10.8 avoid
506.16 648.084 17.976 10.8 that

120.48 661.884 53.508 10.8 institutions
179.04 661.884 55.32 10.8 excessively
239.16 661.884 18.84 10.8 rely
262.8 661.884 12 10.8 on
279.84 661.884 28.068 10.8 forms
312.96 661.884 9.996 10.8 of
327.96 661.884 37.44 10.8 funding
370.44 661.884 17.976 10.8 that
393.48 661.884 14.568 10.8 are
413.04 661.884 43.32 10.8 excluded
461.4 661.884 23.256 10.8 from
489.84 661.884 34.32 10.8 bail-in,

120.48 675.684 24.648 10.8 since
148.92 675.684 31.368 10.8 failure
184.08 675.684 9.36 10.8 to
201.12 675.684 23.256 10.8 meet
228.24 675.684 33.612 10.8 MREL
265.44 675.684 30 10.8 would
299.28 675.684 32.616 10.8 impact
335.76 675.684 50.28 10.8 negatively
389.64 675.684 57.516 10.8 institutions’
450.96 675.684 18.708 10.8 loss
473.52 675.684 50.64 10.8 absorption

120.48 689.484 17.28 10.8 and
140.76 689.484 73.32 10.8 recapitalisation
217.08 689.484 40.0788 10.8 capacity
259.919 689.484 20.2812 10.8 and,
283.2 689.484 51.72 10.8 ultimately,
337.92 689.484 14.688 10.8 the
355.56 689.484 33.336 10.8 overall
391.92 689.484 62.628 10.8 effectiveness
457.56 689.484 9.996 10.8 of
470.52 689.484 51.24 10.8 resolution.

85.08 709.284 13.956 10.8 (2)

120.48 709.284 28.68 10.8 When
152.88 709.284 57.96 10.8 determining
214.44 709.284 33.372 10.8 MREL
251.4 709.284 9.36 10.8 in
264.48 709.284 53.928 10.8 accordance
322.08 709.284 21.36 10.8 with
347.16 709.284 33.288 10.8 Article
384.12 709.284 39.276 10.8 45(6)(a)
427.08 709.284 17.28 10.8 and
448.08 709.284 13.956 10.8 (b)
465.72 709.284 9.996 10.8 of
479.4 709.284 44.688 10.8 Directive

120.48 723.084 61.68 10.8 2014/59/EU,
190.44 723.084 14.688 10.8 the
213.36 723.084 48.12 10.8 resolution
269.76 723.084 43.44 10.8 authority
321.24 723.084 32.04 10.8 should
361.68 723.084 40.596 10.8 consider
410.52 723.084 14.688 10.8 the
433.44 723.084 25.68 10.8 need,
467.4 723.084 9.36 10.8 in
485.16 723.084 20.568 10.8 case
513.96 723.084 10.116 10.8 of

85.08 754.841 3.52872 6.53544 2

121.086 758.592 8.8713 8.451 OJ
132.009 758.592 3.78 8.451 L
137.893 758.592 15.939 8.451 173,
155.904 758.592 38.6271 8.451 12.6.2014,
196.605 758.592 6.948 8.451 p.
205.609 758.592 15.957 8.451 190.

85.08 37.8787 11.9675 7.54956 RTS
98.8782 37.8787 10.4737 7.54956 ON
111.119 37.8787 18.4944 7.54956 MREL

513.001 782.984 11.2387 10.3666 15

120.48 116.004 53.28 10.8 application
177.48 116.004 9.996 10.8 of
191.16 116.004 14.688 10.8 the
209.52 116.004 31.44 10.8 bail-in
244.8 116.004 21.72 10.8 tool,
270.24 116.004 9.36 10.8 to
283.32 116.004 31.248 10.8 ensure
318.24 116.004 17.976 10.8 that
339.96 116.004 14.808 10.8 the
358.44 116.004 48.9612 10.8 institution
411.121 116.004 8.028 10.8 is
422.881 116.004 36.528 10.8 capable
463.081 116.004 9.996 10.8 of
476.761 116.004 47.4 10.8 absorbing

120.48 129.804 11.28 10.8 an
136.44 129.804 42.648 10.8 adequate
183.72 129.804 35.976 10.8 amount
224.4 129.804 10.116 10.8 of
239.16 129.804 28.668 10.8 losses
272.52 129.804 17.28 10.8 and
294.48 129.804 26.76 10.8 being
325.92 129.804 60.72 10.8 recapitalised
391.32 129.804 12.12 10.8 by
408 129.804 11.28 10.8 an
423.96 129.804 35.976 10.8 amount
464.64 129.804 45.336 10.8 sufficient
514.68 129.804 9.36 10.8 to

120.48 143.604 32.568 10.8 restore
160.68 143.604 11.388 10.8 its
175.92 143.604 44.76 10.8 Common
224.52 143.604 32.04 10.8 Equity
260.04 143.604 20.076 10.8 Tier
283.92 143.604 6 10.8 1
293.76 143.604 21.96 10.8 ratio
319.56 143.604 9.36 10.8 to
332.76 143.604 5.328 10.8 a
341.88 143.604 23.256 10.8 level
369 143.604 41.856 10.8 sufficent
414.72 143.604 9.36 10.8 to
427.92 143.604 42 10.8 maintain
473.76 143.604 14.568 10.8 the
492.12 143.604 31.896 10.8 capital

120.48 157.404 62.508 10.8 requirements
188.16 157.404 13.956 10.8 for
207.24 157.404 62.76 10.8 authorisation
275.161 157.404 17.2788 10.8 and
297.601 157.404 8.616 10.8 at
311.401 157.404 14.688 10.8 the
331.201 157.404 24.648 10.8 same
360.961 157.404 21.408 10.8 time
387.481 157.404 9.36 10.8 to
402.001 157.404 33.36 10.8 sustain
440.401 157.404 45.216 10.8 sufficient
490.801 157.404 33.216 10.8 market

120.48 171.204 55.56 10.8 confidence.
180.96 171.204 21.348 10.8 This
207.36 171.204 24.648 10.8 close
236.88 171.204 56.76 10.8 relationship
298.56 171.204 21.36 10.8 with
324.84 171.204 56.16 10.8 supervisory
385.8 171.204 44.628 10.8 decisions
435.48 171.204 38.508 10.8 requires
479.04 171.204 17.976 10.8 that
501.96 171.204 22.08 10.8 such

120.48 185.004 57.948 10.8 assessments
183.72 185.004 14.688 10.8 are
203.64 185.004 25.968 10.8 made
234.96 185.004 12.12 10.8 by
252.24 185.004 14.688 10.8 the
272.28 185.004 48 10.8 resolution
325.56 185.004 43.44 10.8 authority
374.16 185.004 9.36 10.8 in
388.92 185.004 24.648 10.8 close
418.8 185.004 58.68 10.8 consultation
482.88 185.004 21.36 10.8 with
509.52 185.004 14.688 10.8 the

120.48 198.804 49.896 10.8 competent
175.08 198.804 46.32 10.8 authority,
226.2 198.804 17.4 10.8 and
248.28 198.804 17.976 10.8 that
270.96 198.804 14.688 10.8 the
290.4 198.804 48 10.8 resolution
343.08 198.804 43.56 10.8 authority
391.08 198.804 32.04 10.8 should
427.8 198.804 20.088 10.8 take
452.64 198.804 37.416 10.8 account
494.76 198.804 9.996 10.8 of
509.4 198.804 14.688 10.8 the

120.48 212.604 57.948 10.8 assessments
184.68 212.604 25.968 10.8 made
216.84 212.604 12.12 10.8 by
234.96 212.604 14.808 10.8 the
255.96 212.604 49.896 10.8 competent
312.12 212.604 43.44 10.8 authority
361.68 212.604 12 10.8 on
379.92 212.604 14.688 10.8 the
400.8 212.604 40.668 10.8 business
447.72 212.604 32.88 10.8 model,
486.84 212.604 37.32 10.8 funding

120.48 226.404 33 10.8 model,
159.12 226.404 17.28 10.8 and
182.04 226.404 18 10.8 risk
205.68 226.404 32.088 10.8 profile
243.48 226.404 9.996 10.8 of
259.08 226.404 14.688 10.8 the
279.36 226.404 48.84 10.8 institution
333.84 226.404 13.956 10.8 for
353.4 226.404 14.808 10.8 the
373.8 226.404 42.588 10.8 purposes
422.04 226.404 10.116 10.8 of
437.76 226.404 32.16 10.8 setting
475.56 226.404 48.576 10.8 prudential

120.48 240.204 65.52 10.8 requirements.

85.08 260.004 13.956 10.8 (3)

120.48 260.004 9.84 10.8 In
133.92 260.004 49.08 10.8 particular,
186.6 260.004 9.36 10.8 in
199.56 260.004 53.928 10.8 accordance
257.04 260.004 21.36 10.8 with
282 260.004 33.288 10.8 Article
318.96 260.004 39.276 10.8 45(6)(a)
361.92 260.004 17.28 10.8 and
382.8 260.004 13.956 10.8 (b)
400.32 260.004 10.116 10.8 of
414 260.004 44.688 10.8 Directive
462.24 260.004 61.8 10.8 2014/59/EU,

120.48 273.804 14.688 10.8 the
139.08 273.804 53.256 10.8 assessment
196.32 273.804 9.996 10.8 of
210.24 273.804 14.688 10.8 the
228.84 273.804 46.68 10.8 necessary
279.24 273.804 40.2 10.8 capacity
323.16 273.804 9.36 10.8 to
336.48 273.804 32.04 10.8 absorb
372.48 273.804 28.668 10.8 losses
405.12 273.804 32.04 10.8 should
441.12 273.804 11.328 10.8 be
456.36 273.804 33.84 10.8 closely
493.92 273.804 30.12 10.8 linked

120.48 287.604 9.36 10.8 to
132.96 287.604 14.688 10.8 the
150.72 287.604 57.348 10.8 institution’s
211.2 287.604 33.936 10.8 current
248.28 287.604 31.896 10.8 capital
283.32 287.604 65.52 10.8 requirements,
351.96 287.604 17.4 10.8 and
372.48 287.604 14.688 10.8 the
390.24 287.604 53.256 10.8 assessment
446.64 287.604 9.996 10.8 of
459.72 287.604 14.688 10.8 the
477.48 287.604 46.8 10.8 necessary

120.48 301.404 40.08 10.8 capacity
165 301.404 9.36 10.8 to
179.04 301.404 32.568 10.8 restore
216.24 301.404 32.016 10.8 capital
252.96 301.404 32.04 10.8 should
289.68 301.404 11.328 10.8 be
305.64 301.404 34.08 10.8 closely
344.04 301.404 30.12 10.8 linked
378.839 301.404 9.36 10.8 to
392.879 301.404 27.48 10.8 likely
424.679 301.404 32.016 10.8 capital
461.399 301.404 62.628 10.8 requirements

120.48 315.204 21.876 10.8 after
145.56 315.204 53.28 10.8 application
201.96 315.204 9.9948 10.8 of
215.039 315.204 14.688 10.8 the
232.799 315.204 48.24 10.8 resolution
284.159 315.204 40.8 10.8 strategy,
328.079 315.204 29.9868 10.8 unless
361.198 315.204 24.048 10.8 there
388.318 315.204 14.688 10.8 are
406.198 315.204 23.196 10.8 clear
432.598 315.204 35.868 10.8 reasons
471.598 315.204 20.7588 10.8 why
495.356 315.204 28.668 10.8 losses

120.48 329.004 9.36 10.8 in
136.56 329.004 48 10.8 resolution
191.28 329.004 32.04 10.8 should
230.04 329.004 11.328 10.8 be
248.16 329.004 40.56 10.8 assessed
295.44 329.004 51 10.8 differently
352.92 329.004 20.76 10.8 than
380.4 329.004 9.36 10.8 in
396.6 329.004 27.3588 10.8 going
430.559 329.004 37.92 10.8 concern
475.319 329.004 8.664 10.8 A
490.799 329.004 33.396 10.8 similar

120.48 342.804 58.536 10.8 assessement
182.16 342.804 8.028 10.8 is
193.32 342.804 46.9188 10.8 necessary
243.239 342.804 9.36 10.8 to
255.719 342.804 31.248 10.8 ensure
290.039 342.804 14.688 10.8 the
307.919 342.804 33.492 10.8 MREL
344.399 342.804 8.028 10.8 is
355.558 342.804 45.216 10.8 sufficient
403.918 342.804 9.36 10.8 to
416.398 342.804 31.368 10.8 ensure
450.838 342.804 60.2376 10.8 resolvability
513.955 342.804 10.116 10.8 of

120.48 356.604 11.28 10.8 an
134.76 356.604 45.48 10.8 insitution
183.24 356.604 25.92 10.8 when
212.16 356.604 48 10.8 resolution
263.16 356.604 23.388 10.8 tools
289.56 356.604 24.636 10.8 other
317.16 356.604 20.64 10.8 than
340.8 356.604 31.32 10.8 bail-in
375.12 356.604 14.568 10.8 are
392.64 356.604 9.36 10.8 to
405 356.604 11.328 10.8 be
419.28 356.604 38.28 10.8 applied.

85.08 376.404 13.956 10.8 (4)

120.48 376.404 33.288 10.8 Article
158.52 376.404 39.276 10.8 45(6)(c)
202.56 376.404 9.996 10.8 of
217.32 376.404 44.808 10.8 Directive
266.88 376.404 58.704 10.8 2014/59/EU
330.36 376.404 19.32 10.8 also
354.48 376.404 38.508 10.8 requires
397.8 376.404 17.976 10.8 that
420.6 376.404 48 10.8 resolution
473.4 376.404 50.748 10.8 authorities

120.48 390.204 40.596 10.8 consider
166.32 390.204 14.688 10.8 the
186.36 390.204 50.28 10.8 possibility
241.8 390.204 17.976 10.8 that
265.08 390.204 32.64 10.8 certain
303 390.204 33.348 10.8 classes
341.64 390.204 9.996 10.8 of
357 390.204 47.76 10.8 liabilities,
410.04 390.204 45.9588 10.8 identified
461.278 390.204 9.36 10.8 in
475.918 390.204 48.2376 10.8 resolution

120.48 404.004 25.308 10.8 plans
149.04 404.004 17.28 10.8 and
169.56 404.004 9.36 10.8 in
182.16 404.004 14.688 10.8 the
200.04 404.004 60 10.8 resolvability
262.92 404.004 56.28 10.8 assessment,
322.44 404.004 27.936 10.8 might
353.64 404.004 11.448 10.8 be
368.28 404.004 43.32 10.8 excluded
414.84 404.004 23.256 10.8 from
441.36 404.004 34.32 10.8 bail-in.
478.8 404.004 45.228 10.8 Liabilties

120.48 417.804 9.996 10.8 of
133.92 417.804 17.976 10.8 that
155.4 417.804 21.36 10.8 kind
180.24 417.804 31.92 10.8 should
215.64 417.804 15.336 10.8 not
234.36 417.804 11.208 10.8 be
249 417.804 27.24 10.8 relied
279.72 417.804 12 10.8 on
295.2 417.804 13.956 10.8 for
312.6 417.804 42.588 10.8 purposes
358.68 417.804 9.996 10.8 of
372.12 417.804 38.64 10.8 meeting
414.12 417.804 14.688 10.8 the
432.24 417.804 36.24 10.8 MREL.
471.96 417.804 52.08 10.8 Resolution

120.48 431.604 50.628 10.8 authorities
176.64 431.604 32.04 10.8 should
214.2 431.604 19.32 10.8 also
239.16 431.604 31.248 10.8 ensure
275.88 431.604 18.096 10.8 that
299.52 431.604 25.92 10.8 when
331.08 431.604 50.616 10.8 significant
387.24 431.604 40.668 10.8 amounts
433.439 431.604 10.116 10.8 of
449.039 431.604 17.5212 10.8 any
471.959 431.604 52.32 10.8 insolvency

120.48 445.404 23.268 10.8 class
147.24 445.404 9.996 10.8 of
160.68 445.404 44.748 10.8 liabilities
208.92 445.404 14.568 10.8 are
226.92 445.404 43.2 10.8 excluded
273.6 445.404 23.256 10.8 from
300.36 445.404 34.32 10.8 bail-in,
338.16 445.404 12 10.8 on
353.64 445.404 27.276 10.8 either
384.36 445.404 5.328 10.8 a
393.12 445.404 51.48 10.8 mandatory
447.84 445.404 9.996 10.8 or
461.28 445.404 63 10.8 discretionary

120.48 459.204 27 10.8 basis,
150.48 459.204 17.388 10.8 this
170.88 459.204 46.08 10.8 exclusion
219.96 459.204 30 10.8 would
252.96 459.204 15.336 10.8 not
271.32 459.204 26.616 10.8 result
300.96 459.204 9.36 10.8 in
313.32 459.204 44.7492 10.8 liabilities
361.08 459.204 9.996 10.8 of
374.04 459.204 14.688 10.8 the
391.68 459.204 24.648 10.8 same
419.4 459.204 9.996 10.8 or
432.36 459.204 5.328 10.8 a
440.76 459.204 24.648 10.8 more
468.36 459.204 29.556 10.8 senior
500.879 459.204 23.268 10.8 class

120.48 473.004 36 10.8 bearing
163.92 473.004 33.276 10.8 greater
204.72 473.004 28.668 10.8 losses
240.96 473.004 20.64 10.8 than
269.16 473.004 20.76 10.8 they
297.24 473.004 30 10.8 would
334.8 473.004 9.36 10.8 in
351.72 473.004 54.72 10.8 insolvency,
414 473.004 9.948 10.8 as
431.52 473.004 17.388 10.8 this
456.48 473.004 30 10.8 would
494.04 473.004 11.328 10.8 be
512.88 473.004 11.28 10.8 an

120.48 486.804 57.336 10.8 impediment
180.84 486.804 9.36 10.8 to
193.2 486.804 62.88 10.8 resolvability.

85.08 506.604 13.956 10.8 (5)

120.48 506.604 52.08 10.8 Resolution
176.16 506.604 50.628 10.8 authorities
230.4 506.604 20.76 10.8 may
254.64 506.604 34.008 10.8 require
292.2 506.604 18.696 10.8 part
314.52 506.604 9.996 10.8 of
328.2 506.604 14.688 10.8 the
346.44 506.604 71.28 10.8 MRELreferred
421.44 506.604 9.36 10.8 to
434.4 506.604 9.36 10.8 in
447.36 506.604 33.408 10.8 Article
484.32 506.604 25.9572 10.8 45(1)
513.961 506.604 10.116 10.8 of

120.48 520.404 44.568 10.8 Directive
168.12 520.404 58.704 10.8 2014/59/EU
229.92 520.404 9.36 10.8 to
242.4 520.404 11.328 10.8 be
256.8 520.404 17.976 10.8 met
277.92 520.404 12.12 10.8 by
292.92 520.404 61.92 10.8 subordinated
357.96 520.404 53.256 10.8 contractual
414.36 520.404 31.32 10.8 bail-in
448.8 520.404 56.028 10.8 instruments
507.96 520.404 3 10.8 ,
514.08 520.404 9.996 10.8 or

120.48 534.204 12.12 10.8 by
137.16 534.204 32.16 10.8 setting
174.12 534.204 5.328 10.8 a
184.2 534.204 30.756 10.8 higher
219.72 534.204 46.8972 10.8 minimum
271.441 534.204 60.84 10.8 requirement,
337.201 534.204 9.996 10.8 or
351.961 534.204 12.24 10.8 by
368.881 534.204 50.568 10.8 alternative
424.321 534.204 44.628 10.8 measures
473.761 534.204 9.36 10.8 to
488.041 534.204 35.988 10.8 address

120.48 548.004 62.028 10.8 impediments
187.44 548.004 9.36 10.8 to
201.72 548.004 50.88 10.8 resolution.
257.64 548.004 7.836 10.8 If
270.36 548.004 14.688 10.8 the
289.92 548.004 18 10.8 risk
312.84 548.004 9.996 10.8 of
327.72 548.004 5.328 10.8 a
337.92 548.004 32.04 10.8 breach
374.88 548.004 9.996 10.8 of
389.76 548.004 14.688 10.8 the
409.32 548.004 15.96 10.8 ‘no
430.2 548.004 37.356 10.8 creditor
472.44 548.004 28.728 10.8 worse
506.041 548.004 18.0348 10.8 off’

120.48 561.804 46.56 10.8 safeguard
170.04 561.804 8.028 10.8 is
181.08 561.804 54.84 10.8 sufficiently
238.68 561.804 21.12 10.8 low,
262.8 561.804 12 10.8 no
277.8 561.804 52.656 10.8 adjustment
333.48 561.804 9.36 10.8 to
345.84 561.804 14.688 10.8 the
363.48 561.804 33.492 10.8 MREL
399.72 561.804 8.028 10.8 is
410.76 561.804 49.56 10.8 necessary.

85.08 581.604 13.956 10.8 (6)

120.48 581.604 9.84 10.8 In
139.32 581.604 25.356 10.8 order
173.64 581.604 9.36 10.8 to
192 581.604 31.248 10.8 ensure
232.2 581.604 56.16 10.8 consistency
297.12 581.604 21.36 10.8 with
327.48 581.604 48.696 10.8 prudential
385.2 581.604 58.32 10.8 supervision,
452.52 581.604 14.688 10.8 the
476.04 581.604 48 10.8 resolution

120.48 595.404 51.828 10.8 authority’s
176.04 595.404 53.376 10.8 assessment
233.16 595.404 9.996 10.8 of
246.96 595.404 14.688 10.8 the
265.32 595.404 21.72 10.8 size,
290.76 595.404 40.668 10.8 business
335.16 595.404 32.88 10.8 model,
371.76 595.404 37.32 10.8 funding
412.68 595.404 33 10.8 model,
449.4 595.404 17.28 10.8 and
470.4 595.404 18.12 10.8 risk
492.24 595.404 31.968 10.8 profile

120.48 609.204 9.996 10.8 of
135.84 609.204 14.688 10.8 the
155.88 609.204 48.84 10.8 institution
210.12 609.204 32.04 10.8 should
247.44 609.204 11.328 10.8 be
264.12 609.204 34.2 10.8 closely
303.48 609.204 30 10.8 linked
338.88 609.204 9.36 10.8 to
353.64 609.204 18.096 10.8 that
377.16 609.204 33.24 10.8 carried
415.8 609.204 15.336 10.8 out
436.56 609.204 12.24 10.8 by
453.96 609.204 14.688 10.8 the
474.12 609.204 50.016 10.8 competent

120.48 623.004 43.44 10.8 authority
167.16 623.004 29.988 10.8 unless
200.64 623.004 24.048 10.8 there
228.12 623.004 14.688 10.8 are
246.36 623.004 23.196 10.8 clear
273 623.004 35.988 10.8 reasons
312.48 623.004 20.88 10.8 why
336.6 623.004 28.668 10.8 losses
368.88 623.004 9.3612 10.8 in
381.721 623.004 48 10.8 resolution
433.201 623.004 32.04 10.8 should
468.721 623.004 11.328 10.8 be
483.481 623.004 40.56 10.8 assessed

120.48 636.804 50.76 10.8 differently
178.8 636.804 20.64 10.8 than
207.24 636.804 9.36 10.8 in
224.52 636.804 27.36 10.8 going
259.56 636.804 41.04 10.8 concern.
316.2 636.804 35.28 10.8 Certain
359.4 636.804 53.508 10.8 institutions
420.72 636.804 33.816 10.8 subject
462.36 636.804 9.36 10.8 to
479.52 636.804 44.568 10.8 Directive

120.48 650.604 61.68 10.8 2014/59/EU,
185.4 650.604 9.36 10.8 in
198 650.604 45.876 10.8 particular
247.08 650.604 41.856 10.8 financial
292.2 650.604 33.216 10.8 market
328.68 650.604 69.228 10.8 infrastructures
401.16 650.604 29.28 10.8 which
433.68 650.604 14.688 10.8 are
451.56 650.604 19.32 10.8 also
474.12 650.604 50.04 10.8 authorised

120.48 664.404 9.948 10.8 as
135.24 664.404 27.336 10.8 credit
167.4 664.404 56.52 10.8 institutions,
228.72 664.404 22.608 10.8 have
256.08 664.404 30.84 10.8 highly
291.6 664.404 52.68 10.8 specialised
349.08 664.404 40.788 10.8 business
394.68 664.404 34.668 10.8 models
434.16 664.404 17.2788 10.8 and
456.359 664.404 14.688 10.8 are
475.8 664.404 34.056 10.8 subject
514.68 664.404 9.36 10.8 to

120.48 678.204 47.976 10.8 additional
171.48 678.204 56.28 10.8 regulations,
230.76 678.204 29.4 10.8 which
263.16 678.204 32.04 10.8 should
298.2 678.204 11.328 10.8 be
312.48 678.204 25.92 10.8 taken
341.4 678.204 18.72 10.8 into
363.12 678.204 37.176 10.8 account
403.32 678.204 26.04 10.8 when
432.36 678.204 32.04 10.8 setting
467.28 678.204 36.36 10.8 MREL.

85.08 698.004 13.956 10.8 (7)

120.48 698.004 33.288 10.8 Article
156.84 698.004 12 10.8 16
171.96 698.004 10.116 10.8 of
185.16 698.004 52.68 10.8 Regulation
241.08 698.004 23.916 10.8 (EU)
268.08 698.004 14.64 10.8 No
285.96 698.004 51.36 10.8 1093/2010
340.44 698.004 9.996 10.8 of
353.64 698.004 14.688 10.8 the
371.4 698.004 45.9588 10.8 European
420.479 698.004 52.0548 10.8 Parliament
475.679 698.004 17.4 10.8 and
496.199 698.004 9.996 10.8 of
509.279 698.004 14.808 10.8 the

120.48 711.804 38.016 10.8 Council
162.96 711.804 49.188 10.8 empowers
216.6 711.804 14.688 10.8 the
235.68 711.804 45.96 10.8 European
286.2 711.804 40.68 10.8 Banking
331.2 711.804 46.92 10.8 Authority
382.32 711.804 31.956 10.8 (EBA)
418.68 711.804 9.36 10.8 to
432.48 711.804 24.048 10.8 issue
461.04 711.804 49.308 10.8 guidelines
514.8 711.804 9.36 10.8 to

120.48 725.604 31.248 10.8 ensure
155.52 725.604 14.688 10.8 the
174 725.604 45 10.8 common,
222.84 725.604 38.736 10.8 uniform
265.44 725.604 17.28 10.8 and
286.56 725.604 47.976 10.8 consistent
338.4 725.604 53.28 10.8 application
395.52 725.604 9.996 10.8 of
409.319 725.604 30 10.8 Union
443.159 725.604 17.304 10.8 law
464.279 725.604 17.28 10.8 and
485.519 725.604 38.508 10.8 requires

120.48 739.404 17.976 10.8 that
143.28 739.404 49.896 10.8 competent
198 739.404 50.628 10.8 authorities
253.44 739.404 17.28 10.8 and
275.52 739.404 41.856 10.8 financial
322.2 739.404 53.388 10.8 institutions
380.4 739.404 9.36 10.8 to
394.56 739.404 29.28 10.8 which
428.64 739.404 21.9612 10.8 such
455.401 739.404 49.188 10.8 guidelines
509.4 739.404 14.688 10.8 are

120.48 753.204 47.16 10.8 addressed
174.12 753.204 26.088 10.8 make
206.64 753.204 26.8788 10.8 every
239.879 753.204 26.496 10.8 effort
272.879 753.204 9.36 10.8 to
288.719 753.204 36.24 10.8 comply
331.199 753.204 21.36 10.8 with
359.039 753.204 21.96 10.8 such
387.479 753.204 52.2 10.8 guidelines.
446.159 753.204 26.688 10.8 Since
479.398 753.204 44.688 10.8 Directive

120.48 767.004 58.704 10.8 2013/36/EU
182.4 767.004 45.228 10.8 mandates
230.88 767.004 14.688 10.8 the
248.76 767.004 23.904 10.8 EBA
275.88 767.004 9.36 10.8 to
288.48 767.004 24.048 10.8 issue
315.72 767.004 49.308 10.8 guidelines
368.28 767.004 9.36 10.8 in
380.88 767.004 53.808 10.8 accordance
437.88 767.004 21.36 10.8 with
462.48 767.004 33.288 10.8 Article
498.96 767.004 12 10.8 16
514.2 767.004 9.996 10.8 of

85.08 37.8787 11.9675 7.54956 RTS
98.8782 37.8787 10.4737 7.54956 ON
111.119 37.8787 18.4944 7.54956 MREL

513.001 782.984 11.2387 10.3666 16

120.48 116.004 52.56 10.8 Regulation
178.56 116.004 23.916 10.8 (EU)
207.96 116.004 14.64 10.8 No
228.12 116.004 54.48 10.8 1093/2010,
288.12 116.004 9.36 10.8 to
303 116.004 32.556 10.8 further
341.04 116.004 34.68 10.8 specify
381 116.004 14.6868 10.8 the
401.16 116.004 42 10.8 common
448.68 116.004 52.548 10.8 procedures
506.76 116.004 17.28 10.8 and

120.48 129.804 63.48 10.8 methodology
192.12 129.804 13.956 10.8 for
214.32 129.804 14.808 10.8 the
237.36 129.804 56.28 10.8 supervisory
301.8 129.804 32.544 10.8 review
342.72 129.804 17.28 10.8 and
368.4 129.804 49.92 10.8 evaluation
426.72 129.804 39 10.8 process,
474 129.804 50.016 10.8 competent

120.48 143.604 50.628 10.8 authorities
174.96 143.604 32.04 10.8 should
210.84 143.604 19.968 10.8 take
234.6 143.604 18.72 10.8 into
257.16 143.604 37.176 10.8 account
298.2 143.604 9.36 10.8 in
311.4 143.604 53.928 10.8 accordance
369.12 143.604 21.3612 10.8 with
394.321 143.604 17.976 10.8 that
416.161 143.604 36.24 10.8 Article,
456.241 143.604 14.688 10.8 the
474.721 143.604 49.308 10.8 guidelines

120.48 157.404 12 10.8 on
140.76 157.404 42 10.8 common
191.04 157.404 52.548 10.8 procedures
251.88 157.404 17.28 10.8 and
277.44 157.404 70.548 10.8 methodologies
356.28 157.404 14.076 10.8 for
378.6 157.404 14.688 10.8 the
401.52 157.404 56.16 10.8 supervisory
465.72 157.404 32.664 10.8 review
506.64 157.404 17.4 10.8 and

120.48 171.204 49.92 10.8 evaluation
173.4 171.204 40.668 10.8 processs
217.08 171.204 30 10.8 issued
250.08 171.204 12.12 10.8 by
264.96 171.204 14.688 10.8 the
282.6 171.204 24.024 10.8 EBA
309.6 171.204 12.24 10.8 by
324.6 171.204 36.12 10.8 making
363.72 171.204 26.76 10.8 every
393.24 171.204 26.616 10.8 effort
422.88 171.204 9.36 10.8 to
435.24 171.204 36.24 10.8 comply
474.24 171.204 21.48 10.8 with
498.72 171.204 25.368 10.8 those

120.48 185.004 49.188 10.8 guidelines
172.68 185.004 9.36 10.8 in
185.04 185.004 18.048 10.8 line
206.04 185.004 21.36 10.8 with
230.4 185.004 33.408 10.8 Article
266.76 185.004 25.956 10.8 16(3)
295.68 185.004 9.996 10.8 of
308.64 185.004 52.68 10.8 Regulation
364.44 185.004 23.916 10.8 (EU)
391.32 185.004 14.64 10.8 No
408.96 185.004 54.36 10.8 1093/2010.

85.08 204.804 13.956 10.8 (8)

120.48 204.804 52.08 10.8 Resolution
182.52 204.804 25.308 10.8 plans
217.8 204.804 20.76 10.8 may
248.4 204.804 36.648 10.8 provide
294.96 204.804 13.956 10.8 for
318.96 204.804 64.668 10.8 arrangements
393.6 204.804 13.956 10.8 for
417.48 204.804 18.708 10.8 loss
446.16 204.804 50.76 10.8 absorption
506.88 204.804 17.28 10.8 and

120.48 218.604 73.2 10.8 recapitalisation
198.84 218.604 30.72 10.8 within
234.84 218.604 27.96 10.8 group
267.96 218.604 49.56 10.8 structures,
322.68 218.604 45.48 10.8 including
373.2 218.604 37.32 10.8 through
415.8 218.604 31.896 10.8 capital
452.88 218.604 56.148 10.8 instruments
514.2 218.604 9.996 10.8 or

120.48 232.404 35.928 10.8 eligible
160.92 232.404 44.748 10.8 liabilities
210.24 232.404 30 10.8 issued
244.8 232.404 12.12 10.8 by
261.24 232.404 53.508 10.8 institutions
319.32 232.404 9.36 10.8 to
333.24 232.404 24.636 10.8 other
362.4 232.404 53.508 10.8 institutions
420.48 232.404 9.996 10.8 or
435 232.404 34.668 10.8 entities
474.24 232.404 30.6 10.8 within
509.4 232.404 14.688 10.8 the

120.48 246.204 24.648 10.8 same
152.04 246.204 30.96 10.8 group.
189.96 246.204 52.08 10.8 Resolution
249 246.204 50.628 10.8 authorities
306.6 246.204 32.04 10.8 should
345.6 246.204 13.296 10.8 set
365.88 246.204 33.492 10.8 MREL
406.08 246.204 57.6 10.8 consistently
470.4 246.204 21.48 10.8 with
498.84 246.204 25.368 10.8 those

120.48 260.004 64.548 10.8 arrangements
192.48 260.004 29.328 10.8 where
229.2 260.004 20.88 10.8 they
257.4 260.004 14.568 10.8 are
279.36 260.004 36.696 10.8 integral
323.52 260.004 9.36 10.8 to
340.32 260.004 14.688 10.8 the
362.52 260.004 48.84 10.8 institution
418.8 260.004 9.996 10.8 or
436.2 260.004 36.468 10.8 group’s
480.24 260.004 43.8 10.8 preferred

120.48 273.804 48 10.8 resolution
171.48 273.804 40.92 10.8 strategy.

85.08 293.604 13.956 10.8 (9)

120.48 293.604 13.32 10.8 To
138.36 293.604 31.248 10.8 ensure
174.24 293.604 17.976 10.8 that
196.8 293.604 60.24 10.8 resolvability
261.36 293.604 21.948 10.8 does
287.88 293.604 15.336 10.8 not
307.8 293.604 34.68 10.8 depend
347.04 293.604 12 10.8 on
363.72 293.604 14.688 10.8 the
382.92 293.604 45.36 10.8 provision
432.84 293.604 9.996 10.8 of
447.36 293.604 30.048 10.8 public
482.04 293.604 41.976 10.8 financial

120.48 307.404 35.976 10.8 support
159.72 307.404 17.28 10.8 and
180.24 307.404 17.976 10.8 that
201.48 307.404 14.688 10.8 the
219.36 307.404 45.96 10.8 European
268.56 307.404 33.336 10.8 system
305.16 307.404 9.996 10.8 of
318.36 307.404 48.12 10.8 resolution
369.72 307.404 45.36 10.8 financing
418.2 307.404 59.268 10.8 arrangments
480.84 307.404 28.668 10.8 fulfils
512.76 307.404 11.388 10.8 its

120.48 321.204 37.968 10.8 purpose
162.24 321.204 9.996 10.8 of
176.16 321.204 58.8 10.8 contributing
238.68 321.204 9.48 10.8 to
252 321.204 41.4 10.8 ensuring
297.24 321.204 41.856 10.8 financial
343.08 321.204 41.64 10.8 stability,
388.68 321.204 48 10.8 resolution
440.52 321.204 53.76 10.8 authorities,
498.12 321.204 25.92 10.8 when

120.48 335.004 32.04 10.8 setting
156.12 335.004 36.24 10.8 MREL,
196.08 335.004 32.04 10.8 should
231.84 335.004 19.968 10.8 take
255.48 335.004 37.176 10.8 account
296.4 335.004 9.996 10.8 of
310.08 335.004 14.688 10.8 the
328.44 335.004 50.028 10.8 conditions
382.2 335.004 42.6 10.8 provided
428.52 335.004 9.36 10.8 in
441.6 335.004 33.288 10.8 Article
478.56 335.004 31.836 10.8 101(2)
514.08 335.004 9.996 10.8 of

120.48 348.804 44.568 10.8 Directive
168.96 348.804 58.704 10.8 2014/59/EU
231.6 348.804 13.956 10.8 for
249.48 348.804 16.008 10.8 use
269.4 348.804 9.996 10.8 of
283.32 348.804 48 10.8 resolution
335.28 348.804 45.24 10.8 financing
384.36 348.804 64.668 10.8 arrangements
453 348.804 9.36 10.8 in
466.32 348.804 24.348 10.8 ways
494.76 348.804 29.28 10.8 which

120.48 362.604 46.08 10.8 indirectly
170.52 362.604 26.736 10.8 result
201.48 362.604 9.36 10.8 in
215.04 362.604 18.576 10.8 part
237.72 362.604 9.996 10.8 of
251.88 362.604 14.688 10.8 the
270.72 362.604 28.668 10.8 losses
303.6 362.604 9.996 10.8 of
317.76 362.604 11.28 10.8 an
333.24 362.604 48.6 10.8 institution
386.04 362.604 9.996 10.8 or
400.2 362.604 27.48 10.8 entity
431.52 362.604 26.76 10.8 being
462.36 362.604 32.04 10.8 passed
498.6 362.604 12 10.8 on
514.8 362.604 9.36 10.8 to

120.48 376.404 14.688 10.8 the
138.12 376.404 48 10.8 resolution
189.12 376.404 45.36 10.8 financing
237.36 376.404 57.6 10.8 arrangment.

85.08 396.204 19.956 10.8 (10)
120.48 396.204 52.08 10.8 Resolution
178.68 396.204 50.628 10.8 authorities
235.44 396.204 32.04 10.8 should
273.6 396.204 19.32 10.8 also
299.04 396.204 40.716 10.8 consider
345.84 396.204 14.688 10.8 the
366.72 396.204 41.976 10.8 potential
414.84 396.204 36.648 10.8 adverse
457.68 396.204 32.736 10.8 impact
496.561 396.204 9.996 10.8 of
512.762 396.204 11.28 10.8 an

120.48 410.004 57.468 10.8 institution’s
186.36 410.004 31.248 10.8 failure
225.96 410.004 12 10.8 on
246.36 410.004 41.856 10.8 financial
296.64 410.004 41.64 10.8 stability.
346.68 410.004 52.32 10.8 Resolution
407.4 410.004 50.628 10.8 authorities
466.44 410.004 32.04 10.8 should
506.88 410.004 17.4 10.8 pay

120.48 423.804 45.876 10.8 particular
169.92 423.804 42 10.8 attention
215.4 423.804 9.36 10.8 to
228.24 423.804 41.4 10.8 ensuring
273 423.804 17.976 10.8 that
294.6 423.804 41.928 10.8 effective
340.08 423.804 48.12 10.8 resolution
391.68 423.804 9.996 10.8 of
405.12 423.804 5.328 10.8 a
413.88 423.804 60.24 10.8 systemically
477.36 423.804 46.7748 10.8 important

120.48 437.604 48.84 10.8 institution
174.48 437.604 36.696 10.8 without
216.36 437.604 14.688 10.8 the
236.28 437.604 45.24 10.8 provision
286.8 437.604 9.996 10.8 of
302.04 437.604 64.56 10.8 extraordinary
371.76 437.604 30.048 10.8 public
407.04 437.604 41.856 10.8 financial
454.2 437.604 36.096 10.8 support
495.6 437.604 8.028 10.8 is
508.92 437.604 15.336 10.8 not

120.48 451.404 47.16 10.8 prevented
172.8 451.404 12.24 10.8 by
189.84 451.404 14.688 10.8 the
209.64 451.404 52.08 10.8 exhaustion
266.76 451.404 9.996 10.8 of
281.76 451.404 11.388 10.8 its
298.2 451.404 41.928 10.8 effective
345.24 451.404 18.708 10.8 loss
369 451.404 47.4 10.8 absorbing
421.44 451.404 40.08 10.8 capacity
466.44 451.404 23.436 10.8 prior
494.88 451.404 9.36 10.8 to
509.28 451.404 14.808 10.8 the

120.48 465.204 38.64 10.8 meeting
162.12 465.204 9.996 10.8 of
175.2 465.204 14.688 10.8 the
193.08 465.204 50.028 10.8 conditions
246.24 465.204 13.296 10.8 set
262.68 465.204 23.28 10.8 forth
289.08 465.204 9.36 10.8 in
301.56 465.204 33.288 10.8 Article
337.92 465.204 25.956 10.8 44(5)
367.08 465.204 17.28 10.8 and
387.48 465.204 13.956 10.8 (8)
404.521 465.204 9.996 10.8 of
417.601 465.204 44.688 10.8 Directive
465.361 465.204 58.824 10.8 2014/59/EU

120.48 479.004 36.6 10.8 relating
164.64 479.004 9.36 10.8 to
181.56 479.004 14.688 10.8 the
203.88 479.004 64.8 10.8 extraordinary
276.12 479.004 16.008 10.8 use
299.64 479.004 10.116 10.8 of
317.28 479.004 48.12 10.8 resolution
372.96 479.004 45.36 10.8 financing
425.88 479.004 64.668 10.8 arrangements
498.12 479.004 25.92 10.8 when

120.48 492.804 44.748 10.8 liabilities
171.6 492.804 14.568 10.8 are
192.48 492.804 43.32 10.8 excluded
242.16 492.804 23.256 10.8 from
271.8 492.804 34.32 10.8 bail-in.
312.48 492.804 21.348 10.8 This
340.2 492.804 30 10.8 would
376.56 492.804 33.888 10.8 require
416.76 492.804 9.36 10.8 in
432.48 492.804 45.996 10.8 particular
484.92 492.804 17.976 10.8 that
509.28 492.804 14.808 10.8 the

120.48 506.604 35.268 10.8 holders
160.2 506.604 9.996 10.8 of
174.6 506.604 14.808 10.8 the
193.8 506.604 57.468 10.8 institution’s
255.72 506.604 31.896 10.8 capital
292.2 506.604 56.028 10.8 instruments
352.68 506.604 17.4 10.8 and
374.52 506.604 24.636 10.8 other
403.68 506.604 35.928 10.8 eligible
444.12 506.604 47.76 10.8 liabilities,
496.32 506.604 8.616 10.8 at
509.4 506.604 14.688 10.8 the

120.48 520.404 21.408 10.8 time
148.08 520.404 9.996 10.8 of
164.28 520.404 48 10.8 resolution
218.52 520.404 17.28 10.8 and
242.28 520.404 21.876 10.8 after
270.48 520.404 47.4 10.8 absorbing
324.12 520.404 17.52 10.8 any
347.64 520.404 28.788 10.8 losses
382.68 520.404 30.648 10.8 before
419.52 520.404 17.976 10.8 that
443.88 520.404 24.3612 10.8 time,
474.481 520.404 32.1612 10.8 should
512.882 520.404 11.328 10.8 be

120.48 534.204 36.528 10.8 capable
161.76 534.204 9.996 10.8 of
176.4 534.204 58.8 10.8 contributing
239.76 534.204 9.48 10.8 to
253.92 534.204 18.708 10.8 loss
277.32 534.204 50.64 10.8 absorption
332.64 534.204 17.28 10.8 and
354.6 534.204 73.44 10.8 recapitalisation
432.72 534.204 21.36 10.8 with
458.76 534.204 11.28 10.8 an
474.72 534.204 36.096 10.8 amount
515.52 534.204 8.616 10.8 at

120.48 548.004 21.936 10.8 least
148.08 548.004 25.896 10.8 equal
179.64 548.004 9.36 10.8 to
194.64 548.004 15.996 10.8 8%
216.24 548.004 9.996 10.8 of
231.84 548.004 14.808 10.8 the
252.24 548.004 21.336 10.8 total
279.24 548.004 44.748 10.8 liabilities
329.64 548.004 45.24 10.8 including
380.4 548.004 20.64 10.8 own
406.8 548.004 26.628 10.8 funds
439.08 548.004 13.956 10.8 (or
458.64 548.004 22.116 10.8 20%
486.48 548.004 9.996 10.8 of
502.08 548.004 21.996 10.8 risk-

120.48 561.804 43.92 10.8 weighted
167.4 561.804 30.96 10.8 assets,
201.36 561.804 7.476 10.8 if
211.8 561.804 32.76 10.8 certain
247.56 561.804 50.028 10.8 conditions
300.6 561.804 13.296 10.8 set
316.92 561.804 15.336 10.8 out
335.28 561.804 9.36 10.8 in
347.64 561.804 44.688 10.8 Directive
395.28 561.804 58.704 10.8 2014/59/EU
457.08 561.804 14.688 10.8 are
474.84 561.804 24.96 10.8 met).
502.8 561.804 21.348 10.8 This

120.48 575.604 32.04 10.8 should
157.08 575.604 15.336 10.8 not
177 575.604 41.196 10.8 however
222.84 575.604 26.736 10.8 result
254.16 575.604 9.36 10.8 in
268.08 575.604 17.4 10.8 any
289.92 575.604 45.36 10.8 reduction
339.84 575.604 9.996 10.8 or
354.36 575.604 58.656 10.8 replacement
417.6 575.604 10.116 10.8 of
432.24 575.604 14.688 10.8 the
451.44 575.604 22.6812 10.8 need
478.681 575.604 9.48 10.8 to
492.721 575.604 31.368 10.8 ensure

120.48 589.404 45.216 10.8 sufficient
171.48 589.404 18.708 10.8 loss
196.08 589.404 50.64 10.8 absorption
252.48 589.404 17.28 10.8 and
275.64 589.404 73.32 10.8 recapitalisation
354.72 589.404 40.2 10.8 capacity
400.44 589.404 37.32 10.8 through
443.64 589.404 24.6492 10.8 write
474.12 589.404 26.7612 10.8 down
506.641 589.404 17.4 10.8 and

120.48 603.204 52.56 10.8 conversion
176.4 603.204 9.996 10.8 of
189.72 603.204 36.048 10.8 eligible
229.08 603.204 47.76 10.8 liabilities,
280.2 603.204 9.996 10.8 or
293.52 603.204 28.2 10.8 imply
324.72 603.204 17.976 10.8 that
346.08 603.204 14.688 10.8 the
364.08 603.204 48 10.8 resolution
415.44 603.204 45.2412 10.8 financing
463.921 603.204 60.096 10.8 arrangement

120.48 617.004 32.04 10.8 should
157.92 617.004 11.328 10.8 be
174.6 617.004 21.96 10.8 used
201.96 617.004 14.076 10.8 for
221.4 617.004 24.768 10.8 these
251.52 617.004 42.588 10.8 purposes
299.52 617.004 24.756 10.8 other
329.64 617.004 20.64 10.8 than
355.68 617.004 9.48 10.8 in
370.56 617.004 53.928 10.8 accordance
429.84 617.004 21.36 10.8 with
456.6 617.004 14.688 10.8 the
476.76 617.004 47.268 10.8 principles

120.48 630.804 48.72 10.8 governing
173.16 630.804 14.688 10.8 the
191.88 630.804 16.008 10.8 use
211.92 630.804 9.996 10.8 of
225.96 630.804 14.688 10.8 the
244.8 630.804 48 10.8 resolution
296.88 630.804 45.36 10.8 financing
346.2 630.804 59.976 10.8 arrangement
410.28 630.804 13.296 10.8 set
427.68 630.804 15.336 10.8 out
447.12 630.804 9.36 10.8 in
460.56 630.804 33.408 10.8 Article
498 630.804 12 10.8 44
514.08 630.804 9.996 10.8 of

120.48 644.604 44.568 10.8 Directive
168 644.604 58.704 10.8 2014/59/EU
229.68 644.604 17.4 10.8 and
250.08 644.604 9.36 10.8 in
262.44 644.604 17.4 10.8 any
282.72 644.604 20.568 10.8 case
306.36 644.604 54.84 10.8 exclusively
364.079 644.604 9.3612 10.8 to
376.439 644.604 14.688 10.8 the
394.079 644.604 29.376 10.8 extent
426.479 644.604 33.48 10.8 strictly
462.599 644.604 46.92 10.8 necessary

85.08 664.404 19.956 10.8 (11)
120.48 664.404 52.08 10.8 Resolution
175.68 664.404 50.628 10.8 authorities
229.44 664.404 32.04 10.8 should
264.6 664.404 29.268 10.8 assess
297 664.404 14.688 10.8 the
314.76 664.404 41.976 10.8 potential
360 664.404 18.768 10.8 size
381.84 664.404 9.996 10.8 of
394.92 664.404 63.348 10.8 contributions
461.4 664.404 9.36 10.8 to
473.88 664.404 14.6892 10.8 the
491.641 664.404 19.296 10.8 cost
514.081 664.404 9.996 10.8 of

120.48 678.204 48 10.8 resolution
171.96 678.204 23.256 10.8 from
198.72 678.204 14.688 10.8 the
216.84 678.204 34.776 10.8 deposit
255.12 678.204 46.488 10.8 guarantee
305.04 678.204 36.048 10.8 scheme
344.52 678.204 12.24 10.8 by
360.12 678.204 50.0412 10.8 estimating
413.521 678.204 14.688 10.8 the
431.641 678.204 35.976 10.8 amount
471.121 678.204 14.808 10.8 the
489.361 678.204 34.656 10.8 deposit

120.48 692.004 46.608 10.8 guarantee
174.36 692.004 36.048 10.8 scheme
217.68 692.004 26.76 10.8 could
251.759 692.004 41.5212 10.8 feasibily
300.36 692.004 17.28 10.8 and
325.079 692.004 39.36 10.8 credibly
371.639 692.004 51.72 10.8 contribute.
430.799 692.004 7.836 10.8 If
446.039 692.004 17.3892 10.8 this
470.759 692.004 53.376 10.8 assessment

120.48 705.804 47.868 10.8 concludes
171.48 705.804 17.976 10.8 that
192.72 705.804 21.96 10.8 such
217.92 705.804 5.328 10.8 a
226.44 705.804 58.8 10.8 contribution
288.36 705.804 8.028 10.8 is
299.52 705.804 30.24 10.8 likely,
332.88 705.804 48.24 10.8 resolution
384.24 705.804 50.628 10.8 authorities
438 705.804 20.8788 10.8 may
461.879 705.804 33.408 10.8 choose
498.36 705.804 9.36 10.8 to
510.84 705.804 13.296 10.8 set

120.48 719.604 5.328 10.8 a
129.96 719.604 27.276 10.8 lower
161.4 719.604 36.24 10.8 MREL.
201.84 719.604 20.88 10.8 Any
226.68 719.604 22.08 10.8 such
252.96 719.604 41.28 10.8 assumed
298.44 719.604 58.68 10.8 contribution
361.2 719.604 32.04 10.8 should
397.44 719.604 33.8172 10.8 respect
435.48 719.604 14.688 10.8 the
454.32 719.604 27.468 10.8 limits
485.88 719.604 12 10.8 on
502.08 719.604 21.96 10.8 such

120.48 733.404 63.348 10.8 contributions
188.16 733.404 13.296 10.8 set
205.8 733.404 15.336 10.8 out
225.48 733.404 9.36 10.8 in
239.28 733.404 44.568 10.8 Directive
288.12 733.404 58.704 10.8 2014/59/EU
351.24 733.404 17.4 10.8 and
372.96 733.404 14.568 10.8 are
391.92 733.404 43.368 10.8 therefore
439.56 733.404 27.6 10.8 likely
471.24 733.404 9.48 10.8 to
485.04 733.404 11.328 10.8 be
500.64 733.404 23.376 10.8 most

120.48 747.204 38.496 10.8 relevant
162 747.204 14.076 10.8 for
179.04 747.204 53.508 10.8 institutions
235.56 747.204 33.24 10.8 funded
271.8 747.204 44.88 10.8 primarily
319.44 747.204 12.24 10.8 by
334.44 747.204 38.04 10.8 covered
375.48 747.204 42.36 10.8 deposits.

85.08 37.8787 11.9675 7.54956 RTS
98.8782 37.8787 10.4737 7.54956 ON
111.119 37.8787 18.4944 7.54956 MREL

513.001 782.984 11.2387 10.3666 17

85.08 116.004 19.956 10.8 (12)

123.48 116.004 21.348 10.8 This
148.92 116.004 52.56 10.8 Regulation
205.56 116.004 8.028 10.8 is
217.68 116.004 27.36 10.8 based
249.12 116.004 12 10.8 on
265.2 116.004 14.688 10.8 the
283.92 116.004 22.536 10.8 draft
310.56 116.004 49.44 10.8 regulatory
363.96 116.004 43.176 10.8 technical
411.24 116.004 45.228 10.8 standards
460.56 116.004 47.52 10.8 submitted
512.16 116.004 12.24 10.8 by

120.48 129.804 14.688 10.8 the
138.12 129.804 45.84 10.8 European
187.08 129.804 40.68 10.8 Banking
230.64 129.804 46.92 10.8 Authority
280.32 129.804 9.36 10.8 to
292.68 129.804 14.688 10.8 the
310.32 129.804 63.72 10.8 Commission.

85.08 149.604 19.956 10.8 (13)
120.48 149.604 18.648 10.8 The
143.4 149.604 45.96 10.8 European
193.68 149.604 40.68 10.8 Banking
238.68 149.604 46.8 10.8 Authority
289.56 149.604 15.948 10.8 has
309.84 149.604 49.32 10.8 conducted
363.6 149.604 23.28 10.8 open
391.2 149.604 30.048 10.8 public
425.52 149.604 63.348 10.8 consultations
493.2 149.604 12 10.8 on
509.52 149.604 14.688 10.8 the

120.48 163.404 22.536 10.8 draft
146.4 163.404 49.56 10.8 regulatory
198.96 163.404 43.416 10.8 technical
245.76 163.404 45.228 10.8 standards
294.36 163.404 12 10.8 on
309.72 163.404 29.28 10.8 which
342.36 163.404 17.388 10.8 this
363.12 163.404 52.56 10.8 Regulation
419.04 163.404 8.028 10.8 is
430.44 163.404 30.24 10.8 based,
464.04 163.404 41.88 10.8 analysed
509.28 163.404 14.808 10.8 the

120.48 177.204 41.976 10.8 potential
168.84 177.204 32.52 10.8 related
207.72 177.204 23.988 10.8 costs
238.08 177.204 17.28 10.8 and
261.72 177.204 37.908 10.8 benefits
306 177.204 17.28 10.8 and
329.64 177.204 46.08 10.8 requested
382.08 177.204 14.688 10.8 the
403.08 177.204 36.72 10.8 opinion
446.16 177.204 9.996 10.8 of
462.48 177.204 14.688 10.8 the
483.48 177.204 40.68 10.8 Banking

120.48 191.004 57.276 10.8 Stakeholder
182.28 191.004 30.6 10.8 Group
217.56 191.004 53.4 10.8 established
275.52 191.004 9.36 10.8 in
289.44 191.004 53.928 10.8 accordance
347.88 191.004 21.36 10.8 with
373.8 191.004 33.288 10.8 Article
411.6 191.004 12 10.8 37
428.16 191.004 9.996 10.8 of
442.68 191.004 52.8 10.8 Regulation
500.04 191.004 24.036 10.8 (EU)

120.48 205.044 14.64 10.8 No
138.12 205.044 51.36 10.8 1093/2010
192.48 205.044 9.996 10.8 of
205.44 205.044 14.688 10.8 the
223.08 205.044 45.96 10.8 European
272.04 205.044 51.936 10.8 Parliament
327 205.044 17.28 10.8 and
347.28 205.044 10.116 10.8 of
360.48 205.044 14.688 10.8 the
378.12 205.044 38.016 10.8 Council
416.64 203.801 3.52872 6.53544 3
420.12 205.044 3 10.8 ,

85.08 224.964 23.952 10.8 HAS
112.08 224.964 55.944 10.8 ADOPTED
171 224.964 26.592 10.8 THIS
200.76 224.964 80.496 10.8 REGULATION:

283.8 256.764 32.688 10.8 Article
319.44 256.764 6 10.8 1

158.76 288.564 60.6 10.8 Determining
222.36 288.564 14.688 10.8 the
240 288.564 35.976 10.8 amount
279.12 288.564 47.208 10.8 necessary
329.28 288.564 9.36 10.8 to
341.64 288.564 32.088 10.8 ensure
376.68 288.564 18.708 10.8 loss
398.4 288.564 52.08 10.8 absorption

85.08 308.484 9 10.8 1.

127.56 308.484 52.08 10.8 Resolution
186.24 308.484 50.628 10.8 authorities
243.48 308.484 22.536 10.8 shall
272.64 308.484 47.928 10.8 determine
327.12 308.484 14.688 10.8 the
348.36 308.484 18.708 10.8 loss
373.68 308.484 50.64 10.8 absorption
430.92 308.484 35.976 10.8 amount
473.52 308.484 29.28 10.8 which
509.4 308.484 14.688 10.8 the

127.56 324.324 48.84 10.8 institution
179.4 324.324 9.996 10.8 or
192.36 324.324 27.84 10.8 group
223.2 324.324 32.04 10.8 should
258.24 324.324 11.328 10.8 be
272.52 324.324 36.648 10.8 capable
312.12 324.324 9.996 10.8 of
325.08 324.324 50.28 10.8 absorbing.

85.08 346.164 9 10.8 2.

127.56 346.164 16.596 10.8 For
147.24 346.164 14.688 10.8 the
165 346.164 38.088 10.8 purpose
206.16 346.164 9.996 10.8 of
219.24 346.164 58.2 10.8 determining
280.44 346.164 14.688 10.8 the
298.2 346.164 18.708 10.8 loss
320.04 346.164 50.64 10.8 absorption
373.8 346.164 35.976 10.8 amount
412.92 346.164 9.3588 10.8 in
425.399 346.164 53.808 10.8 accordance
482.399 346.164 21.36 10.8 with
506.879 346.164 17.388 10.8 this

127.56 362.124 33.288 10.8 Article
164.64 362.124 17.28 10.8 and
185.76 362.124 9.996 10.8 of
199.68 362.124 17.52 10.8 any
220.8 362.124 58.8 10.8 contribution
283.44 362.124 9.996 10.8 of
297.24 362.124 14.688 10.8 the
315.72 362.124 34.656 10.8 deposit
354.24 362.124 46.488 10.8 guarantee
404.52 362.124 36.048 10.8 scheme
444.36 362.124 9.36 10.8 to
457.56 362.124 14.688 10.8 the
476.04 362.124 48.24 10.8 resolution

127.56 377.964 23.988 10.8 costs
154.8 377.964 41.256 10.8 pursuant
199.32 377.964 9.36 10.8 to
211.92 377.964 33.408 10.8 Article
248.64 377.964 9 10.8 6,
260.88 377.964 14.688 10.8 the
278.76 377.964 48 10.8 resolution
330 377.964 43.44 10.8 authority
376.56 377.964 25.8 10.8 shall,
405.6 377.964 57.48 10.8 consistently
466.2 377.964 21.36 10.8 with
490.8 377.964 33.288 10.8 Article

127.56 393.804 25.956 10.8 45(6)
157.32 393.804 9.996 10.8 of
171.12 393.804 44.688 10.8 Directive
219.6 393.804 61.8 10.8 2014/59/EU,
285.24 393.804 34.536 10.8 request
323.64 393.804 23.256 10.8 from
350.76 393.804 14.688 10.8 the
369.359 393.804 49.8972 10.8 competent
423.119 393.804 43.56 10.8 authority
470.279 393.804 5.328 10.8 a
479.399 393.804 44.88 10.8 summary

127.56 409.644 9.996 10.8 of
141.48 409.644 14.688 10.8 the
160.08 409.644 31.896 10.8 capital
196.08 409.644 62.748 10.8 requirements
262.8 409.644 43.44 10.8 currently
309.96 409.644 49.368 10.8 applicable
363.24 409.644 9.48 10.8 to
376.68 409.644 11.28 10.8 an
391.92 409.644 48.84 10.8 institution
444.72 409.644 9.996 10.8 or
458.64 409.644 30.96 10.8 group,
493.56 409.644 17.28 10.8 and
514.8 409.644 9.36 10.8 in

127.56 425.604 45.876 10.8 particular
176.4 425.604 14.688 10.8 the
194.16 425.604 49.896 10.8 following:

127.56 447.324 13.236 10.8 (a)
155.88 447.324 20.64 10.8 own
179.76 447.324 26.628 10.8 funds
209.64 447.324 62.628 10.8 requirements
275.52 447.324 41.256 10.8 pursuant
320.04 447.324 9.36 10.8 to
332.64 447.324 37.908 10.8 Articles
373.8 447.324 12 10.8 92
389.04 447.324 17.4 10.8 and
409.68 447.324 18 10.8 458
430.92 447.324 9.996 10.8 of
444.12 447.324 52.68 10.8 Regulation
500.04 447.324 24.0372 10.8 (EU)

155.88 461.124 14.64 10.8 No
173.52 461.124 48.36 10.8 575/2013,
224.88 461.124 29.28 10.8 which
257.16 461.124 38.616 10.8 include:

155.88 480.924 11.316 10.8 (i)
184.32 480.924 28.68 10.8 CET1
216 480.924 31.896 10.8 capital
250.92 480.924 21.96 10.8 ratio
275.88 480.924 9.996 10.8 of
288.84 480.924 25.116 10.8 4.5%
316.92 480.924 9.996 10.8 of
329.88 480.924 14.688 10.8 the
347.52 480.924 21.336 10.8 total
371.88 480.924 18 10.8 risk
392.88 480.924 43.368 10.8 exposure
439.2 480.924 39.336 10.8 amount;

155.88 500.724 14.676 10.8 (ii)
184.32 500.724 5.328 10.8 a
192.6 500.724 19.956 10.8 Tier
215.52 500.724 6 10.8 1
224.52 500.724 32.016 10.8 capital
259.56 500.724 21.96 10.8 ratio
284.52 500.724 9.996 10.8 of
297.48 500.724 16.116 10.8 6%
316.56 500.724 9.996 10.8 of
329.52 500.724 14.688 10.8 the
347.16 500.724 21.336 10.8 total
371.52 500.724 18 10.8 risk
392.52 500.724 43.368 10.8 exposure
438.84 500.724 39.336 10.8 amount;

155.88 520.524 18.036 10.8 (iii)
184.32 520.524 5.328 10.8 a
192.6 520.524 21.336 10.8 total
216.96 520.524 31.896 10.8 capital
251.88 520.524 21.96 10.8 ratio
276.84 520.524 9.996 10.8 of
289.8 520.524 16.116 10.8 8%
309 520.524 9.996 10.8 of
321.96 520.524 14.688 10.8 the
339.6 520.524 21.336 10.8 total
363.96 520.524 18 10.8 risk
384.96 520.524 43.368 10.8 exposure
431.28 520.524 39.336 10.8 amount;

127.56 540.324 13.956 10.8 (b)
155.88 540.324 17.4 10.8 any
182.28 540.324 57.936 10.8 requirement
249.36 540.324 9.36 10.8 to
267.84 540.324 21.48 10.8 hold
298.44 540.324 47.976 10.8 additional
355.56 540.324 20.64 10.8 own
385.32 540.324 26.748 10.8 funds
421.2 540.324 9.3612 10.8 in
439.681 540.324 31.308 10.8 excess
480.121 540.324 9.996 10.8 of
499.202 540.324 24.8892 10.8 these

155.88 554.124 65.52 10.8 requirements,
224.64 554.124 9.36 10.8 in
237.24 554.124 46.116 10.8 particular
286.56 554.124 41.376 10.8 pursuant
331.2 554.124 9.36 10.8 to
343.8 554.124 33.288 10.8 Article
380.28 554.124 35.04 10.8 104(1),
418.56 554.124 24.636 10.8 letter
446.52 554.124 16.32 10.8 (a),
466.08 554.124 9.996 10.8 of
479.4 554.124 44.688 10.8 Directive

155.88 567.924 62.016 10.8 2013/36/EU;

127.56 587.724 13.236 10.8 (c)
155.88 587.724 47.28 10.8 combined
209.4 587.724 29.316 10.8 buffer
245.04 587.724 62.628 10.8 requirements
313.92 587.724 9.948 10.8 as
330.12 587.724 36 10.8 defined
372.36 587.724 9.36 10.8 in
387.96 587.724 24.816 10.8 point
419.04 587.724 6 10.8 6
431.28 587.724 9.996 10.8 of
447.48 587.724 47.88 10.8 paragraph
501.72 587.724 6 10.8 1
514.079 587.724 9.996 10.8 of

155.88 601.524 33.288 10.8 Article
192.12 601.524 18 10.8 128
213.12 601.524 9.996 10.8 of
226.08 601.524 44.688 10.8 Directive
273.84 601.524 62.016 10.8 2013/36/EU;

127.56 621.324 13.956 10.8 (d)
155.88 621.324 14.688 10.8 the
173.52 621.324 26.616 10.8 Basel
203.28 621.324 3.996 10.8 I
210.12 621.324 23.316 10.8 floor
236.4 621.324 47.4 10.8 according
286.68 621.324 9.36 10.8 to
299.04 621.324 33.288 10.8 Article
335.28 621.324 18 10.8 500
356.28 621.324 10.116 10.8 of
369.36 621.324 52.8 10.8 Regulation
425.16 621.324 23.916 10.8 (EU)
452.04 621.324 14.64 10.8 No
469.68 621.324 48.696 10.8 575/2013;

127.56 641.124 13.236 10.8 (e)
155.88 641.124 17.4 10.8 any
176.16 641.124 49.248 10.8 applicable
228.36 641.124 40.728 10.8 leverage
272.04 641.124 22.08 10.8 ratio
297.119 641.124 60.84 10.8 requirement.

85.08 661.044 9 10.8 3.

127.56 661.044 16.596 10.8 For
148.68 661.044 14.688 10.8 the
167.88 661.044 42.588 10.8 purposes
215.04 661.044 9.996 10.8 of
229.56 661.044 17.388 10.8 this
251.52 661.044 55.56 10.8 Regulation,
311.64 661.044 31.896 10.8 capital
348.12 661.044 62.628 10.8 requirements
415.32 661.044 22.656 10.8 shall
442.56 661.044 11.328 10.8 be
458.4 661.044 51.84 10.8 interpreted
514.8 661.044 9.36 10.8 in

127.56 676.884 53.928 10.8 accordance
186.12 676.884 21.36 10.8 with
212.16 676.884 14.688 10.8 the
231.48 676.884 50.016 10.8 competent
286.2 676.884 51.828 10.8 authority’s
342.84 676.884 53.28 10.8 application
400.8 676.884 9.996 10.8 of
415.44 676.884 53.976 10.8 transitional
474.12 676.884 50.028 10.8 provisions

127.56 692.724 18 10.8 laid
150 692.724 26.64 10.8 down
181.08 692.724 9.36 10.8 in
194.88 692.724 42.588 10.8 Chapters
241.92 692.724 9.12 10.8 1,
255.48 692.724 6 10.8 2
265.92 692.724 17.28 10.8 and
287.64 692.724 6 10.8 4
298.08 692.724 9.996 10.8 of
312.48 692.724 22.728 10.8 Title
339.72 692.724 3.996 10.8 I
348 692.724 10.1148 10.8 of
362.52 692.724 19.296 10.8 Part
386.28 692.724 18.6 10.8 Ten
409.32 692.724 9.996 10.8 of
423.72 692.724 52.8 10.8 Regulation
480.96 692.724 24.036 10.8 (EU)
509.4 692.724 14.64 10.8 No

127.56 708.564 45.36 10.8 575/2013
179.16 708.564 17.28 10.8 and
202.68 708.564 9.36 10.8 in
218.28 708.564 14.688 10.8 the
239.16 708.564 49.908 10.8 provisions
295.32 708.564 9.996 10.8 of
311.52 708.564 38.616 10.8 national
356.4 708.564 49.92 10.8 legislation
412.56 708.564 49.2 10.8 exercising
467.88 708.564 14.688 10.8 the
488.76 708.564 35.388 10.8 options

127.56 724.524 35.88 10.8 granted
166.44 724.524 9.36 10.8 to
178.8 724.524 14.688 10.8 the
196.44 724.524 50.016 10.8 competent
249.48 724.524 50.628 10.8 authorities
303.12 724.524 12.12 10.8 by
318 724.524 17.976 10.8 that
339 724.524 55.8 10.8 Regulation.

85.08 754.841 3.52872 6.53544 3

121.086 758.592 39.1653 8.451 Regulation
162.249 758.592 15.687 8.451 (EU)
180.013 758.592 10.503 8.451 No
192.615 758.592 39.9843 8.451 1093/2010
234.603 758.592 7.5447 8.451 of
244.206 758.592 12.1617 8.451 the
258.366 758.592 35.3232 8.451 European
295.687 758.592 39.8529 8.451 Parliament
337.568 758.592 13.8456 8.451 and
353.412 758.592 7.5447 8.451 of
363.132 758.592 12.1617 8.451 the
377.292 758.592 26.9019 8.451 Council

85.08 37.8787 11.9675 7.54956 RTS
98.8782 37.8787 10.4737 7.54956 ON
111.119 37.8787 18.4944 7.54956 MREL

513.001 782.984 11.2387 10.3666 18

85.08 116.124 9 10.8 4.

127.56 116.124 18.648 10.8 The
150 116.124 18.708 10.8 loss
172.56 116.124 50.64 10.8 absorption
227.04 116.124 35.976 10.8 amount
266.88 116.124 9.36 10.8 to
280.08 116.124 11.328 10.8 be
295.2 116.124 53.88 10.8 determined
352.92 116.124 12.24 10.8 by
368.759 116.124 14.688 10.8 the
387.239 116.124 48 10.8 resolution
439.079 116.124 43.44 10.8 authority
486.119 116.124 22.776 10.8 shall
512.759 116.124 11.328 10.8 be

127.56 131.964 14.688 10.8 the
145.32 131.964 20.016 10.8 sum
168.48 131.964 9.996 10.8 of
181.56 131.964 14.808 10.8 the
199.44 131.964 62.748 10.8 requirements
265.32 131.964 37.8 10.8 referred
306.36 131.964 9.36 10.8 to
318.84 131.964 9.36 10.8 in
331.32 131.964 29.388 10.8 points
363.96 131.964 13.356 10.8 (a)
380.4 131.964 17.04 10.8 (b),
400.68 131.964 17.28 10.8 and
421.08 131.964 13.3548 10.8 (c)
437.52 131.964 10.116 10.8 of
450.72 131.964 48.12 10.8 paragraph
501.96 131.964 9 10.8 2,
514.08 131.964 9.996 10.8 or

127.56 147.804 17.4 10.8 any
150.72 147.804 30.636 10.8 higher
187.32 147.804 35.976 10.8 amount
229.2 147.804 46.92 10.8 necessary
281.76 147.804 9.36 10.8 to
297.12 147.804 36.24 10.8 comply
339 147.804 21.36 10.8 with
366.36 147.804 14.688 10.8 the
386.88 147.804 62.628 10.8 requirements
455.52 147.804 38.04 10.8 referred
499.44 147.804 9.36 10.8 to
514.68 147.804 9.36 10.8 in

127.56 163.764 29.388 10.8 points
159.96 163.764 13.956 10.8 (d)
176.88 163.764 9.996 10.8 or
189.84 163.764 13.236 10.8 (e)
206.04 163.764 10.116 10.8 of
219.12 163.764 48 10.8 paragraph
270.12 163.764 9 10.8 2.

85.08 185.604 9 10.8 5.

127.56 185.604 18.648 10.8 The
151.44 185.604 48.12 10.8 resolution
204.84 185.604 43.44 10.8 authority
253.44 185.604 20.88 10.8 may
279.36 185.604 13.296 10.8 set
298.08 185.604 5.328 10.8 a
308.64 185.604 18.708 10.8 loss
332.76 185.604 50.76 10.8 absorption
388.8 185.604 35.976 10.8 amount
430.08 185.604 26.04 10.8 using
461.4 185.604 27.276 10.8 either
494.04 185.604 9.996 10.8 of
509.28 185.604 14.808 10.8 the

127.56 201.444 46.68 10.8 following
177.12 201.444 44.016 10.8 methods:

127.56 223.164 13.236 10.8 (a)
155.88 223.164 5.328 10.8 a
164.64 223.164 18.708 10.8 loss
186.84 223.164 50.76 10.8 absorption
241.08 223.164 35.976 10.8 amount
280.68 223.164 25.896 10.8 equal
310.2 223.164 9.36 10.8 to
323.04 223.164 14.688 10.8 the
341.28 223.164 18.708 10.8 loss
363.481 223.164 50.76 10.8 absorption
417.721 223.164 35.976 10.8 amount
457.201 223.164 54 10.8 determined
514.681 223.164 9.48 10.8 in

155.88 236.964 53.928 10.8 accordance
212.76 236.964 21.36 10.8 with
237.12 236.964 48 10.8 paragraph
288.12 236.964 17.256 10.8 (4);
308.4 236.964 9.996 10.8 or

127.56 256.764 13.956 10.8 (b)
155.88 256.764 5.328 10.8 a
164.16 256.764 18.708 10.8 loss
185.88 256.764 50.64 10.8 absorption
239.52 256.764 39 10.8 amount,
281.52 256.764 29.28 10.8 which
313.8 256.764 20.88 10.8 may
337.44 256.764 14.616 10.8 be:

175.08 276.564 11.316 10.8 (i)
193.08 276.564 30.516 10.8 higher
230.52 276.564 20.64 10.8 than
258 276.564 14.808 10.8 the
279.6 276.564 18.708 10.8 loss
305.28 276.564 50.76 10.8 absorption
362.88 276.564 35.976 10.8 amount
405.72 276.564 54 10.8 determined
466.56 276.564 41.2572 10.8 pursuant
514.681 276.564 9.36 10.8 to

193.08 290.364 47.88 10.8 paragraph
243.96 290.364 13.956 10.8 (4)
261 290.364 32.616 10.8 where:

184.32 310.92 5.52 11.04 •

212.64 311.124 14.688 10.8 the
231.84 311.124 22.56 10.8 need
258.96 311.124 9.36 10.8 to
272.88 311.124 31.92 10.8 absorb
309.36 311.124 28.668 10.8 losses
342.6 311.124 9.36 10.8 in
356.52 311.124 48 10.8 resolution
408.96 311.124 8.028 10.8 is
421.56 311.124 15.216 10.8 not
441.36 311.124 22.68 10.8 fully
468.359 311.124 41.8812 10.8 reflected
514.8 311.124 9.3612 10.8 in

212.64 324.924 14.688 10.8 the
237.12 324.924 33.336 10.8 default
280.32 324.924 18.708 10.8 loss
308.88 324.924 50.76 10.8 absorption
369.48 324.924 39 10.8 amount,
418.32 324.924 30 10.8 taking
458.16 324.924 18.72 10.8 into
486.72 324.924 37.2972 10.8 account

212.64 338.724 56.64 10.8 information
273.84 338.724 45.84 10.8 requested
324.24 338.724 23.376 10.8 from
352.2 338.724 14.688 10.8 the
371.4 338.724 49.896 10.8 competent
425.88 338.724 43.44 10.8 authority
473.64 338.724 36.72 10.8 relating
514.8 338.724 9.36 10.8 to

212.64 352.524 14.688 10.8 the
230.76 352.524 57.468 10.8 institution’s
291.72 352.524 40.668 10.8 business
335.88 352.524 33 10.8 model,
372.36 352.524 37.44 10.8 funding
413.16 352.524 33 10.8 model,
449.76 352.524 17.4 10.8 and
470.64 352.524 17.9988 10.8 risk
492.119 352.524 31.9692 10.8 profile

212.64 366.324 41.256 10.8 pursuant
256.92 366.324 9.36 10.8 to
269.28 366.324 33.288 10.8 Article
305.52 366.324 9.336 10.8 5;
317.88 366.324 9.996 10.8 or

184.32 386.88 5.52 11.04 •

212.64 387.084 17.388 10.8 this
238.32 387.084 8.028 10.8 is
254.64 387.084 46.56 10.8 necessary
309.24 387.084 9.36 10.8 to
326.88 387.084 31.9668 10.8 reduce
367.079 387.084 9.996 10.8 or
385.319 387.084 36.048 10.8 remove
429.599 387.084 11.28 10.8 an
449.159 387.084 57.456 10.8 impediment
514.919 387.084 9.36 10.8 to

212.64 400.764 60.12 10.8 resolvability
276 400.764 10.116 10.8 or
289.56 400.764 32.04 10.8 absorb
325.08 400.764 28.788 10.8 losses
357.36 400.764 12 10.8 on
372.84 400.764 41.268 10.8 holdings
417.72 400.764 9.996 10.8 of
431.16 400.764 33.492 10.8 MREL
467.999 400.764 56.028 10.8 instruments

212.64 414.564 30 10.8 issued
245.64 414.564 12.12 10.8 by
260.52 414.564 24.756 10.8 other
288.36 414.564 27.84 10.8 group
319.2 414.564 38.136 10.8 entities;

155.88 434.364 14.676 10.8 (ii)
184.32 434.364 27.276 10.8 lower
219.96 434.364 20.64 10.8 than
249 434.364 14.688 10.8 the
272.04 434.364 18.708 10.8 loss
299.16 434.364 50.76 10.8 absorption
358.32 434.364 35.976 10.8 amount
402.72 434.364 54 10.8 determined
465.12 434.364 41.256 10.8 pursuant
514.8 434.364 9.36 10.8 to

184.32 448.164 47.88 10.8 paragraph
239.04 448.164 13.956 10.8 (4)
259.68 448.164 9.36 10.8 to
275.88 448.164 14.688 10.8 the
297.36 448.164 29.496 10.8 extent
333.6 448.164 21 10.8 that,
361.32 448.164 30 10.8 taking
397.92 448.164 18.72 10.8 into
423.48 448.164 37.176 10.8 account
467.4 448.164 56.76 10.8 information

184.32 461.964 40.56 10.8 received
231.12 461.964 23.256 10.8 from
260.64 461.964 14.688 10.8 the
281.64 461.964 49.896 10.8 competent
337.8 461.964 43.44 10.8 authority
387.36 461.964 36.72 10.8 relating
430.32 461.964 9.36 10.8 to
445.92 461.964 14.688 10.8 the
466.8 461.964 57.468 10.8 institution’s

184.32 475.764 40.668 10.8 business
228 475.764 33 10.8 model,
264 475.764 37.32 10.8 funding
304.32 475.764 33 10.8 model,
340.32 475.764 17.28 10.8 and
360.6 475.764 18 10.8 risk
381.6 475.764 31.968 10.8 profile
416.52 475.764 41.376 10.8 pursuant
460.92 475.764 9.36 10.8 to
473.28 475.764 33.288 10.8 Article
509.52 475.764 9.336 10.8 4:

184.32 496.32 5.52 11.04 •

212.64 496.524 47.976 10.8 additional
263.88 496.524 20.64 10.8 own
287.76 496.524 26.628 10.8 funds
317.64 496.524 62.628 10.8 requirements
383.52 496.524 37.92 10.8 referred
424.68 496.524 9.36 10.8 to
437.28 496.524 9.36 10.8 in
449.88 496.524 47.88 10.8 paragraph
501 496.524 23.04 10.8 2(b),

212.64 510.204 29.28 10.8 which
247.56 510.204 22.608 10.8 have
275.76 510.204 22.68 10.8 been
304.08 510.204 54.12 10.8 determined
363.84 510.204 12 10.8 on
381.48 510.204 14.688 10.8 the
401.76 510.204 23.988 10.8 basis
431.4 510.204 9.996 10.8 of
447 510.204 14.688 10.8 the
467.28 510.204 41.328 10.8 outcome
514.2 510.204 9.996 10.8 of

212.64 524.004 26.628 10.8 stress
242.64 524.004 21.348 10.8 tests
267.36 524.004 9.996 10.8 or
280.68 524.004 9.36 10.8 to
293.4 524.004 26.556 10.8 cover
323.279 524.004 78.5748 10.8 macroprudential
405.238 524.004 25.68 10.8 risks,
434.278 524.004 14.568 10.8 are
452.278 524.004 40.56 10.8 assessed
496.198 524.004 15.336 10.8 not
514.918 524.004 9.36 10.8 to

212.64 537.804 11.328 10.8 be
229.8 537.804 38.616 10.8 relevant
274.32 537.804 9.36 10.8 to
289.56 537.804 14.6868 10.8 the
310.079 537.804 22.68 10.8 need
338.759 537.804 9.36 10.8 to
353.999 537.804 31.248 10.8 ensure
391.079 537.804 28.668 10.8 losses
425.759 537.804 16.56 10.8 can
448.199 537.804 11.448 10.8 be
465.479 537.804 43.32 10.8 absorbed
514.679 537.804 9.36 10.8 in

212.64 551.604 51.336 10.8 resolution;

184.32 572.16 5.52 11.04 •

212.64 572.364 18.576 10.8 part
234.48 572.364 9.996 10.8 of
247.68 572.364 14.688 10.8 the
265.56 572.364 47.28 10.8 combined
316.08 572.364 29.316 10.8 buffer
348.6 572.364 57.936 10.8 requirement
409.8 572.364 37.92 10.8 referred
450.96 572.364 9.48 10.8 to
463.68 572.364 9.36 10.8 in
476.28 572.364 47.76 10.8 paragraph

212.64 586.044 19.236 10.8 2(c)
236.28 586.044 8.028 10.8 is
248.76 586.044 40.56 10.8 assessed
293.76 586.044 15.336 10.8 not
313.56 586.044 9.36 10.8 to
327.36 586.044 11.328 10.8 be
343.08 586.044 38.496 10.8 relevant
386.04 586.044 9.36 10.8 to
399.84 586.044 14.688 10.8 the
418.92 586.044 22.56 10.8 need
445.92 586.044 9.36 10.8 to
459.84 586.044 31.248 10.8 ensure
495.48 586.044 28.668 10.8 losses

212.64 599.844 16.56 10.8 can
232.2 599.844 11.328 10.8 be
246.6 599.844 43.2 10.8 absorbed
292.8 599.844 9.36 10.8 in
305.16 599.844 51.12 10.8 resolution.

85.08 619.764 9 10.8 6.

127.56 619.764 31.968 10.8 Where
165.6 619.764 14.688 10.8 the
186.36 619.764 30.72 10.8 option
223.2 619.764 9.36 10.8 in
238.68 619.764 47.64 10.8 paragraph
292.44 619.764 20.076 10.8 5(b)
318.6 619.764 8.028 10.8 is
332.76 619.764 38.28 10.8 applied,
377.16 619.764 14.688 10.8 the
397.92 619.764 48 10.8 resolution
452.04 619.764 43.2 10.8 authority
501.24 619.764 22.776 10.8 shall

127.56 635.604 36.648 10.8 provide
172.44 635.604 14.688 10.8 the
195.48 635.604 49.896 10.8 competent
253.8 635.604 43.44 10.8 authority
305.4 635.604 21.36 10.8 with
335.16 635.604 5.328 10.8 a
348.72 635.604 42.72 10.8 reasoned
399.72 635.604 56.04 10.8 explanation
464.04 635.604 9.996 10.8 of
482.4 635.604 14.688 10.8 the
505.32 635.604 18.708 10.8 loss

127.56 651.444 50.64 10.8 absorption
181.2 651.444 35.976 10.8 amount
220.2 651.444 17.976 10.8 that
241.2 651.444 15.948 10.8 has
260.16 651.444 22.56 10.8 been
285.72 651.444 16.32 10.8 set.

85.08 37.8787 11.9675 7.54956 RTS
98.8782 37.8787 10.4737 7.54956 ON
111.119 37.8787 18.4944 7.54956 MREL

513.001 782.984 11.2387 10.3666 19

283.8 116.004 32.688 10.8 Article
319.44 116.004 6 10.8 2

109.8 135.804 69.96 10.8 Determination
182.76 135.804 9.336 10.8 of
195.12 135.804 14.688 10.8 the
212.76 135.804 35.976 10.8 amount
251.76 135.804 47.208 10.8 necessary
301.92 135.804 9.36 10.8 to
314.28 135.804 41.448 10.8 continue
358.68 135.804 9.36 10.8 to
371.04 135.804 34.608 10.8 comply
408.6 135.804 20.76 10.8 with
432.36 135.804 50.028 10.8 conditions
485.4 135.804 14.028 10.8 for

93.24 149.724 64.8 10.8 authorisation
161.04 149.724 18 10.8 and
182.04 149.724 9.36 10.8 to
194.4 149.724 25.848 10.8 carry
223.2 149.724 15.336 10.8 out
241.56 149.724 43.308 10.8 activities
287.88 149.724 18 10.8 and
308.88 149.724 34.08 10.8 sustain
345.96 149.724 33.216 10.8 market
382.2 149.724 52.008 10.8 confidence
437.16 149.724 9.36 10.8 in
449.52 149.724 14.688 10.8 the
467.16 149.724 48.84 10.8 institution

85.08 173.484 9 10.8 1.

127.56 173.484 52.08 10.8 Resolution
183.36 173.484 50.628 10.8 authorities
237.72 173.484 22.536 10.8 shall
264 173.484 47.928 10.8 determine
315.6 173.484 11.28 10.8 an
330.6 173.484 35.976 10.8 amount
370.439 173.484 9.996 10.8 of
384.12 173.484 73.32 10.8 recapitalisation
461.16 173.484 29.2788 10.8 which
494.159 173.484 30 10.8 would

127.56 189.444 11.328 10.8 be
142.68 189.444 46.8 10.8 necessary
192.96 189.444 9.36 10.8 to
206.16 189.444 51.4548 10.8 implement
261.479 189.444 14.688 10.8 the
279.959 189.444 43.8 10.8 preferred
327.599 189.444 48 10.8 resolution
379.439 189.444 40.8 10.8 strategy,
424.079 189.444 9.948 10.8 as
437.879 189.444 36 10.8 defined
477.719 189.444 9.36 10.8 in
490.919 189.444 33.288 10.8 Article

127.56 205.524 19.956 10.8 3(3)
150.48 205.524 9.996 10.8 of
163.44 205.524 24.024 10.8 EBA
190.44 205.524 26.076 10.8 RTS]
219.6 205.524 39.24 10.8 2014/15
259.32 204.281 3.52872 6.53544 4
262.8 205.524 3 10.8 ,
268.8 205.524 45.96 10.8 identified
317.76 205.524 9.36 10.8 in
330.12 205.524 14.688 10.8 the
347.76 205.524 48.12 10.8 resolution
398.88 205.524 42 10.8 planning
443.76 205.524 39 10.8 process.

85.08 227.484 9 10.8 2.

127.56 227.484 31.968 10.8 Where
164.52 227.484 14.688 10.8 the
184.2 227.484 60.12 10.8 resolvability
249.24 227.484 53.256 10.8 assessment
307.56 227.484 47.868 10.8 concludes
360.48 227.484 18.096 10.8 that
383.64 227.484 52.08 10.8 liquidation
440.76 227.484 9.996 10.8 of
455.76 227.484 14.688 10.8 the
475.44 227.484 48.72 10.8 institution

127.56 243.324 27.276 10.8 under
158.52 243.324 33.936 10.8 normal
196.2 243.324 52.08 10.8 insolvency
251.88 243.324 57.828 10.8 proceedings
313.44 243.324 8.028 10.8 is
325.2 243.324 37.248 10.8 feasible
366.12 243.324 17.28 10.8 and
387.12 243.324 41.52 10.8 credible,
432.36 243.324 14.688 10.8 the
450.72 243.324 73.44 10.8 recapitalisation

127.56 259.164 35.976 10.8 amount
168.36 259.164 22.656 10.8 shall
195.84 259.164 11.328 10.8 be
211.92 259.164 23.64 10.8 zero,
240.36 259.164 30.108 10.8 unless
275.28 259.164 14.688 10.8 the
294.72 259.164 48 10.8 resolution
347.52 259.164 43.56 10.8 authority
395.64 259.164 52.6692 10.8 determines
453.12 259.164 17.9772 10.8 that
475.92 259.164 5.328 10.8 a
486.24 259.164 38.088 10.8 positive

127.56 275.124 35.976 10.8 amount
167.28 275.124 8.028 10.8 is
179.04 275.124 46.68 10.8 necessary
229.2 275.124 12 10.8 on
245.04 275.124 38.508 10.8 grounds
287.28 275.124 17.976 10.8 that
309 275.124 52.08 10.8 liquidation
364.8 275.124 30 10.8 would
398.52 275.124 15.336 10.8 not
417.6 275.124 36.528 10.8 achieve
457.8 275.124 14.688 10.8 the
476.16 275.124 48.12 10.8 resolution

127.56 290.964 48.588 10.8 objectives
179.16 290.964 9.36 10.8 to
191.52 290.964 14.688 10.8 the
209.16 290.964 24.648 10.8 same
236.76 290.964 29.3748 10.8 extent
269.16 290.964 9.948 10.8 as
282.12 290.964 11.28 10.8 an
296.4 290.964 50.688 10.8 alternative
350.04 290.964 48.12 10.8 resolution
401.16 290.964 40.8 10.8 strategy.

85.08 312.804 9 10.8 3.

127.56 312.804 28.68 10.8 When
159.6 312.804 50.04 10.8 estimating
212.88 312.804 14.688 10.8 the
230.88 312.804 57.348 10.8 institution’s
291.6 312.804 49.3212 10.8 regulatory
344.04 312.804 32.016 10.8 capital
379.44 312.804 27.228 10.8 needs
410.04 312.804 21.996 10.8 after
435.36 312.804 75.36 10.8 implementation
514.08 312.804 9.996 10.8 of

127.56 328.644 14.688 10.8 the
145.32 328.644 43.8 10.8 preferred
192.24 328.644 48.12 10.8 resolution
243.48 328.644 40.92 10.8 strategy,
287.52 328.644 14.688 10.8 the
305.28 328.644 48 10.8 resolution
356.4 328.644 43.44 10.8 authority
405.72 328.644 22.656 10.8 shall
431.52 328.644 16.008 10.8 use
450.6 328.644 14.688 10.8 the
468.36 328.644 23.3748 10.8 most
494.879 328.644 29.136 10.8 recent

127.56 344.604 39.84 10.8 reported
173.52 344.604 30.708 10.8 values
210.36 344.604 13.956 10.8 for
230.4 344.604 14.808 10.8 the
251.4 344.604 38.496 10.8 relevant
296.04 344.604 21.336 10.8 total
323.52 344.604 18 10.8 risk
347.64 344.604 43.368 10.8 exposure
397.08 344.604 35.976 10.8 amount
439.2 344.604 9.996 10.8 or
455.281 344.604 40.6092 10.8 leverage
502.082 344.604 21.96 10.8 ratio

127.56 360.444 73.548 10.8 denominator,as
207.12 360.444 52.44 10.8 applicable,
262.56 360.444 29.988 10.8 unless
295.56 360.444 11.976 10.8 all
310.56 360.444 14.688 10.8 the
328.2 360.444 46.68 10.8 following
377.76 360.444 32.628 10.8 factors
413.4 360.444 29.976 10.8 apply:

127.56 382.164 13.236 10.8 (a)
155.88 382.164 14.688 10.8 the
178.2 382.164 48 10.8 resolution
233.88 382.164 20.64 10.8 plan
262.2 382.164 47.64 10.8 identifies,
317.52 382.164 43.08 10.8 explains,
368.28 382.164 17.28 10.8 and
393.24 382.164 47.148 10.8 quantifies
448.08 382.164 17.52 10.8 any
473.04 382.164 34.008 10.8 change
514.68 382.164 9.36 10.8 in

155.88 395.964 49.44 10.8 regulatory
208.08 395.964 32.016 10.8 capital
243.12 395.964 27.2268 10.8 needs
273.359 395.964 60.2412 10.8 immediately
336.36 395.964 9.948 10.8 as
349.44 395.964 5.328 10.8 a
357.72 395.964 26.736 10.8 result
387.48 395.964 9.996 10.8 of
400.44 395.964 48 10.8 resolution
451.44 395.964 32.616 10.8 action;

127.56 415.764 13.956 10.8 (b)
155.88 415.764 14.688 10.8 the
177.84 415.764 34.008 10.8 change
219.12 415.764 37.92 10.8 referred
264.48 415.764 9.36 10.8 to
281.28 415.764 9.36 10.8 in
297.96 415.764 24.6972 10.8 point
330.001 415.764 13.236 10.8 (a)
350.641 415.764 8.028 10.8 is
366.001 415.764 51.96 10.8 considered
425.281 415.764 9.36 10.8 in
442.081 415.764 14.688 10.8 the
464.041 415.764 60.24 10.8 resolvability

155.88 429.564 53.256 10.8 assessment
213.12 429.564 9.36 10.8 to
226.44 429.564 11.328 10.8 be
241.68 429.564 21.36 10.8 both
267 429.564 37.368 10.8 feasible
308.28 429.564 17.28 10.8 and
329.52 429.564 38.688 10.8 credible
372.12 429.564 36.816 10.8 without
412.92 429.564 46.08 10.8 adversely
462.72 429.564 42.72 10.8 affecting
509.28 429.564 14.808 10.8 the

155.88 443.364 45.36 10.8 provision
206.52 443.364 9.996 10.8 of
221.76 443.364 33.216 10.8 critical
260.28 443.364 44.748 10.8 functions
310.32 443.364 12.12 10.8 by
327.48 443.364 14.688 10.8 the
347.4 443.364 51.84 10.8 institution,
404.4 443.364 17.28 10.8 and
426.96 443.364 36.696 10.8 without
468.96 443.364 40.488 10.8 recourse
514.68 443.364 9.48 10.8 to

155.88 457.164 64.8 10.8 extraordinary
226.92 457.164 41.976 10.8 financial
275.52 457.164 35.976 10.8 support
318 457.164 24.636 10.8 other
349.08 457.164 20.64 10.8 than
376.32 457.164 63.468 10.8 contributions
446.28 457.164 23.256 10.8 from
476.04 457.164 48.12 10.8 resolution

155.88 470.964 45.36 10.8 financing
209.64 470.964 64.668 10.8 arrangements
282.84 470.964 57.48 10.8 consistently
348.6 470.964 21.36 10.8 with
378.48 470.964 33.408 10.8 Article
420.36 470.964 31.956 10.8 101(2)
460.8 470.964 9.996 10.8 of
479.399 470.964 44.6892 10.8 Directive

155.88 484.764 58.704 10.8 2014/59/EU
218.76 484.764 17.28 10.8 and
240.24 484.764 14.688 10.8 the
259.08 484.764 47.388 10.8 principles
310.68 484.764 48.72 10.8 governing
363.48 484.764 21.996 10.8 their
389.64 484.764 16.128 10.8 use
409.92 484.764 13.296 10.8 set
427.44 484.764 15.336 10.8 out
447.001 484.764 9.36 10.8 in
460.561 484.764 33.2868 10.8 Article
498 484.764 26.076 10.8 44(5)

155.88 498.564 17.28 10.8 and
176.16 498.564 13.956 10.8 (8)
195.12 498.564 9.996 10.8 of
208.08 498.564 17.976 10.8 that
229.08 498.564 47.976 10.8 Directive;

127.56 518.364 13.236 10.8 (c)
155.88 518.364 13.956 10.8 for
174.96 518.364 60.24 10.8 systemically
240.12 518.364 46.776 10.8 important
292.08 518.364 53.388 10.8 institutions
350.64 518.364 45.96 10.8 identified
401.76 518.364 41.256 10.8 pursuant
448.2 518.364 9.36 10.8 to
462.72 518.364 33.288 10.8 Article
501.12 518.364 23.04 10.8 5(1),

155.88 532.164 17.976 10.8 that
176.88 532.164 14.688 10.8 the
194.52 532.164 50.028 10.8 conditions
247.56 532.164 42.6 10.8 provided
293.16 532.164 9.36 10.8 in
305.52 532.164 33.288 10.8 Article
341.76 532.164 19.956 10.8 5(2)
364.8 532.164 14.688 10.8 are
382.44 532.164 21 10.8 met.

85.08 552.084 9 10.8 4.

127.56 552.084 18.648 10.8 The
154.32 552.084 48 10.8 resolution
210.48 552.084 43.44 10.8 authority
261.96 552.084 22.776 10.8 shall
292.92 552.084 37.56 10.8 identify
338.4 552.084 17.28 10.8 and
363.96 552.084 40.2 10.8 quantify
412.2 552.084 17.5212 10.8 any
437.64 552.084 22.08 10.8 such
467.88 552.084 38.628 10.8 changes
514.8 552.084 9.36 10.8 in

127.56 567.924 49.44 10.8 regulatory
179.88 567.924 32.016 10.8 capital
215.04 567.924 30.24 10.8 needs,
248.52 567.924 17.28 10.8 and
268.92 567.924 34.656 10.8 consult
306.72 567.924 21.36 10.8 with
331.2 567.924 14.688 10.8 the
348.96 567.924 49.896 10.8 competent
402 567.924 43.44 10.8 authority
448.32 567.924 30.6468 10.8 before
482.159 567.924 42.12 10.8 applying

127.56 583.884 27 10.8 them.
157.92 583.884 9.72 10.8 In
170.88 583.884 45.996 10.8 particular
220.08 583.884 32.088 10.8 Where
255.36 583.884 14.688 10.8 the
273.24 583.884 38.508 10.8 changes
315 583.884 37.92 10.8 referred
356.16 583.884 9.36 10.8 to
368.88 583.884 9.36 10.8 in
381.48 583.884 47.76 10.8 paragraph
432.48 583.884 6 10.8 3
441.72 583.884 14.688 10.8 are
459.6 583.884 49.296 10.8 dependent
512.16 583.884 12 10.8 on

127.56 599.724 14.688 10.8 the
147.84 599.724 33.948 10.8 actions
187.44 599.724 10.116 10.8 of
203.16 599.724 5.328 10.8 a
214.2 599.724 46.716 10.8 purchaser
266.52 599.724 9.996 10.8 of
282.24 599.724 27.948 10.8 assets
315.84 599.724 10.116 10.8 or
331.56 599.724 40.788 10.8 business
378 599.724 22.668 10.8 lines
406.32 599.724 9.996 10.8 of
421.92 599.724 14.808 10.8 the
442.32 599.724 48.84 10.8 institution
496.8 599.724 27.276 10.8 under

127.56 615.564 51 10.8 resolution,
183.6 615.564 9.996 10.8 or
198.6 615.564 9.996 10.8 of
213.6 615.564 22.68 10.8 third
241.32 615.564 34.92 10.8 parties,
281.28 615.564 14.688 10.8 the
300.96 615.564 48 10.8 resolution
354 615.564 43.56 10.8 authority
402.36 615.564 22.656 10.8 shall
430.08 615.564 35.928 10.8 prepare
471.12 615.564 5.328 10.8 a
481.44 615.564 42.6 10.8 reasoned

127.56 631.404 56.04 10.8 explanation
189.12 631.404 9.36 10.8 to
204 631.404 14.688 10.8 the
224.16 631.404 33.216 10.8 benefit
262.92 631.404 9.996 10.8 of
278.4 631.404 14.688 10.8 the
298.56 631.404 49.896 10.8 competent
354 631.404 43.4388 10.8 authority
402.719 631.404 9.9492 10.8 as
418.2 631.404 9.36 10.8 to
433.08 631.404 14.688 10.8 the
453.24 631.404 48.24 10.8 feasibility
506.76 631.404 17.28 10.8 and

127.56 647.244 49.44 10.8 credibility
179.76 647.244 9.996 10.8 of
192.72 647.244 18.096 10.8 that
213.84 647.244 36.96 10.8 change.

85.08 669.204 9 10.8 5.

127.56 669.204 18.648 10.8 The
151.32 669.204 73.32 10.8 recapitalisation
229.8 669.204 36.096 10.8 amount
271.08 669.204 22.6548 10.8 shall
298.919 669.204 11.328 10.8 be
315.359 669.204 8.616 10.8 at
329.159 669.204 21.936 10.8 least
356.279 669.204 26.016 10.8 equal
387.479 669.204 9.36 10.8 to
401.999 669.204 14.688 10.8 the
421.799 669.204 35.976 10.8 amount
462.959 669.204 46.8012 10.8 necessary
514.679 669.204 9.36 10.8 to

127.56 685.044 31.44 10.8 satisfy
163.68 685.044 49.248 10.8 applicable
217.799 685.044 31.896 10.8 capital
254.639 685.044 62.508 10.8 requirements
321.959 685.044 46.92 10.8 necessary
373.559 685.044 9.36 10.8 to
387.718 685.044 36.1224 10.8 comply
428.4 685.044 21.36 10.8 with
454.56 685.044 14.688 10.8 the
474.12 685.044 50.148 10.8 conditions

127.56 700.884 13.956 10.8 for
144.48 700.884 62.64 10.8 authorisation
210.12 700.884 21.996 10.8 after
235.08 700.884 14.688 10.8 the
252.84 700.884 75.36 10.8 implementation
331.2 700.884 9.996 10.8 of
344.16 700.884 14.688 10.8 the
361.8 700.884 43.8 10.8 preferred
408.6 700.884 48.12 10.8 resolution
459.72 700.884 40.8 10.8 strategy.

85.08 722.724 9 10.8 6.

127.56 722.724 18.648 10.8 The
149.16 722.724 31.896 10.8 capital
184.08 722.724 62.628 10.8 requirements
249.84 722.724 37.8 10.8 referred
290.64 722.724 9.36 10.8 to
303 722.724 9.36 10.8 in
315.36 722.724 48 10.8 paragraph
366.36 722.724 6 10.8 5
375.48 722.724 22.656 10.8 shall
401.16 722.724 35.328 10.8 include
439.44 722.724 14.688 10.8 the
457.08 722.724 49.896 10.8 following:

85.08 754.841 3.52872 6.53544 4

121.086 758.592 8.8713 8.451 OJ
132.009 758.592 22.0473 8.451 L........

85.08 37.8787 11.9675 7.54956 RTS
98.8782 37.8787 10.4737 7.54956 ON
111.119 37.8787 18.4944 7.54956 MREL

513.001 782.984 11.2387 10.3666 20

127.56 116.004 13.236 10.8 (a)
155.88 116.004 20.64 10.8 own
179.76 116.004 26.628 10.8 funds
209.64 116.004 62.628 10.8 requirements
275.52 116.004 41.256 10.8 pursuant
320.04 116.004 9.36 10.8 to
332.64 116.004 37.908 10.8 Articles
373.8 116.004 12 10.8 92
389.04 116.004 17.4 10.8 and
409.68 116.004 18 10.8 458
430.92 116.004 9.996 10.8 of
444.12 116.004 52.68 10.8 Regulation
500.04 116.004 24.036 10.8 (EU)

155.88 129.804 14.64 10.8 No
173.52 129.804 48.36 10.8 575/2013,
224.88 129.804 29.28 10.8 which
257.16 129.804 38.616 10.8 include:

155.88 149.604 11.316 10.8 (i)
170.16 149.604 5.328 10.8 a
178.44 149.604 28.68 10.8 CET1
210.12 149.604 31.896 10.8 capital
245.16 149.604 21.96 10.8 ratio
270.12 149.604 9.996 10.8 of
283.08 149.604 24.996 10.8 4.5%
311.04 149.604 9.996 10.8 of
324 149.604 14.688 10.8 the
341.64 149.604 21.336 10.8 total
366 149.604 18 10.8 risk
387 149.604 43.368 10.8 exposure
433.32 149.604 39.336 10.8 amount;

155.88 169.404 14.676 10.8 (ii)
173.52 169.404 5.328 10.8 a
181.8 169.404 19.956 10.8 Tier
204.72 169.404 6 10.8 1
213.84 169.404 31.896 10.8 capital
248.76 169.404 21.96 10.8 ratio
273.84 169.404 9.996 10.8 of
286.8 169.404 15.996 10.8 6%
305.76 169.404 9.996 10.8 of
318.72 169.404 14.688 10.8 the
336.36 169.404 21.336 10.8 total
360.72 169.404 18 10.8 risk
381.72 169.404 43.368 10.8 exposure
428.04 169.404 39.336 10.8 amount;

155.88 189.204 18.036 10.8 (iii)
184.32 189.204 5.328 10.8 a
192.6 189.204 21.336 10.8 total
216.96 189.204 31.896 10.8 capital
251.88 189.204 21.96 10.8 ratio
276.84 189.204 9.996 10.8 of
289.8 189.204 16.116 10.8 8%
309 189.204 9.996 10.8 of
321.96 189.204 14.688 10.8 the
339.6 189.204 21.336 10.8 total
363.96 189.204 18 10.8 risk
384.96 189.204 43.368 10.8 exposure
431.28 189.204 39.3348 10.8 amount;

127.56 209.004 13.956 10.8 (b)
155.88 209.004 17.4 10.8 any
179.04 209.004 57.936 10.8 requirement
242.88 209.004 9.36 10.8 to
258.12 209.004 21.36 10.8 hold
285.36 209.004 20.64 10.8 own
311.88 209.004 26.628 10.8 funds
344.4 209.004 9.36 10.8 in
359.64 209.004 31.308 10.8 excess
396.84 209.004 9.996 10.8 of
412.68 209.004 24.6492 10.8 these
443.161 209.004 65.6388 10.8 requirements,
514.801 209.004 9.36 10.8 in

155.88 222.804 45.876 10.8 particular
204.72 222.804 41.376 10.8 pursuant
249.12 222.804 9.36 10.8 to
261.48 222.804 33.408 10.8 Article
297.84 222.804 45.276 10.8 104(1)(a)
346.08 222.804 9.996 10.8 of
359.16 222.804 44.688 10.8 Directive
406.8 222.804 62.016 10.8 2013/36/EU;

127.56 242.604 13.236 10.8 (c)
155.88 242.604 14.688 10.8 the
173.52 242.604 26.616 10.8 Basel
203.28 242.604 3.996 10.8 I
210.12 242.604 23.316 10.8 floor
236.4 242.604 47.4 10.8 according
286.68 242.604 9.36 10.8 to
299.04 242.604 33.288 10.8 Article
335.28 242.604 18 10.8 500
356.28 242.604 10.116 10.8 of
369.36 242.604 52.8 10.8 Regulation
425.16 242.604 68.016 10.8 575/2013/EU;

127.56 262.404 13.956 10.8 (d)
155.88 262.404 17.4 10.8 any
176.16 262.404 49.248 10.8 applicable
228.36 262.404 40.728 10.8 leverage
272.04 262.404 22.0788 10.8 ratio
297.118 262.404 60.84 10.8 requirement.

85.08 282.324 9 10.8 7.

127.56 282.324 18.648 10.8 The
151.92 282.324 73.32 10.8 recapitalisation
231 282.324 35.976 10.8 amount
272.76 282.324 22.656 10.8 shall
301.2 282.324 19.32 10.8 also
326.28 282.324 35.328 10.8 include
367.2 282.324 17.4 10.8 any
390.24 282.324 47.976 10.8 additional
444 282.324 35.976 10.8 amount
485.76 282.324 17.856 10.8 that
509.4 282.324 14.688 10.8 the

127.56 298.164 48 10.8 resolution
179.4 298.164 43.44 10.8 authority
226.44 298.164 45.348 10.8 considers
275.64 298.164 46.8 10.8 necessary
326.04 298.164 9.36 10.8 to
339.24 298.164 42.12 10.8 maintain
385.2 298.164 45.216 10.8 sufficient
434.28 298.164 33.3372 10.8 market
471.481 298.164 52.608 10.8 confidence

127.56 314.004 21.876 10.8 after
152.4 314.004 51.12 10.8 resolution.

85.08 335.964 9 10.8 8.

127.56 335.964 18.648 10.8 The
150 335.964 33.216 10.8 default
187.08 335.964 47.976 10.8 additional
238.92 335.964 36.096 10.8 amount
278.88 335.964 22.656 10.8 shall
305.4 335.964 11.328 10.8 be
320.52 335.964 25.896 10.8 equal
350.28 335.964 9.3612 10.8 to
363.481 335.964 14.568 10.8 the
381.841 335.964 47.28 10.8 combined
432.961 335.964 29.316 10.8 buffer
466.081 335.964 57.936 10.8 requirement

127.56 351.804 9.948 10.8 as
141.36 351.804 43.2 10.8 specified
188.4 351.804 9.36 10.8 in
201.6 351.804 37.956 10.8 Chapter
243.36 351.804 9 10.8 4,
256.2 351.804 36 10.8 Section
296.04 351.804 6 10.8 1
305.88 351.804 9.996 10.8 of
319.68 351.804 44.568 10.8 Directive
368.04 351.804 58.704 10.8 2013/36/EU
430.56 351.804 29.28 10.8 which
463.68 351.804 30 10.8 would
497.52 351.804 26.76 10.8 apply

127.56 367.644 9.36 10.8 to
141.24 367.644 14.688 10.8 the
160.2 367.644 48.72 10.8 institution
213.12 367.644 21.876 10.8 after
239.28 367.644 14.688 10.8 the
258.24 367.644 53.28 10.8 application
315.84 367.644 9.996 10.8 of
330.12 367.644 48 10.8 resolution
382.44 367.644 26.4 10.8 tools.
413.16 367.644 18.648 10.8 The
436.08 367.644 47.856 10.8 additional
488.16 367.644 35.976 10.8 amount

127.56 383.484 39.84 10.8 required
171.84 383.484 12.24 10.8 by
188.28 383.484 14.808 10.8 the
207.48 383.484 48.12 10.8 resolution
260.04 383.484 43.44 10.8 authority
307.68 383.484 21 10.8 may
332.88 383.484 11.328 10.8 be
348.72 383.484 27.396 10.8 lower
380.52 383.484 20.64 10.8 than
405.6 383.484 17.3868 10.8 this
427.439 383.484 33.336 10.8 default
465.24 383.484 39.1188 10.8 amount,
508.799 383.484 15.336 10.8 but

127.56 399.444 15.336 10.8 not
148.44 399.444 17.988 10.8 less
171.96 399.444 20.64 10.8 than
198.12 399.444 23.64 10.8 zero,
227.28 399.444 7.356 10.8 if
240.12 399.444 14.688 10.8 the
260.28 399.444 48 10.8 resolution
313.8 399.444 43.56 10.8 authority
362.64 399.444 52.668 10.8 determines
420.84 399.444 17.976 10.8 that
444.36 399.444 5.328 10.8 a
455.161 399.444 27.396 10.8 lower
488.161 399.444 35.976 10.8 amount

127.56 415.284 30 10.8 would
164.64 415.284 11.328 10.8 be
183 415.284 45.216 10.8 sufficient
235.32 415.284 9.36 10.8 to
251.88 415.284 33.36 10.8 sustain
292.32 415.284 33.216 10.8 market
332.64 415.284 52.608 10.8 confidence
392.28 415.284 17.28 10.8 and
416.76 415.284 31.248 10.8 ensure
455.04 415.284 14.688 10.8 the
476.88 415.284 47.4 10.8 continued

127.56 431.124 45.36 10.8 provision
176.88 431.124 9.996 10.8 of
190.8 431.124 33.216 10.8 critical
228 431.124 46.848 10.8 economic
278.76 431.124 44.628 10.8 functions
327.36 431.124 12.12 10.8 by
343.2 431.124 14.808 10.8 the
361.92 431.124 48.84 10.8 institution
414.72 431.124 17.28 10.8 and
435.96 431.124 30.468 10.8 access
470.4 431.124 9.36 10.8 to
483.72 431.124 40.32 10.8 funding,

127.56 446.964 36.696 10.8 without
168.24 446.964 40.488 10.8 recourse
212.64 446.964 9.36 10.8 to
225.96 446.964 64.8 10.8 extraordinary
294.48 446.964 41.976 10.8 financial
340.44 446.964 35.976 10.8 support
380.4 446.964 24.636 10.8 other
408.96 446.964 20.64 10.8 than
433.56 446.964 63.348 10.8 contributions
500.88 446.964 23.256 10.8 from

127.56 462.924 48 10.8 resolution
181.08 462.924 45.24 10.8 financing
231.84 462.924 64.548 10.8 arrangements
301.92 462.924 57.48 10.8 consistently
364.8 462.924 21.36 10.8 with
391.68 462.924 33.288 10.8 Article
430.44 462.924 31.956 10.8 101(2)
467.879 462.924 17.2812 10.8 and
490.799 462.924 33.2892 10.8 Article

127.56 478.764 25.956 10.8 44(5)
157.44 478.764 17.28 10.8 and
178.68 478.764 14.076 10.8 (8)
196.68 478.764 9.996 10.8 of
210.6 478.764 44.808 10.8 Directive
259.32 478.764 61.68 10.8 2014/59/EU.
324.96 478.764 18.648 10.8 The
347.52 478.764 53.496 10.8 assessment
405 478.764 9.996 10.8 of
418.92 478.764 14.6892 10.8 the
437.521 478.764 35.9748 10.8 amount
477.48 478.764 46.8 10.8 necessary

127.56 494.604 9.36 10.8 to
140.76 494.604 35.976 10.8 support
180.6 494.604 33.216 10.8 market
217.8 494.604 52.608 10.8 confidence
274.2 494.604 22.776 10.8 shall
300.84 494.604 19.968 10.8 take
324.72 494.604 18.72 10.8 into
347.28 494.604 37.416 10.8 account
388.561 494.604 38.556 10.8 whether
431.041 494.604 14.688 10.8 the
449.521 494.604 32.016 10.8 capital
485.401 494.604 38.8788 10.8 position

127.56 510.444 9.996 10.8 of
141 510.444 14.688 10.8 the
159.12 510.444 48.72 10.8 institution
211.32 510.444 21.876 10.8 after
236.64 510.444 14.688 10.8 the
254.76 510.444 48 10.8 resolution
306.24 510.444 30 10.8 would
339.72 510.444 11.328 10.8 be
354.481 510.444 54.5292 10.8 appropriate
412.442 510.444 9.36 10.8 in
425.282 510.444 55.92 10.8 comparison
484.682 510.444 21.36 10.8 with
509.522 510.444 14.688 10.8 the

127.56 526.284 33.816 10.8 current
166.08 526.284 32.016 10.8 capital
202.8 526.284 38.76 10.8 position
246.24 526.284 9.996 10.8 of
260.88 526.284 20.556 10.8 peer
286.08 526.284 56.52 10.8 institutions.
347.28 526.284 16.596 10.8 For
368.52 526.284 34.92 10.8 G-SIIs,
408.12 526.284 14.688 10.8 the
427.44 526.284 38.616 10.8 relevant
470.76 526.284 20.676 10.8 peer
496.08 526.284 27.9588 10.8 group

127.56 542.244 32.04 10.8 should
162.6 542.244 33.336 10.8 consist
198.96 542.244 9.996 10.8 of
211.92 542.244 11.976 10.8 all
226.92 542.244 31.788 10.8 G-SIIs
261.84 542.244 53.28 10.8 established
318.12 542.244 9.36 10.8 in
330.48 542.244 14.688 10.8 the
348.12 542.244 33.12 10.8 Union.

85.08 564.084 15 10.8 10.

127.56 564.084 18.648 10.8 The
152.88 564.084 48.12 10.8 resolution
207.72 564.084 43.32 10.8 authority
257.64 564.084 21 10.8 may
285.12 564.084 51 10.8 determine,
342.84 564.084 9.36 10.8 in
359.04 564.084 58.8 10.8 consultation
424.56 564.084 21.36 10.8 with
452.64 564.084 14.688 10.8 the
474 564.084 50.016 10.8 competent

127.56 579.924 43.44 10.8 authority
177.96 579.924 17.28 10.8 and
202.44 579.924 30.12 10.8 taking
239.64 579.924 18.84 10.8 into
265.68 579.924 37.176 10.8 account
310.08 579.924 56.64 10.8 information
374.04 579.924 40.56 10.8 received
421.8 579.924 23.256 10.8 from
452.28 579.924 14.6892 10.8 the
474.121 579.924 50.0172 10.8 competent

127.56 595.764 43.44 10.8 authority
176.4 595.764 36.72 10.8 relating
218.64 595.764 9.36 10.8 to
233.64 595.764 14.688 10.8 the
253.92 595.764 57.348 10.8 institution’s
316.92 595.764 40.668 10.8 business
363.12 595.764 33 10.8 model,
401.76 595.764 37.32 10.8 funding
444.6 595.764 33 10.8 model,
483.24 595.764 17.28 10.8 and
506.16 595.764 18 10.8 risk

127.56 611.724 31.968 10.8 profile
163.32 611.724 41.256 10.8 pursuant
208.44 611.724 9.36 10.8 to
221.64 611.724 33.288 10.8 Article
258.72 611.724 9 10.8 4,
271.56 611.724 21 10.8 that,
296.4 611.724 77.16 10.8 notwithstanding
377.28 611.724 14.6892 10.8 the
395.762 611.724 50.028 10.8 provisions
449.642 611.724 9.996 10.8 of
463.442 611.724 47.76 10.8 paragraph
515.042 611.724 9 10.8 3,

127.56 627.564 6.696 10.8 it
139.8 627.564 30 10.8 would
175.32 627.564 11.328 10.8 be
192.24 627.564 37.248 10.8 feasible
235.08 627.564 17.4 10.8 and
258 627.564 38.688 10.8 credible
302.16 627.564 14.076 10.8 for
321.72 627.564 11.976 10.8 all
339.241 627.564 10.1148 10.8 or
354.841 627.564 18.696 10.8 part
379.081 627.564 9.996 10.8 of
394.681 627.564 17.52 10.8 any
417.481 627.564 47.976 10.8 additional
471.001 627.564 20.88 10.8 own
497.401 627.564 26.628 10.8 funds

127.56 643.404 57.816 10.8 requirement
189.12 643.404 10.116 10.8 or
202.92 643.404 29.316 10.8 buffer
236.04 643.404 62.628 10.8 requirements
302.4 643.404 43.56 10.8 currently
349.44 643.404 49.368 10.8 applicable
402.48 643.404 9.36 10.8 to
415.56 643.404 14.688 10.8 the
434.04 643.404 27.48 10.8 entity
465.12 643.404 15.336 10.8 not
484.2 643.404 9.36 10.8 to
497.28 643.404 27 10.8 apply

127.56 659.244 21.876 10.8 after
155.76 659.244 75.36 10.8 implementation
237.48 659.244 9.996 10.8 of
253.92 659.244 14.688 10.8 the
274.92 659.244 48 10.8 resolution
329.28 659.244 40.9188 10.8 strategy.
376.799 659.244 9.7212 10.8 In
392.88 659.244 17.388 10.8 this
416.64 659.244 20.688 10.8 case
443.64 659.244 17.976 10.8 that
468 659.244 18.696 10.8 part
493.08 659.244 9.996 10.8 of
509.4 659.244 14.688 10.8 the

127.56 675.204 57.816 10.8 requirement
196.2 675.204 20.88 10.8 may
227.52 675.204 11.448 10.8 be
249.72 675.204 55.8 10.8 disregarded
316.32 675.204 14.076 10.8 for
341.16 675.204 14.688 10.8 the
366.6 675.204 42.588 10.8 purposes
420 675.204 9.996 10.8 of
440.76 675.204 57.96 10.8 determining
509.4 675.204 14.688 10.8 the

127.56 691.044 73.2 10.8 recapitalisation
203.76 691.044 39 10.8 amount.

85.08 712.884 15 10.8 11.

127.56 712.884 18.648 10.8 The
150 712.884 53.376 10.8 assessment
207.24 712.884 37.9188 10.8 referred
249.239 712.884 9.36 10.8 to
262.439 712.884 9.36 10.8 in
275.639 712.884 47.88 10.8 paragraph
327.479 712.884 6 10.8 7
337.319 712.884 22.656 10.8 shall
363.839 712.884 20.088 10.8 take
387.838 712.884 37.176 10.8 account
428.998 712.884 9.996 10.8 of
442.918 712.884 31.896 10.8 capital
478.798 712.884 45.228 10.8 resources

127.56 728.724 9.36 10.8 in
140.76 728.724 24.636 10.8 other
169.2 728.724 27.84 10.8 group
201 728.724 34.668 10.8 entities
239.52 728.724 29.28 10.8 which
272.64 728.724 30 10.8 would
306.48 728.724 39.48 10.8 credibly
349.56 728.724 17.2812 10.8 and
370.8 728.724 38.16 10.8 feasibly
412.56 728.724 11.328 10.8 be
427.68 728.724 43.368 10.8 available
474.84 728.724 9.36 10.8 to
488.04 728.724 35.976 10.8 support

127.56 744.684 33.216 10.8 market
163.8 744.684 52.608 10.8 confidence
219.36 744.684 9.36 10.8 in
231.72 744.684 14.688 10.8 the
249.48 744.684 27.48 10.8 entity
279.72 744.684 46.8 10.8 following
329.4 744.684 51.12 10.8 resolution,
383.52 744.684 9.36 10.8 in
395.88 744.684 14.688 10.8 the
413.52 744.684 20.568 10.8 case
437.04 744.684 9.996 10.8 of
450 744.684 14.808 10.8 the
467.76 744.684 49.896 10.8 following:

127.56 766.404 13.236 10.8 (e)
155.88 766.404 36.708 10.8 Entities
195.6 766.404 29.28 10.8 which
227.88 766.404 14.568 10.8 are
245.4 766.404 56.748 10.8 subsidiaries
305.16 766.404 9.996 10.8 of
318.12 766.404 5.328 10.8 a
326.52 766.404 27.96 10.8 group
357.48 766.404 33.936 10.8 subject
394.44 766.404 9.48 10.8 to
406.92 766.404 5.328 10.8 a
415.2 766.404 60.6 10.8 consolidated
478.8 766.404 36.576 10.8 MREL;

85.08 37.8787 11.9675 7.54956 RTS
98.8782 37.8787 10.4737 7.54956 ON
111.119 37.8787 18.4944 7.54956 MREL

513.001 782.984 11.2387 10.3666 21

127.56 116.004 11.916 10.8 (f)
155.88 116.004 36.708 10.8 Entities
196.92 116.004 29.28 10.8 which
230.52 116.004 41.328 10.8 continue
276.12 116.004 9.36 10.8 to
289.8 116.004 23.976 10.8 fulfil
318.12 116.004 24.696 10.8 point
347.16 116.004 13.236 10.8 (a)
364.68 116.004 46.68 10.8 following
415.56 116.004 75.36 10.8 implementation
495.24 116.004 9.996 10.8 of
509.52 116.004 14.688 10.8 the

155.88 129.804 43.8 10.8 preferred
202.801 129.804 48 10.8 resolution
253.801 129.804 41.2572 10.8 strategy;

127.56 149.604 13.956 10.8 (g)
155.88 149.604 36.708 10.8 Entities
197.4 149.604 29.28 10.8 which
231.48 149.604 30 10.8 would
266.28 149.604 15.456 10.8 not
286.56 149.604 11.328 10.8 be
302.64 149.604 42.6 10.8 expected
350.04 149.604 9.3612 10.8 to
364.201 149.604 42.12 10.8 maintain
411.121 149.604 33.216 10.8 market
449.281 149.604 52.608 10.8 confidence
506.641 149.604 17.52 10.8 and

155.88 163.404 30.588 10.8 access
191.28 163.404 9.36 10.8 to
205.44 163.404 37.44 10.8 funding
247.56 163.404 12 10.8 on
264.48 163.404 11.28 10.8 an
280.68 163.404 48.696 10.8 individual
334.2 163.404 23.988 10.8 basis
363 163.404 46.68 10.8 following
414.36 163.404 75.3612 10.8 implementation
494.521 163.404 9.996 10.8 of
509.401 163.404 14.688 10.8 the

155.88 177.204 43.8 10.8 preferred
202.801 177.204 48 10.8 resolution
253.801 177.204 40.9188 10.8 strategy.

85.08 197.124 15 10.8 12.

127.56 197.124 31.968 10.8 Where
165 197.124 14.688 10.8 the
185.16 197.124 30.96 10.8 assets,
221.64 197.124 44.748 10.8 liabilities
271.92 197.124 9.9972 10.8 or
287.4 197.124 40.668 10.8 business
333.6 197.124 22.668 10.8 lines
361.8 197.124 9.996 10.8 of
377.28 197.124 14.688 10.8 the
397.44 197.124 48.84 10.8 institution
451.8 197.124 14.568 10.8 are
471.84 197.124 9.36 10.8 to
486.72 197.124 11.208 10.8 be
503.4 197.124 20.736 10.8 split

127.56 212.964 39.84 10.8 between
175.92 212.964 24.648 10.8 more
208.92 212.964 20.76 10.8 than
238.08 212.964 17.448 10.8 one
263.88 212.964 27.6 10.8 entity
299.64 212.964 46.8 10.8 following
354.721 212.964 75.48 10.8 implementation
438.601 212.964 9.996 10.8 of
456.961 212.964 14.688 10.8 the
480.121 212.964 43.92 10.8 preferred

127.56 228.804 48 10.8 resolution
179.4 228.804 40.92 10.8 strategy,
224.28 228.804 49.188 10.8 references
277.44 228.804 9.36 10.8 to
290.64 228.804 18 10.8 risk
312.6 228.804 43.368 10.8 exposure
359.76 228.804 40.788 10.8 amounts
404.4 228.804 17.28 10.8 and
425.52 228.804 32.016 10.8 capital
461.4 228.804 62.628 10.8 requirements

127.56 244.764 9.36 10.8 in
143.64 244.764 17.388 10.8 this
167.64 244.764 33.288 10.8 Article
207.6 244.764 32.04 10.8 should
246.24 244.764 11.328 10.8 be
264.24 244.764 53.28 10.8 understood
324.24 244.764 9.948 10.8 as
340.92 244.764 14.688 10.8 the
362.28 244.764 46.488 10.8 aggregate
415.44 244.764 40.668 10.8 amounts
462.84 244.764 29.988 10.8 across
499.56 244.764 24.648 10.8 these

127.56 260.604 37.68 10.8 entities.

301.8 314.124 32.688 10.8 Article
337.44 314.124 6 10.8 3

103.08 345.924 51.948 10.8 Exclusions
158.04 345.924 22.704 10.8 from
183.72 345.924 32.04 10.8 bail-in
218.76 345.924 10.668 10.8 or
232.44 345.924 32.736 10.8 partial
268.2 345.924 38.028 10.8 transfer
309.24 345.924 28.56 10.8 which
340.8 345.924 16.008 10.8 are
359.76 345.924 12 10.8 an
374.76 345.924 55.896 10.8 impediment
433.68 345.924 9.36 10.8 to
446.04 345.924 60.168 10.8 resolvability

85.08 365.844 9 10.8 1.

127.56 365.844 18.648 10.8 The
150.6 365.844 48.12 10.8 resolution
203.16 365.844 43.44 10.8 authority
250.92 365.844 22.656 10.8 shall
278.04 365.844 37.56 10.8 identify
319.8 365.844 17.52 10.8 any
341.64 365.844 23.268 10.8 class
369.48 365.844 9.996 10.8 of
383.88 365.844 37.56 10.8 liability
425.76 365.844 29.28 10.8 which
459.48 365.844 8.028 10.8 is
472.08 365.844 52.2 10.8 reasonably

127.56 381.684 27.48 10.8 likely
158.88 381.684 9.36 10.8 to
172.32 381.684 11.328 10.8 be
187.8 381.684 22.8 10.8 fully
214.44 381.684 10.116 10.8 or
228.6 381.684 40.2 10.8 partially
272.64 381.684 43.32 10.8 excluded
320.04 381.684 23.376 10.8 from
347.52 381.684 31.44 10.8 bail-in
383.04 381.684 27.276 10.8 under
414.36 381.684 33.288 10.8 Article
451.8 381.684 25.956 10.8 44(2)
481.8 381.684 10.116 10.8 or
496.08 381.684 13.956 10.8 (3)
514.08 381.684 9.996 10.8 of

127.56 397.644 44.568 10.8 Directive
176.4 397.644 61.68 10.8 2014/59/EU,
242.4 397.644 9.996 10.8 or
256.68 397.644 51.84 10.8 transferred
312.84 397.644 9.36 10.8 to
326.52 397.644 5.328 10.8 a
336.12 397.644 41.976 10.8 recipient
382.44 397.644 9.36 10.8 in
396.12 397.644 16.656 10.8 full
417 397.644 26.04 10.8 using
447.24 397.644 24.636 10.8 other
476.16 397.644 48 10.8 resolution

127.56 413.484 23.388 10.8 tools
153.96 413.484 27.24 10.8 based
184.2 413.484 12 10.8 on
199.2 413.484 14.688 10.8 the
216.84 413.484 48.12 10.8 resolution
267.96 413.484 23.64 10.8 plan.

85.08 435.324 9 10.8 2.

127.56 435.324 7.836 10.8 If
141.48 435.324 17.52 10.8 any
164.76 435.324 37.56 10.8 liability
208.08 435.324 29.28 10.8 which
243.36 435.324 41.388 10.8 qualifies
290.76 435.324 13.956 10.8 for
310.68 435.324 44.0412 10.8 inclusion
360.721 435.324 9.36 10.8 in
376.08 435.324 33.4908 10.8 MREL
415.32 435.324 8.028 10.8 is
429.359 435.324 45.96 10.8 identified
481.319 435.324 9.948 10.8 as
497.399 435.324 26.76 10.8 being

127.56 451.164 51.48 10.8 potentially
184.68 451.164 22.92 10.8 fully
213.24 451.164 9.996 10.8 or
229.08 451.164 40.32 10.8 partially
275.04 451.164 43.32 10.8 excluded
324.24 451.164 41.376 10.8 pursuant
371.52 451.164 9.36 10.8 to
386.76 451.164 47.88 10.8 paragraph
440.52 451.164 9 10.8 1,
455.4 451.164 14.688 10.8 the
476.04 451.164 48.12 10.8 resolution

127.56 467.124 43.44 10.8 authority
177.48 467.124 22.656 10.8 shall
206.88 467.124 31.248 10.8 ensure
244.8 467.124 17.976 10.8 that
269.52 467.124 14.688 10.8 the
290.88 467.124 33.372 10.8 MREL
330.72 467.124 8.028 10.8 is
345.48 467.124 45.216 10.8 sufficient
397.44 467.124 13.956 10.8 for
418.08 467.124 42.588 10.8 purposes
467.4 467.124 9.996 10.8 of
484.08 467.124 14.688 10.8 the
505.44 467.124 18.708 10.8 loss

127.56 482.964 50.64 10.8 absorption
181.56 482.964 35.976 10.8 amount
220.92 482.964 54.12 10.8 determined
278.4 482.964 41.256 10.8 pursuant
323.04 482.964 9.36 10.8 to
335.76 482.964 33.408 10.8 Article
372.48 482.964 6 10.8 1
381.84 482.964 17.28 10.8 and
402.6 482.964 13.956 10.8 for
420 482.964 46.68 10.8 achieving
470.04 482.964 14.688 10.8 the
488.16 482.964 35.976 10.8 amount

127.56 498.804 9.996 10.8 of
144.6 498.804 73.32 10.8 recapitalisation
225 498.804 54.12 10.8 determined
286.2 498.804 41.256 10.8 pursuant
334.56 498.804 9.36 10.8 to
351.12 498.804 33.408 10.8 Article
391.56 498.804 6 10.8 2
404.76 498.804 36.696 10.8 without
448.56 498.804 24.648 10.8 write
480.24 498.804 26.76 10.8 down
514.08 498.804 9.996 10.8 or

127.56 514.644 52.56 10.8 conversion
183.12 514.644 9.996 10.8 of
196.08 514.644 25.368 10.8 those
224.4 514.644 47.88 10.8 liabilities.

85.08 536.604 9 10.8 3.

127.56 536.604 18.648 10.8 The
155.88 536.604 48 10.8 resolution
213.6 536.604 43.44 10.8 authority
266.4 536.604 22.776 10.8 shall
298.92 536.604 47.928 10.8 determine
356.52 536.604 38.556 10.8 whether
404.76 536.604 44.748 10.8 liabilities
459.24 536.604 45.84 10.8 identified
514.8 536.604 9.36 10.8 in

127.56 552.444 53.928 10.8 accordance
186.48 552.444 21.36 10.8 with
212.88 552.444 48.12 10.8 paragraph
266.04 552.444 9 10.8 1,
280.08 552.444 21.24 10.8 rank
306.48 552.444 35.52 10.8 equally
346.8 552.444 9.996 10.8 or
361.8 552.444 28.836 10.8 junior
395.64 552.444 9.36 10.8 in
410.04 552.444 14.688 10.8 the
429.72 552.444 52.2 10.8 insolvency
486.84 552.444 37.356 10.8 creditor

127.56 568.284 45.48 10.8 hierarchy
178.2 568.284 9.36 10.8 to
192.96 568.284 17.52 10.8 any
215.76 568.284 23.268 10.8 class
244.68 568.284 9.996 10.8 of
260.04 568.284 37.5588 10.8 liability
302.759 568.284 29.4012 10.8 which
337.56 568.284 41.388 10.8 qualifies
384.36 568.284 13.956 10.8 for
403.68 568.284 44.16 10.8 inclusion
453.24 568.284 9.36 10.8 in
468 568.284 33.492 10.8 MREL
506.76 568.284 17.28 10.8 and

127.56 584.124 38.556 10.8 whether
169.56 584.124 14.688 10.8 the
187.8 584.124 35.976 10.8 amount
227.28 584.124 9.996 10.8 of
240.72 584.124 44.7468 10.8 liabilities
288.959 584.124 45.96 10.8 identified
338.399 584.124 26.028 10.8 totals
367.919 584.124 24.648 10.8 more
395.999 584.124 20.64 10.8 than
420.119 584.124 21.996 10.8 10%
445.559 584.124 9.996 10.8 of
459.119 584.124 17.52 10.8 any
479.879 584.124 17.448 10.8 one
500.759 584.124 23.268 10.8 class

127.56 599.964 9.996 10.8 of
140.52 599.964 44.748 10.8 liabilities
188.28 599.964 29.28 10.8 which
220.56 599.964 25.908 10.8 ranks
249.6 599.964 35.4 10.8 equally
287.76 599.964 9.36 10.8 in
300.12 599.964 54.96 10.8 insolvency.

121.08 621.924 31.968 10.8 Where
157.2 621.924 14.688 10.8 the
176.16 621.924 50.028 10.8 conditions
230.4 621.924 9.996 10.8 of
244.68 621.924 14.688 10.8 the
263.52 621.924 64.68 10.8 subparagraph
332.52 621.924 28.608 10.8 above
365.4 621.924 14.688 10.8 are
384.24 621.924 21 10.8 met,
409.56 621.924 14.6868 10.8 the
428.4 621.924 48.12 10.8 resolution
480.839 621.924 43.44 10.8 authority

121.08 637.764 22.656 10.8 shall
152.52 637.764 29.268 10.8 assess
190.68 637.764 38.556 10.8 whether
238.08 637.764 14.808 10.8 the
261.6 637.764 22.68 10.8 need
293.04 637.764 9.36 10.8 to
311.28 637.764 31.92 10.8 absorb
351.96 637.764 28.788 10.8 losses
389.52 637.764 17.28 10.8 and
415.56 637.764 9.36 10.8 to
433.8 637.764 48.648 10.8 contribute
491.28 637.764 9.3588 10.8 to
509.399 637.764 14.688 10.8 the

121.08 653.604 73.2 10.8 recapitalisation
199.2 653.604 29.28 10.8 which
233.4 653.604 30.12 10.8 would
268.44 653.604 11.328 10.8 be
284.64 653.604 27.288 10.8 borne
316.8 653.604 12.12 10.8 by
333.48 653.604 14.808 10.8 the
353.16 653.604 56.028 10.8 instruments
414.12 653.604 37.8 10.8 referred
456.84 653.604 9.36 10.8 to
471.12 653.604 9.36 10.8 in
485.28 653.604 14.688 10.8 the
504.84 653.604 19.296 10.8 first

121.08 669.444 64.56 10.8 subparagraph
189.48 669.444 23.328 10.8 were
216.6 669.444 20.88 10.8 they
241.2 669.444 15.336 10.8 not
260.4 669.444 43.32 10.8 excluded
307.56 669.444 23.256 10.8 from
334.68 669.444 34.32 10.8 bail-in,
372.84 669.444 16.56 10.8 can
393.24 669.444 11.328 10.8 be
408.36 669.444 39.96 10.8 satisfied
452.16 669.444 12.24 10.8 by
468 669.444 56.148 10.8 instruments

121.08 685.404 29.28 10.8 which
153.6 685.404 34.2 10.8 qualify
190.92 685.404 13.956 10.8 for
208.2 685.404 44.04 10.8 inclusion
255.48 685.404 9.36 10.8 in
268.08 685.404 36.24 10.8 MREL,
307.68 685.404 17.28 10.8 and
328.32 685.404 14.688 10.8 are
346.2 685.404 15.336 10.8 not
364.92 685.404 43.32 10.8 excluded
411.48 685.404 23.256 10.8 from
438.12 685.404 18.708 10.8 loss
460.08 685.404 50.76 10.8 absorption
514.08 685.404 9.996 10.8 or

121.08 701.244 73.2 10.8 recapitalisation
197.76 701.244 36.696 10.8 without
238.08 701.244 47.28 10.8 breaching
288.84 701.244 14.688 10.8 the
306.96 701.244 37.356 10.8 creditor
347.76 701.244 51.348 10.8 safeguards
402.72 701.244 42.6 10.8 provided
448.8 701.244 9.36 10.8 in
461.76 701.244 33.408 10.8 Article
498.6 701.244 12 10.8 73
514.08 701.244 9.996 10.8 of

121.08 717.084 44.568 10.8 Directive
168.6 717.084 61.68 10.8 2014/59/EU.

85.08 37.8787 11.9675 7.54956 RTS
98.8782 37.8787 10.4737 7.54956 ON
111.119 37.8787 18.4944 7.54956 MREL

513.001 782.984 11.2387 10.3666 22

85.08 116.124 9 10.8 4.

127.56 116.124 18.648 10.8 The
152.04 116.124 48 10.8 resolution
205.92 116.124 43.56 10.8 authority
255.24 116.124 22.656 10.8 shall
283.8 116.124 47.256 10.8 document
336.96 116.124 17.52 10.8 any
360.12 116.124 62.52 10.8 assumptions,
428.52 116.124 49.308 10.8 valuations
483.72 116.124 9.876 10.8 or
499.44 116.124 24.636 10.8 other

127.56 131.964 56.64 10.8 information
189.48 131.964 21.96 10.8 used
216.72 131.964 9.36 10.8 to
231.48 131.964 48.048 10.8 determine
284.76 131.964 17.976 10.8 that
308.04 131.964 14.808 10.8 the
328.08 131.964 33.492 10.8 MREL
366.84 131.964 27.948 10.8 meets
400.08 131.964 14.688 10.8 the
420.12 131.964 50.028 10.8 conditions
475.44 131.964 13.296 10.8 set
494.04 131.964 15.336 10.8 out
514.68 131.964 9.36 10.8 in

127.56 147.804 47.88 10.8 paragraph
178.44 147.804 9 10.8 3.

283.8 181.644 32.688 10.8 Article
319.44 181.644 6 10.8 4

191.4 213.444 41.988 10.8 Business
236.4 213.444 32.28 10.8 model,
271.68 213.444 36.72 10.8 funding
311.4 213.444 29.256 10.8 model
343.68 213.444 18 10.8 and
364.68 213.444 18.048 10.8 risk
385.68 213.444 32.088 10.8 profile

85.08 233.364 9 10.8 1.

127.56 233.364 16.596 10.8 For
147.24 233.364 42.7092 10.8 purposes
193.081 233.364 10.116 10.8 of
206.281 233.364 33.408 10.8 Article
242.761 233.364 39.996 10.8 45(6)(d)
285.961 233.364 9.996 10.8 of
299.041 233.364 44.6868 10.8 Directive
346.92 233.364 61.8 10.8 2014/59/EU,
411.84 233.364 14.688 10.8 the
429.6 233.364 48 10.8 resolution
480.84 233.364 43.56 10.8 authority

127.56 249.204 22.656 10.8 shall
153.72 249.204 19.968 10.8 take
177.12 249.204 18.72 10.8 into
199.32 249.204 37.176 10.8 account
240 249.204 56.52 10.8 information
300 249.204 40.56 10.8 received
344.04 249.204 23.256 10.8 from
370.8 249.204 14.6892 10.8 the
388.92 249.204 49.896 10.8 competent
442.32 249.204 46.2 10.8 authority,
492 249.204 9.948 10.8 as
505.44 249.204 18.576 10.8 part

127.56 265.044 9.996 10.8 of
140.76 265.044 14.688 10.8 the
158.64 265.044 58.68 10.8 consultation
220.56 265.044 39.96 10.8 required
263.76 265.044 12.12 10.8 by
279 265.044 33.288 10.8 Article
315.48 265.044 26.076 10.8 45(6)
344.76 265.044 9.996 10.8 of
357.96 265.044 44.688 10.8 Directive
405.84 265.044 61.68 10.8 2014/59/EU,
470.76 265.044 5.328 10.8 a
479.28 265.044 45.0012 10.8 summary

127.56 280.884 17.28 10.8 and
148.08 280.884 56.04 10.8 explanation
207.36 280.884 9.996 10.8 of
220.56 280.884 14.688 10.8 the
238.56 280.884 46.068 10.8 outcomes
287.88 280.884 9.996 10.8 of
301.08 280.884 14.688 10.8 the
319.08 280.884 56.16 10.8 supervisory
378.36 280.884 32.664 10.8 review
414.24 280.884 17.28 10.8 and
434.88 280.884 50.04 10.8 evaluation
488.16 280.884 35.8668 10.8 process

127.56 296.844 49.2 10.8 conducted
183.96 296.844 41.376 10.8 pursuant
232.56 296.844 9.36 10.8 to
249.12 296.844 33.288 10.8 Article
289.56 296.844 12 10.8 97
308.76 296.844 9.996 10.8 of
325.92 296.844 44.688 10.8 Directive
377.88 296.844 58.704 10.8 2013/36/EU
443.76 296.844 17.28 10.8 and
468.24 296.844 30 10.8 taking
505.32 296.844 18.72 10.8 into

127.56 312.684 40.2 10.8 account,
173.4 312.684 9.36 10.8 in
188.52 312.684 53.928 10.8 accordance
248.16 312.684 21.36 10.8 with
275.16 312.684 33.288 10.8 Article
314.04 312.684 26.076 10.8 16(3)
345.72 312.684 9.996 10.8 of
361.32 312.684 52.8 10.8 Regulation
419.76 312.684 23.916 10.8 (EU)
449.4 312.684 14.64 10.8 No
469.68 312.684 54.48 10.8 1093/2010,

127.56 328.524 51.948 10.8 Guidelines
182.88 328.524 13.956 10.8 for
200.28 328.524 42 10.8 common
245.76 328.524 52.548 10.8 procedures
301.68 328.524 17.28 10.8 and
322.44 328.524 70.668 10.8 methodologies
396.6 328.524 13.956 10.8 for
413.88 328.524 14.808 10.8 the
432 328.524 56.28 10.8 supervisory
491.52 328.524 32.544 10.8 review

127.56 344.364 17.28 10.8 and
148.32 344.364 50.04 10.8 evaluation
201.84 344.364 35.988 10.8 process
241.32 344.364 36.876 10.8 (SREP)
281.64 344.364 90 10.8 (EBA/GL/2014/13
375.12 344.364 30 10.8 issued
408.6 344.364 12.24 10.8 by
424.08 344.364 14.6868 10.8 the
442.32 344.364 24.024 10.8 EBA
469.799 344.364 41.376 10.8 pursuant
514.679 344.364 9.36 10.8 to

127.56 360.324 33.288 10.8 Article
163.8 360.324 31.956 10.8 107(3)
198.72 360.324 10.116 10.8 of
211.8 360.324 17.976 10.8 that
232.8 360.324 47.64 10.8 Directive,
283.44 360.324 17.28 10.8 and
303.72 360.324 9.36 10.8 in
316.08 360.324 49.296 10.8 particular:

127.56 382.044 13.236 10.8 (a)
155.88 382.044 5.328 10.8 a
164.52 382.044 44.76 10.8 summary
212.4 382.044 9.996 10.8 of
225.72 382.044 14.688 10.8 the
243.72 382.044 53.376 10.8 assessment
300.48 382.044 9.996 10.8 of
313.8 382.044 21.84 10.8 each
339 382.044 9.996 10.8 of
352.32 382.044 14.688 10.8 the
370.32 382.044 40.548 10.8 business
414.24 382.044 33 10.8 model,
450.6 382.044 37.32 10.8 funding
491.16 382.044 33 10.8 model,

155.88 395.844 17.28 10.8 and
176.16 395.844 33.216 10.8 overall
212.4 395.844 18 10.8 risk
233.4 395.844 32.088 10.8 profile
268.44 395.844 9.996 10.8 of
281.52 395.844 14.688 10.8 the
299.16 395.844 52.176 10.8 institution;

127.56 415.644 13.956 10.8 (b)
155.88 415.644 5.328 10.8 a
165.96 415.644 44.88 10.8 summary
215.4 415.644 9.996 10.8 of
230.16 415.644 14.688 10.8 the
249.72 415.644 53.376 10.8 assessment
307.92 415.644 9.996 10.8 of
322.68 415.644 38.556 10.8 whether
366.12 415.644 32.016 10.8 capital
402.961 415.644 17.28 10.8 and
425.041 415.644 40.9188 10.8 liquidity
470.401 415.644 20.76 10.8 held
495.961 415.644 12.12 10.8 by
512.761 415.644 11.28 10.8 an

155.88 429.444 48.84 10.8 institution
208.32 429.444 31.248 10.8 ensure
243.24 429.444 28.68 10.8 sound
275.64 429.444 43.248 10.8 coverage
322.56 429.444 9.996 10.8 of
336.24 429.444 14.688 10.8 the
354.6 429.444 22.668 10.8 risks
381 429.444 27.96 10.8 posed
412.68 429.444 12.12 10.8 by
428.28 429.444 14.688 10.8 the
446.64 429.444 40.668 10.8 business
491.04 429.444 33.12 10.8 model,

155.88 443.244 37.32 10.8 funding
196.08 443.244 33 10.8 model,
232.08 443.244 17.28 10.8 and
252.36 443.244 33.456 10.8 overall
288.84 443.244 18 10.8 risk
309.84 443.244 31.968 10.8 profile
344.76 443.244 9.996 10.8 of
357.72 443.244 14.688 10.8 the
375.36 443.244 52.176 10.8 institution;

127.56 463.044 13.236 10.8 (c)
155.88 463.044 56.64 10.8 information
219.12 463.044 12 10.8 on
237.72 463.044 20.664 10.8 how
264.96 463.044 22.548 10.8 risks
294.12 463.044 17.28 10.8 and
318 463.044 68.628 10.8 vulnerabilities
393.24 463.044 32.52 10.8 arising
432.24 463.044 23.256 10.8 from
462.12 463.044 14.688 10.8 the
483.36 463.044 40.668 10.8 business

155.88 476.844 33 10.8 model,
192.12 476.844 37.32 10.8 funding
232.56 476.844 33 10.8 model,
268.8 476.844 17.4 10.8 and
289.44 476.844 33.216 10.8 overall
325.92 476.844 18 10.8 risk
347.16 476.844 31.968 10.8 profile
382.32 476.844 9.996 10.8 of
395.64 476.844 14.688 10.8 the
413.52 476.844 48.84 10.8 institution
465.6 476.844 45.96 10.8 identified
514.8 476.844 9.2388 10.8 in

155.88 490.644 14.688 10.8 the
176.64 490.644 56.16 10.8 supervisory
238.799 490.644 32.5452 10.8 review
277.679 490.644 17.28 10.8 and
301.079 490.644 50.04 10.8 evaluation
357.239 490.644 35.988 10.8 process
399.478 490.644 14.568 10.8 are
420.236 490.644 44.88 10.8 reflected,
471.236 490.644 36.96 10.8 directly
514.076 490.644 10.116 10.8 or

155.88 504.444 48.84 10.8 indirectly,
208.44 504.444 9.36 10.8 in
221.52 504.444 14.688 10.8 the
240 504.444 47.976 10.8 additional
291.72 504.444 20.64 10.8 own
316.08 504.444 21.96 10.8 fund
341.76 504.444 62.748 10.8 requirements
408.24 504.444 35.28 10.8 applied
447.24 504.444 9.36 10.8 to
460.32 504.444 11.28 10.8 an
475.32 504.444 48.72 10.8 institution

155.88 518.244 41.256 10.8 pursuant
200.88 518.244 9.36 10.8 to
213.96 518.244 33.288 10.8 Article
250.92 518.244 35.04 10.8 104(1),
289.68 518.244 24.636 10.8 letter
318 518.244 16.32 10.8 (a),
338.04 518.244 9.996 10.8 of
351.72 518.244 44.808 10.8 Directive
400.2 518.244 58.704 10.8 2013/36/EU
462.6 518.244 27.24 10.8 based
493.56 518.244 12 10.8 on
509.28 518.244 14.808 10.8 the

155.88 532.044 45.948 10.8 outcomes
204.84 532.044 9.996 10.8 of
217.8 532.044 14.688 10.8 the
235.44 532.044 56.16 10.8 supervisory
294.48 532.044 32.544 10.8 review
330.12 532.044 17.28 10.8 and
350.4 532.044 50.04 10.8 evaluation
403.44 532.044 39.216 10.8 process;

127.56 551.844 13.956 10.8 (d)
155.88 551.844 56.64 10.8 information
218.04 551.844 12 10.8 on
235.56 551.844 24.636 10.8 other
265.68 551.844 48.696 10.8 prudential
319.92 551.844 62.508 10.8 requirements
387.96 551.844 35.4 10.8 applied
428.88 551.844 9.36 10.8 to
443.76 551.844 11.2812 10.8 an
460.561 551.844 48.84 10.8 institution
514.8 551.844 9.36 10.8 to

155.88 565.644 35.868 10.8 address
196.44 565.644 22.668 10.8 risks
223.8 565.644 17.28 10.8 and
245.76 565.644 68.748 10.8 vulnerabilities
319.2 565.644 32.64 10.8 arising
356.4 565.644 23.256 10.8 from
384.36 565.644 14.688 10.8 the
403.8 565.644 40.668 10.8 business
449.16 565.644 33 10.8 model,
486.84 565.644 37.32 10.8 funding

155.88 579.444 29.976 10.8 model
189.36 579.444 17.28 10.8 and
210.12 579.444 33.216 10.8 overall
246.84 579.444 18 10.8 risk
268.32 579.444 32.088 10.8 profile
303.84 579.444 9.996 10.8 of
317.28 579.444 14.688 10.8 the
335.4 579.444 48.84 10.8 institution
387.72 579.444 45.8412 10.8 identified
437.041 579.444 9.36 10.8 in
449.881 579.444 14.688 10.8 the
468.001 579.444 56.28 10.8 supervisory

155.88 593.244 32.544 10.8 review
191.4 593.244 17.28 10.8 and
211.8 593.244 49.92 10.8 evaluation
264.72 593.244 39 10.8 process.

85.08 613.164 9 10.8 2.

127.56 613.164 18.648 10.8 The
151.44 613.164 56.64 10.8 information
213.36 613.164 37.92 10.8 referred
256.56 613.164 9.36 10.8 to
271.2 613.164 9.36 10.8 in
285.72 613.164 47.76 10.8 paragraph
338.76 613.164 6 10.8 1
350.04 613.164 22.776 10.8 shall
378.12 613.164 11.328 10.8 be
394.68 613.164 25.92 10.8 taken
425.88 613.164 18.72 10.8 into
449.88 613.164 37.176 10.8 account
492.24 613.164 12.12 10.8 by
509.28 613.164 14.808 10.8 the

127.56 629.004 48 10.8 resolution
179.52 629.004 43.44 10.8 authority
226.68 629.004 7.356 10.8 if
237.96 629.004 36 10.8 making
277.8 629.004 17.52 10.8 any
299.16 629.004 57.348 10.8 adjustments
360.48 629.004 9.36 10.8 to
373.8 629.004 14.688 10.8 the
392.4 629.004 33.216 10.8 default
429.6 629.004 18.708 10.8 loss
452.28 629.004 50.64 10.8 absorption
506.88 629.004 17.28 10.8 and

127.56 644.844 73.2 10.8 recapitalisation
203.88 644.844 43.68 10.8 amounts,
250.8 644.844 9.948 10.8 as
263.88 644.844 45.84 10.8 described
312.84 644.844 9.36 10.8 in
325.32 644.844 33.408 10.8 Article
361.8 644.844 20.076 10.8 1(5)
384.96 644.844 17.28 10.8 and
405.36 644.844 33.408 10.8 Article
441.84 644.844 28.92 10.8 2(10),
473.88 644.844 9.3612 10.8 in
486.481 644.844 25.236 10.8 order
514.801 644.844 9.36 10.8 to

127.56 660.684 31.248 10.8 ensure
163.56 660.684 18.096 10.8 that
186.48 660.684 14.688 10.8 the
206.039 660.684 39.96 10.8 adjusted
250.919 660.684 36.24 10.8 MREL,
292.079 660.684 52.2 10.8 adequately
348.959 660.684 35.268 10.8 reflects
389.04 660.684 22.668 10.8 risks
416.64 660.684 42.72 10.8 affecting
464.04 660.684 60.24 10.8 resolvability

127.56 676.644 32.64 10.8 arising
165.84 676.644 23.256 10.8 from
194.76 676.644 14.808 10.8 the
215.16 676.644 57.468 10.8 institution’s
278.28 676.644 40.668 10.8 business
324.6 676.644 33 10.8 model,
363.36 676.644 37.44 10.8 funding
406.32 676.644 32.088 10.8 profile
444.12 676.644 17.28 10.8 and
467.04 676.644 33.456 10.8 overall
506.16 676.644 18 10.8 risk

127.56 692.484 34.92 10.8 profile.
165.72 692.484 39.456 10.8 Without
208.44 692.484 44.568 10.8 prejudice
256.2 692.484 9.36 10.8 to
268.8 692.484 14.688 10.8 the
286.68 692.484 50.28 10.8 possibility
339.96 692.484 9.996 10.8 of
353.28 692.484 44.16 10.8 adjusting
400.56 692.484 14.688 10.8 the
418.44 692.484 36.36 10.8 MREL,
458.04 692.484 14.688 10.8 the
476.04 692.484 48.12 10.8 resolution

127.56 708.324 43.44 10.8 authority
175.8 708.324 22.776 10.8 shall
203.64 708.324 36.648 10.8 provide
245.28 708.324 14.808 10.8 the
265.08 708.324 49.896 10.8 competent
320.16 708.324 43.44 10.8 authority
368.64 708.324 21.36 10.8 with
395.04 708.324 5.328 10.8 a
405.36 708.324 42.6 10.8 reasoned
453.12 708.324 56.04 10.8 explanation
514.2 708.324 9.996 10.8 of

127.56 724.164 20.664 10.8 how
151.2 724.164 17.388 10.8 this
171.6 724.164 56.64 10.8 information
231.24 724.164 15.948 10.8 has
250.2 724.164 22.56 10.8 been
275.76 724.164 25.92 10.8 taken
304.68 724.164 18.72 10.8 into
326.4 724.164 37.296 10.8 account
366.72 724.164 9.48 10.8 in
379.2 724.164 17.4 10.8 any
399.36 724.164 22.08 10.8 such
424.44 724.164 55.68 10.8 adjustment.

85.08 746.124 9 10.8 3.

127.56 746.124 9.84 10.8 In
143.52 746.124 14.808 10.8 the
164.4 746.124 20.688 10.8 case
191.16 746.124 9.996 10.8 of
207.36 746.124 11.28 10.8 an
224.88 746.124 27.36 10.8 entity
258.24 746.124 10.116 10.8 or
274.56 746.124 27.84 10.8 group
308.52 746.124 29.4 10.8 which
344.04 746.124 8.0292 10.8 is
358.2 746.124 34.0572 10.8 subject
398.4 746.124 9.36 10.8 to
413.88 746.124 31.896 10.8 capital
452.04 746.124 17.28 10.8 and
475.44 746.124 48.696 10.8 prudential

127.56 761.964 62.508 10.8 requirements
198.48 761.964 41.376 10.8 pursuant
248.4 761.964 9.36 10.8 to
266.16 761.964 52.56 10.8 Regulation
327.24 761.964 23.916 10.8 (EU)
359.64 761.964 14.76 10.8 No
382.8 761.964 45.36 10.8 648/2012
436.56 761.964 9.996 10.8 of
454.92 761.964 14.688 10.8 the
478.08 761.964 45.96 10.8 European

85.08 37.8787 11.9675 7.54956 RTS
98.8782 37.8787 10.4737 7.54956 ON
111.119 37.8787 18.4944 7.54956 MREL

513.001 782.984 11.2387 10.3666 23

127.56 116.364 51.936 10.8 Parliament
183.12 116.364 17.28 10.8 and
204.12 116.364 9.996 10.8 of
217.68 116.364 14.808 10.8 the
236.04 116.364 38.136 10.8 Council
274.68 115.121 3.52872 6.53544 5
281.16 116.364 9.996 10.8 or
294.72 116.364 52.68 10.8 Regulation
351.12 116.364 23.916 10.8 (EU)
378.72 116.364 14.64 10.8 No
396.96 116.364 45.36 10.8 909/2014
446.04 116.364 9.996 10.8 of
459.6 116.364 14.808 10.8 the
477.96 116.364 46.08 10.8 European

127.56 132.564 51.936 10.8 Parliament
183.36 132.564 17.28 10.8 and
204.48 132.564 9.996 10.8 of
218.28 132.564 14.688 10.8 the
236.76 132.564 38.016 10.8 Council
275.28 131.321 3.52872 6.53544 6
278.76 132.564 3 10.8 ,
285.6 132.564 21.48 10.8 only
310.68 132.564 32.016 10.8 capital
346.56 132.564 62.628 10.8 requirements
413.04 132.564 41.256 10.8 pursuant
458.16 132.564 9.36 10.8 to
471.36 132.564 52.68 10.8 Regulation

127.56 148.524 23.916 10.8 (EU)
156.24 148.524 14.64 10.8 No
175.68 148.524 45.36 10.8 575/2013
225.84 148.524 17.28 10.8 and
248.04 148.524 44.568 10.8 Directive
297.36 148.524 58.704 10.8 2013/36/EU
360.84 148.524 32.16 10.8 should
397.8 148.524 11.328 10.8 be
413.88 148.524 25.9212 10.8 taken
444.601 148.524 18.72 10.8 into
468.121 148.524 37.296 10.8 account
510.241 148.524 13.956 10.8 for

127.56 164.484 44.64 10.8 assessing
175.56 164.484 14.688 10.8 the
193.56 164.484 33.336 10.8 default
230.28 164.484 18.708 10.8 loss
252.48 164.484 50.64 10.8 absorption
306.48 164.484 17.28 10.8 and
327.24 164.484 73.44 10.8 recapitalisation
404.04 164.484 62.508 10.8 requirements
469.92 164.484 41.496 10.8 pursuant
514.8 164.484 9.36 10.8 to

127.56 180.324 33.288 10.8 Article
165.36 180.324 6 10.8 1
175.92 180.324 17.28 10.8 and
197.76 180.324 33.288 10.8 Article
235.56 180.324 9 10.8 2.
249.12 180.324 18.648 10.8 The
272.28 180.324 48 10.8 resolution
324.84 180.324 43.44 10.8 authority
372.72 180.324 20.76 10.8 may
397.8 180.324 28.656 10.8 adjust
431.04 180.324 14.688 10.8 the
450.24 180.324 18.708 10.8 loss
473.52 180.324 50.64 10.8 absorption

127.56 196.164 35.976 10.8 amount
166.8 196.164 9.36 10.8 to
179.4 196.164 19.968 10.8 take
202.56 196.164 37.176 10.8 account
243 196.164 10.116 10.8 of
256.32 196.164 37.248 10.8 feasible
296.76 196.164 17.28 10.8 and
317.4 196.164 38.568 10.8 credible
359.16 196.164 63.468 10.8 contributions
425.88 196.164 9.36 10.8 to
438.48 196.164 18.588 10.8 loss
460.32 196.164 50.64 10.8 absorption
514.2 196.164 9.996 10.8 or

127.56 212.004 73.2 10.8 recapitalisation
205.92 212.004 48.12 10.8 envisaged
259.2 212.004 12.12 10.8 by
276.24 212.004 37.368 10.8 specific
318.84 212.004 35.988 10.8 sources
360 212.004 39.96 10.8 required
405.12 212.004 12.24 10.8 by
422.28 212.004 52.6812 10.8 Regulation
480.121 212.004 24.036 10.8 (EU)
509.281 212.004 14.76 10.8 No

127.56 227.964 45.36 10.8 648/2012
175.92 227.964 9.996 10.8 or
188.88 227.964 52.56 10.8 Regulation
244.44 227.964 24.036 10.8 (EU)
271.44 227.964 14.64 10.8 No
289.08 227.964 51.36 10.8 909/2014..

85.08 249.804 9 10.8 4.

127.56 249.804 9.84 10.8 In
141.24 249.804 14.688 10.8 the
159.72 249.804 20.688 10.8 case
184.2 249.804 9.996 10.8 of
198 249.804 34.6668 10.8 entities
236.519 249.804 29.4 10.8 which
269.759 249.804 14.568 10.8 are
288.119 249.804 56.628 10.8 subsidiaries
348.599 249.804 9.996 10.8 of
362.399 249.804 5.328 10.8 a
371.639 249.804 27.84 10.8 group
403.319 249.804 33.936 10.8 subject
441.119 249.804 9.36 10.8 to
454.319 249.804 5.328 10.8 a
463.439 249.804 60.72 10.8 consolidated

127.56 265.644 36.24 10.8 MREL,
169.68 265.644 14.688 10.8 the
190.32 265.644 48 10.8 resolution
244.2 265.644 43.56 10.8 authority
293.4 265.644 20.88 10.8 may
320.04 265.644 37.368 10.8 exclude
363.24 265.644 23.376 10.8 from
392.52 265.644 11.388 10.8 its
409.8 265.644 53.256 10.8 assessment
468.96 265.644 9.996 10.8 of
484.801 265.644 14.808 10.8 the
505.442 265.644 18.708 10.8 loss

127.56 281.484 50.64 10.8 absorption
182.16 281.484 35.976 10.8 amount
222.12 281.484 17.28 10.8 and
243.36 281.484 73.2 10.8 recapitalisation
320.52 281.484 35.976 10.8 amount
360.48 281.484 17.52 10.8 any
381.72 281.484 29.316 10.8 buffer
414.96 281.484 29.28 10.8 which
448.2 281.484 8.028 10.8 is
460.2 281.484 13.296 10.8 set
477.48 281.484 21.6 10.8 only
502.8 281.484 12 10.8 on
518.76 281.484 5.328 10.8 a

127.56 297.444 60.6 10.8 consolidated
191.16 297.444 27 10.8 basis.

85.08 319.284 9 10.8 5.

127.56 319.284 31.968 10.8 Where
162.96 319.284 11.28 10.8 an
177.84 319.284 43.44 10.8 authority
224.52 319.284 24.756 10.8 other
252.84 319.284 20.64 10.8 than
276.96 319.284 14.688 10.8 the
295.08 319.284 50.016 10.8 competent
348.6 319.284 43.56 10.8 authority
395.4 319.284 15.948 10.8 has
414.96 319.284 22.56 10.8 been
441.119 319.284 51.3588 10.8 designated
495.958 319.284 9.948 10.8 as
509.398 319.284 14.688 10.8 the

127.56 335.124 54.648 10.8 responsible
187.92 335.124 43.44 10.8 authority
237 335.124 14.076 10.8 for
256.8 335.124 32.04 10.8 setting
294.48 335.124 14.688 10.8 the
314.88 335.124 73.296 10.8 countercyclical
393.96 335.124 29.196 10.8 buffer
428.88 335.124 21 10.8 rate,
455.64 335.124 14.688 10.8 the
476.04 335.124 48.24 10.8 resolution

127.56 350.964 43.44 10.8 authority
173.76 350.964 20.88 10.8 may
197.52 350.964 34.536 10.8 request
235.08 350.964 48.096 10.8 additional
286.2 350.964 56.64 10.8 information
345.84 350.964 23.256 10.8 from
372.12 350.964 14.688 10.8 the
389.76 350.964 51.24 10.8 designated
444 350.964 46.32 10.8 authority.

283.8 384.804 32.688 10.8 Article
319.44 384.804 6 10.8 5

252.12 416.604 19.368 10.8 Size
274.44 416.604 18 10.8 and
295.44 416.604 40.608 10.8 systemic
339 416.604 18.048 10.8 risk

85.08 436.524 9 10.8 1.

127.56 436.524 16.596 10.8 For
147.24 436.524 53.508 10.8 institutions
203.88 436.524 17.28 10.8 and
224.28 436.524 32.508 10.8 groups
259.92 436.524 29.28 10.8 which
292.32 436.524 22.608 10.8 have
318 436.524 22.56 10.8 been
343.68 436.524 51.24 10.8 designated
398.04 436.524 9.948 10.8 as
411.12 436.524 31.908 10.8 G-SIIs
446.16 436.524 9.996 10.8 or
459.24 436.524 31.908 10.8 O-SIIs
494.28 436.524 12.24 10.8 by
509.28 436.524 14.808 10.8 the

127.56 452.364 38.496 10.8 relevant
169.92 452.364 50.016 10.8 competent
223.8 452.364 53.76 10.8 authorities,
281.4 452.364 17.28 10.8 and
302.52 452.364 13.956 10.8 for
320.28 452.364 17.52 10.8 any
341.4 452.364 24.756 10.8 other
370.08 452.364 48.84 10.8 institution
422.76 452.364 29.28 10.8 which
455.88 452.364 14.688 10.8 the
474.36 452.364 49.776 10.8 competent

127.56 468.204 43.44 10.8 authority
173.88 468.204 9.996 10.8 or
186.96 468.204 14.688 10.8 the
204.72 468.204 48.12 10.8 resolution
255.96 468.204 43.44 10.8 authority
302.28 468.204 45.228 10.8 considers
350.64 468.204 52.2 10.8 reasonably
405.72 468.204 27.6 10.8 likely
436.08 468.204 9.36 10.8 to
448.56 468.204 22.0068 10.8 pose
473.639 468.204 5.328 10.8 a
482.04 468.204 42.048 10.8 systemic

127.56 484.044 18 10.8 risk
150.72 484.044 9.36 10.8 in
165.24 484.044 20.568 10.8 case
190.92 484.044 9.996 10.8 of
206.04 484.044 34.2 10.8 failure,
245.4 484.044 14.688 10.8 the
265.2 484.044 48 10.8 resolution
318.36 484.044 43.44 10.8 authority
366.6 484.044 25.8 10.8 shall,
397.56 484.044 29.208 10.8 where
431.88 484.044 57.6 10.8 appropriate,
494.76 484.044 29.268 10.8 assess

127.56 499.884 38.556 10.8 whether
171.72 499.884 14.688 10.8 the
192 499.884 33.492 10.8 MREL
230.88 499.884 8.028 10.8 is
244.56 499.884 45.336 10.8 sufficient
295.56 499.884 9.36 10.8 to
310.56 499.884 31.296 10.8 permit
347.52 499.884 14.688 10.8 the
367.8 499.884 62.508 10.8 requirements
435.96 499.884 13.2972 10.8 set
454.921 499.884 15.336 10.8 out
475.921 499.884 9.36 10.8 in
490.802 499.884 33.2868 10.8 Article

127.56 515.844 39.276 10.8 44(5)(a)
171.24 515.844 17.28 10.8 and
193.08 515.844 39.276 10.8 44(8)(a)
236.88 515.844 9.996 10.8 of
251.4 515.844 44.568 10.8 Directive
300.48 515.844 58.704 10.8 2014/59/EU
363.6 515.844 36.72 10.8 relating
404.76 515.844 9.36 10.8 to
418.56 515.844 5.328 10.8 a
428.4 515.844 58.68 10.8 contribution
491.52 515.844 9.3612 10.8 to
505.321 515.844 18.7068 10.8 loss

127.56 531.684 50.64 10.8 absorption
181.92 531.684 17.28 10.8 and
203.04 531.684 73.44 10.8 recapitalisation
280.2 531.684 12.12 10.8 by
295.92 531.684 14.688 10.8 the
314.4 531.684 48 10.8 resolution
366.12 531.684 45.36 10.8 financing
415.2 531.684 59.976 10.8 arrangement
478.92 531.684 30.12 10.8 would
512.76 531.684 11.328 10.8 be

127.56 547.524 21 10.8 met.

127.56 569.364 16.596 10.8 For
147.48 569.364 17.976 10.8 that
168.84 569.364 41.04 10.8 purpose,
213.24 569.364 64.68 10.8 consideration
281.28 569.364 22.656 10.8 shall
307.32 569.364 11.328 10.8 be
322.08 569.364 26.52 10.8 given
351.96 569.364 9.36 10.8 in
364.68 569.364 45.996 10.8 particular
414 569.364 9.36 10.8 to
426.72 569.364 14.688 10.8 the
444.72 569.364 58.056 10.8 requirement
506.16 569.364 17.976 10.8 that

127.56 585.324 9.36 10.8 in
139.92 585.324 48 10.8 resolution
190.92 585.324 5.328 10.8 a
199.2 585.324 46.776 10.8 minimum
249 585.324 58.68 10.8 contribution
310.68 585.324 9.36 10.8 to
323.04 585.324 18.708 10.8 loss
344.76 585.324 50.76 10.8 absorption
398.52 585.324 17.28 10.8 and
418.8 585.324 73.32 10.8 recapitalisation
495.12 585.324 9.996 10.8 of
508.08 585.324 15.996 10.8 8%

127.56 601.164 9.996 10.8 of
141.48 601.164 21.336 10.8 total
166.8 601.164 44.748 10.8 liabilities
215.52 601.164 17.28 10.8 and
236.88 601.164 20.76 10.8 own
261.6 601.164 29.64 10.8 funds,
295.2 601.164 10.116 10.8 or
309.24 601.164 10.116 10.8 of
323.28 601.164 21.996 10.8 20%
349.32 601.164 9.996 10.8 of
363.48 601.164 14.688 10.8 the
382.08 601.164 21.336 10.8 total
407.4 601.164 18 10.8 risk
429.48 601.164 43.368 10.8 exposure
476.76 601.164 36.096 10.8 amount
516.84 601.164 7.356 10.8 if

127.56 617.004 47.976 10.8 additional
181.08 617.004 50.028 10.8 conditions
236.64 617.004 27.156 10.8 under
269.28 617.004 33.288 10.8 Article
308.04 617.004 26.076 10.8 44(8)
339.6 617.004 9.996 10.8 of
355.08 617.004 44.688 10.8 Directive
405.24 617.004 58.7028 10.8 2014/59/EU
469.44 617.004 14.5692 10.8 are
489.6 617.004 21 10.8 met,
516.12 617.004 8.028 10.8 is

127.56 632.844 25.968 10.8 made
157.2 632.844 12.12 10.8 by
172.8 632.844 60.708 10.8 shareholders
237.24 632.844 17.4 10.8 and
258.36 632.844 35.268 10.8 holders
297.36 632.844 9.996 10.8 of
311.041 632.844 31.8972 10.8 capital
346.682 632.844 56.028 10.8 instruments
406.442 632.844 17.28 10.8 and
427.442 632.844 35.928 10.8 eligible
467.042 632.844 44.748 10.8 liabilities
515.522 632.844 8.616 10.8 at

127.56 648.804 14.688 10.8 the
145.2 648.804 21.408 10.8 time
169.56 648.804 9.996 10.8 of
182.52 648.804 51 10.8 resolution.

85.08 670.644 9 10.8 2.

127.56 670.644 52.08 10.8 Resolution
187.08 670.644 50.628 10.8 authorities
245.16 670.644 20.76 10.8 may
273.12 670.644 15.336 10.8 opt
295.92 670.644 15.336 10.8 not
318.72 670.644 9.36 10.8 to
335.52 670.644 26.88 10.8 apply
369.72 670.644 14.688 10.8 the
391.8 670.644 53.256 10.8 assessment
452.52 670.644 38.04 10.8 referred
498 670.644 9.36 10.8 to
514.8 670.644 9.36 10.8 in

127.56 686.484 47.88 10.8 paragraph
178.44 686.484 6 10.8 1
187.44 686.484 7.356 10.8 if
197.76 686.484 14.688 10.8 the
215.4 686.484 60.36 10.8 resolvability
278.52 686.484 53.256 10.8 assessment
334.8 686.484 47.988 10.8 concludes
385.8 686.484 11.976 10.8 all
400.8 686.484 9.996 10.8 of
413.76 686.484 14.688 10.8 the
431.4 686.484 50.016 10.8 following:

85.08 710.801 3.52872 6.53544 5

121.077 714.552 39.1653 8.451 Regulation
164.88 714.552 15.687 8.451 (EU)
185.162 714.552 10.503 8.451 No
200.285 714.552 35.4213 8.451 648/2012
240.354 714.552 7.5447 8.451 of
252.477 714.552 12.1617 8.451 the
269.157 714.552 35.3232 8.451 European
308.998 714.552 39.9726 8.451 Parliament
353.518 714.552 13.9653 8.451 and
372.001 714.552 7.5456 8.451 of
384.124 714.552 12.1626 8.451 the
400.927 714.552 26.9019 8.451 Council
432.477 714.552 7.5447 8.451 of
444.6 714.552 4.563 8.451 4
453.726 714.552 13.6773 8.451 July
472.089 714.552 18.369 8.451 2012
495.021 714.552 9.5256 8.451 on
509.064 714.552 15.237 8.451 OTC

85.077 724.632 42.0957 8.451 derivatives,
129.245 724.632 25.461 8.451 central
156.731 724.632 54.0423 8.451 counterparties
212.778 724.632 13.725 8.451 and
228.501 724.632 19.7217 8.451 trade
250.223 724.632 45.9036 8.451 repositories,
298.197 724.632 8.8713 8.451 OJ
309.12 724.632 3.78 8.451 L
315.004 724.632 13.689 8.451 201
330.612 724.632 38.7513 8.451 27.7.2012,
371.437 724.632 6.948 8.451 p.
380.44 724.632 6.831 8.451 1.

85.08 734.801 3.52872 6.53544 6

121.077 738.552 39.1653 8.451 Regulation
163.32 738.552 15.687 8.451 (EU)
182.164 738.552 10.503 8.451 No
195.846 738.552 35.4204 8.451 909/2014
234.36 738.552 7.5447 8.451 of
245.043 738.552 12.1617 8.451 the
260.283 738.552 35.3232 8.451 European
298.684 738.552 39.8529 8.451 Parliament
341.644 738.552 13.8447 8.451 and
358.567 738.552 7.6653 8.451 of
369.371 738.552 12.1626 8.451 the
384.611 738.552 26.901 8.451 Council
414.615 738.552 7.5456 8.451 of
425.299 738.552 9.1233 8.451 23
436.446 738.552 13.6773 8.451 July
453.246 738.552 18.252 8.451 2014
474.621 738.552 9.5247 8.451 on
487.345 738.552 36.8793 8.451 improving

85.086 748.632 34.722 8.451 securities
122.535 748.632 39.9744 8.451 settlement
165.257 748.632 6.885 8.451 in
174.86 748.632 12.1617 8.451 the
189.743 748.632 35.3115 8.451 European
227.772 748.632 22.1247 8.451 Union
252.615 748.632 13.725 8.451 and
269.058 748.632 9.5247 8.451 on
281.3 748.632 25.5807 8.451 central
309.622 748.632 34.722 8.451 securities
347.071 748.632 45.2826 8.451 depositories
395.081 748.632 13.8447 8.451 and
411.644 748.632 36.3987 8.451 amending
450.886 748.632 36.0396 8.451 Directives
489.653 748.632 34.4367 8.451 98/26/EC

85.086 758.595 13.725 8.451 and
100.809 758.595 44.5563 8.451 2014/65/EU
147.39 758.595 13.725 8.451 and
163.113 758.595 39.285 8.451 Regulation
204.396 758.595 15.8067 8.451 (EU)
222.279 758.595 10.503 8.451 No
234.882 758.595 37.6704 8.451 236/2012,
274.563 758.595 8.8713 8.451 OJ
285.363 758.595 3.78 8.451 L
291.246 758.595 13.689 8.451 257
306.978 758.595 38.628 8.451 28.8.2014,
347.679 758.595 6.948 8.451 p.
356.682 758.595 6.831 8.451 1.

85.08 37.8787 11.9675 7.54956 RTS
98.8782 37.8787 10.4737 7.54956 ON
111.119 37.8787 18.4944 7.54956 MREL

513.001 782.984 11.2387 10.3666 24

127.56 116.004 13.236 10.8 (a)
155.88 116.004 23.928 10.8 there
185.04 116.004 14.688 10.8 are
204.96 116.004 12 10.8 no
222.24 116.004 62.028 10.8 impediments
289.56 116.004 9.36 10.8 to
304.2 116.004 5.328 10.8 a
314.76 116.004 37.248 10.8 feasible
357.24 116.004 17.28 10.8 and
379.8 116.004 38.688 10.8 credible
423.72 116.004 48 10.8 resolution
477 116.004 36.696 10.8 without
518.88 116.004 5.328 10.8 a

155.88 129.804 58.68 10.8 contribution
217.56 129.804 9.36 10.8 to
229.92 129.804 18.708 10.8 loss
251.64 129.804 50.64 10.8 absorption
305.28 129.804 23.256 10.8 from
331.56 129.804 14.688 10.8 the
349.2 129.804 48 10.8 resolution
400.2 129.804 45.36 10.8 financing
448.44 129.804 63.336 10.8 arrangement;

127.56 149.604 13.956 10.8 (b)
155.88 149.604 31.296 10.8 except
190.68 149.604 9.36 10.8 in
203.52 149.604 53.808 10.8 accordance
260.88 149.604 21.36 10.8 with
285.72 149.604 14.688 10.8 the
303.84 149.604 47.268 10.8 principles
354.72 149.604 48.6 10.8 governing
406.68 149.604 14.6892 10.8 the
424.801 149.604 16.1268 10.8 use
444.361 149.604 9.996 10.8 of
457.801 149.604 14.688 10.8 the
475.921 149.604 48.12 10.8 resolution

155.88 163.404 45.36 10.8 financing
206.88 163.404 59.976 10.8 arrangement
272.64 163.404 13.416 10.8 set
291.84 163.404 15.336 10.8 out
312.96 163.404 9.36 10.8 in
328.08 163.404 33.288 10.8 Article
367.2 163.404 12 10.8 44
384.96 163.404 9.996 10.8 of
400.8 163.404 44.568 10.8 Directive
451.2 163.404 61.68 10.8 2014/59/EU,
518.76 163.404 5.328 10.8 a

155.88 177.204 58.68 10.8 contribution
222.24 177.204 23.256 10.8 from
253.2 177.204 14.688 10.8 the
275.64 177.204 48 10.8 resolution
331.32 177.204 45.36 10.8 financing
384.24 177.204 59.976 10.8 arrangement
451.92 177.204 30 10.8 would
489.6 177.204 15.336 10.8 not
512.64 177.204 11.448 10.8 be

155.88 191.004 46.8 10.8 necessary
206.04 191.004 9.36 10.8 to
219.12 191.004 26.64 10.8 avoid
249.48 191.004 5.328 10.8 a
258.48 191.004 31.92 10.8 breach
294.12 191.004 9.996 10.8 of
307.8 191.004 14.688 10.8 the
326.16 191.004 51.228 10.8 safeguards
381.12 191.004 42.6 10.8 provided
427.44 191.004 9.36 10.8 in
440.52 191.004 22.728 10.8 Title
466.92 191.004 15.36 10.8 IV,
486 191.004 38.076 10.8 Chapter

155.88 204.804 16.716 10.8 VII
175.44 204.804 9.996 10.8 of
188.4 204.804 44.688 10.8 Directive
236.04 204.804 62.136 10.8 2014/59/EU;

127.56 224.604 13.236 10.8 (c)
155.88 224.604 14.688 10.8 the
175.56 224.604 43.8 10.8 preferred
224.4 224.604 48.12 10.8 resolution
277.44 224.604 38.16 10.8 strategy
320.28 224.604 22.068 10.8 does
347.4 224.604 15.336 10.8 not
367.8 224.604 35.328 10.8 assume
408.12 224.604 17.976 10.8 that
431.16 224.604 11.28 10.8 an
447.48 224.604 35.976 10.8 amount
488.52 224.604 9.996 10.8 of
503.52 224.604 20.52 10.8 own

157.08 238.404 26.628 10.8 funds
187.68 238.404 17.28 10.8 and
208.92 238.404 44.748 10.8 liabilities
257.64 238.404 48.72 10.8 exceeding
310.2 238.404 14.808 10.8 the
328.92 238.404 33.492 10.8 MREL
366.24 238.404 58.056 10.8 requirement
428.28 238.404 30 10.8 would
462.24 238.404 11.328 10.8 be
477.48 238.404 46.8 10.8 necessary

157.08 252.204 9.36 10.8 to
169.44 252.204 31.92 10.8 absorb
204.36 252.204 31.68 10.8 losses.

85.08 272.124 9 10.8 3.

127.56 272.124 31.968 10.8 Where
166.56 272.124 5.328 10.8 a
178.92 272.124 22.056 10.8 joint
208.08 272.124 40.08 10.8 decision
255.24 272.124 12 10.8 on
274.32 272.124 33.492 10.8 MREL
314.76 272.124 12.24 10.8 by
333.84 272.124 14.688 10.8 the
355.68 272.124 48.12 10.8 resolution
410.88 272.124 34.488 10.8 college
452.52 272.124 8.028 10.8 is
467.64 272.124 39.96 10.8 required
514.68 272.124 9.36 10.8 in

127.56 287.964 53.928 10.8 accordance
185.52 287.964 21.36 10.8 with
210.96 287.964 33.288 10.8 Article
248.28 287.964 12 10.8 45
264.36 287.964 9.996 10.8 of
278.4 287.964 44.568 10.8 Directive
327 287.964 61.68 10.8 2014/59/EU,
392.76 287.964 13.956 10.8 for
410.76 287.964 53.508 10.8 institutions
468.24 287.964 29.28 10.8 which
501.6 287.964 22.608 10.8 have

127.56 303.804 22.56 10.8 been
154.92 303.804 51.24 10.8 designated
210.96 303.804 9.948 10.8 as
225.72 303.804 31.908 10.8 G-SIIs
262.44 303.804 9.996 10.8 or
277.2 303.804 31.908 10.8 O-SIIs
313.92 303.804 12.24 10.8 by
330.72 303.804 14.688 10.8 the
350.16 303.804 38.616 10.8 relevant
393.6 303.804 49.896 10.8 competent
448.32 303.804 53.64 10.8 authorities,
506.76 303.804 17.28 10.8 and

127.56 319.764 53.508 10.8 institutions
188.04 319.764 30.6 10.8 within
225.6 319.764 26.88 10.8 them,
259.44 319.764 17.28 10.8 and
283.68 319.764 13.956 10.8 for
304.56 319.764 17.52 10.8 any
328.8 319.764 24.756 10.8 other
360.48 319.764 48.96 10.8 institution
416.4 319.764 29.28 10.8 which
452.64 319.764 14.688 10.8 the
474.24 319.764 49.896 10.8 competent

127.56 335.604 43.44 10.8 authority
173.88 335.604 9.996 10.8 or
186.96 335.604 14.688 10.8 the
204.72 335.604 48.12 10.8 resolution
255.96 335.604 43.44 10.8 authority
302.28 335.604 45.228 10.8 considers
350.64 335.604 52.2 10.8 reasonably
405.72 335.604 27.6 10.8 likely
436.08 335.604 9.36 10.8 to
448.56 335.604 22.008 10.8 pose
473.64 335.604 5.328 10.8 a
482.04 335.604 42.048 10.8 systemic

127.56 351.444 18 10.8 risk
149.16 351.444 9.36 10.8 in
162.12 351.444 20.568 10.8 case
186.24 351.444 9.996 10.8 of
199.92 351.444 34.1988 10.8 failure,
237.838 351.444 17.4 10.8 any
258.718 351.444 50.64 10.8 downward
313.078 351.444 52.656 10.8 adjustment
369.358 351.444 9.36 10.8 to
382.318 351.444 40.008 10.8 estimate
425.878 351.444 31.8972 10.8 capital
461.399 351.444 62.748 10.8 requirements

127.56 367.284 21.876 10.8 after
153.48 367.284 48.12 10.8 resolution
205.68 367.284 41.256 10.8 pursuant
251.04 367.284 9.36 10.8 to
264.48 367.284 33.288 10.8 Article
301.8 367.284 19.956 10.8 2(3)
325.8 367.284 22.656 10.8 shall
352.56 367.284 21.36 10.8 only
377.88 367.284 11.328 10.8 be
393.24 367.284 58.68 10.8 documented
456 367.284 17.28 10.8 and
477.36 367.284 46.68 10.8 explained

127.56 383.244 9.36 10.8 in
139.92 383.244 14.688 10.8 the
157.56 383.244 56.64 10.8 information
217.2 383.244 42.6 10.8 provided
262.8 383.244 9.36 10.8 to
275.16 383.244 14.688 10.8 the
292.8 383.244 43.908 10.8 members
339.72 383.244 9.996 10.8 of
352.68 383.244 14.688 10.8 the
370.44 383.244 48 10.8 resolution
421.44 383.244 37.56 10.8 college.

283.8 436.764 32.688 10.8 Article
319.44 436.764 6 10.8 6

120.24 468.564 66.828 10.8 Contributions
190.08 468.564 11.328 10.8 by
204.36 468.564 14.688 10.8 the
222 468.564 34.656 10.8 deposit
259.68 468.564 48.648 10.8 guarantee
311.28 468.564 35.208 10.8 scheme
349.44 468.564 9.36 10.8 to
361.92 468.564 14.688 10.8 the
379.56 468.564 45.36 10.8 financing
427.92 468.564 9.336 10.8 of
440.28 468.564 48.6 10.8 resolution

85.08 488.484 9 10.8 1.

127.56 488.484 18.648 10.8 The
151.08 488.484 48 10.8 resolution
204 488.484 43.44 10.8 authority
252.24 488.484 20.76 10.8 may
277.68 488.484 31.968 10.8 reduce
314.52 488.484 14.688 10.8 the
334.08 488.484 33.492 10.8 MREL
372.48 488.484 9.36 10.8 to
386.76 488.484 19.968 10.8 take
411.6 488.484 37.176 10.8 account
453.72 488.484 9.996 10.8 of
468.6 488.484 14.6892 10.8 the
488.161 488.484 35.976 10.8 amount

127.56 504.324 29.28 10.8 which
160.08 504.324 5.328 10.8 a
168.6 504.324 34.656 10.8 deposit
206.64 504.324 46.608 10.8 guarantee
256.44 504.324 35.928 10.8 scheme
295.56 504.324 8.028 10.8 is
306.84 504.324 42.6 10.8 expected
352.68 504.324 9.36 10.8 to
365.28 504.324 48.768 10.8 contribute
417.24 504.324 9.36 10.8 to
429.84 504.324 14.688 10.8 the
447.72 504.324 45.36 10.8 financing
496.32 504.324 9.996 10.8 of
509.52 504.324 14.688 10.8 the

127.56 520.164 43.8 10.8 preferred
179.88 520.164 48 10.8 resolution
236.28 520.164 38.28 10.8 strategy
282.72 520.164 9.36 10.8 in
300.6 520.164 53.928 10.8 accordance
363.001 520.164 21.36 10.8 with
392.761 520.164 33.288 10.8 Article
434.401 520.164 18 10.8 109
460.921 520.164 9.996 10.8 of
479.401 520.164 44.688 10.8 Directive

127.56 536.004 61.68 10.8 2014/59/EU.

85.08 557.964 9 10.8 2.

127.56 557.964 18.648 10.8 The
151.08 557.964 18.768 10.8 size
174.72 557.964 9.996 10.8 of
189.6 557.964 17.52 10.8 any
211.92 557.964 21.96 10.8 such
238.92 557.964 45.36 10.8 reduction
289.2 557.964 22.656 10.8 sahll
316.8 557.964 11.328 10.8 be
333 557.964 27.36 10.8 based
365.4 557.964 12 10.8 on
382.32 557.964 5.328 10.8 a
392.52 557.964 38.688 10.8 credible
436.2 557.964 53.376 10.8 assessment
494.52 557.964 9.996 10.8 of
509.4 557.964 14.688 10.8 the

127.56 573.804 41.976 10.8 potential
172.56 573.804 58.68 10.8 contribution
234.24 573.804 23.256 10.8 from
260.52 573.804 14.688 10.8 the
278.16 573.804 34.656 10.8 deposit
315.84 573.804 46.608 10.8 guarantee
365.4 573.804 38.88 10.8 scheme,
407.28 573.804 17.28 10.8 and
427.56 573.804 22.776 10.8 shall
453.36 573.804 8.616 10.8 at
465 573.804 25.296 10.8 least:

127.56 595.524 13.236 10.8 (a)
155.88 595.524 11.328 10.8 be
172.32 595.524 17.988 10.8 less
195.48 595.524 20.64 10.8 than
221.4 595.524 5.328 10.8 a
231.84 595.524 36.696 10.8 prudent
273.84 595.524 40.008 10.8 estimate
318.96 595.524 9.996 10.8 of
334.08 595.524 14.688 10.8 the
353.88 595.524 42.0972 10.8 potential
401.161 595.524 28.668 10.8 losses
435.001 595.524 29.28 10.8 which
469.441 595.524 14.688 10.8 the
489.361 595.524 34.776 10.8 deposit

155.88 609.324 46.608 10.8 guarantee
206.64 609.324 36.048 10.8 scheme
246.84 609.324 30 10.8 would
281.16 609.324 22.608 10.8 have
307.92 609.324 17.4 10.8 had
329.52 609.324 9.36 10.8 to
343.08 609.324 23.64 10.8 bear,
371.04 609.324 17.28 10.8 had
392.52 609.324 14.8092 10.8 the
411.481 609.324 48.84 10.8 institution
464.521 609.324 22.56 10.8 been
491.281 609.324 32.76 10.8 wound

155.88 623.124 12 10.8 up
172.92 623.124 27.276 10.8 under
205.2 623.124 33.936 10.8 normal
244.2 623.124 52.2 10.8 insolvency
301.2 623.124 60.96 10.8 proceedings,
367.2 623.124 30.12 10.8 taking
402.24 623.124 18.72 10.8 into
426 623.124 37.296 10.8 account
468.36 623.124 14.688 10.8 the
488.04 623.124 36.24 10.8 priority

155.88 636.924 36.6 10.8 ranking
200.16 636.924 10.116 10.8 of
218.04 636.924 14.688 10.8 the
240.48 636.924 34.656 10.8 deposit
282.96 636.924 46.488 10.8 guarantee
337.2 636.924 36.048 10.8 scheme
381 636.924 41.376 10.8 pursuant
430.2 636.924 9.36 10.8 to
447.36 636.924 33.288 10.8 Article
488.4 636.924 18 10.8 108
514.08 636.924 9.996 10.8 of

155.88 650.724 44.568 10.8 Directive
203.4 650.724 62.016 10.8 2014/59/EU;

127.56 670.524 13.956 10.8 (b)
155.88 670.524 11.328 10.8 be
171.36 670.524 17.988 10.8 less
193.56 670.524 20.64 10.8 than
218.4 670.524 14.688 10.8 the
237.24 670.524 22.776 10.8 limit
264.24 670.524 12 10.8 on
280.32 670.524 34.656 10.8 deposit
319.2 670.524 46.488 10.8 guarantee
369.84 670.524 36.168 10.8 scheme
410.161 670.524 63.3468 10.8 contributions
477.72 670.524 13.296 10.8 set
495.24 670.524 15.336 10.8 out
514.8 670.524 9.36 10.8 in

155.88 684.324 14.688 10.8 the
173.52 684.324 33.24 10.8 second
209.76 684.324 64.68 10.8 subparagraph
277.56 684.324 9.996 10.8 of
290.52 684.324 33.288 10.8 Article
326.76 684.324 32.076 10.8 109(5)
361.8 684.324 9.996 10.8 of
374.76 684.324 44.808 10.8 Directive
422.52 684.324 62.016 10.8 2014/59/EU;

127.56 704.124 13.236 10.8 (c)
155.88 704.124 19.968 10.8 take
179.64 704.124 37.296 10.8 account
220.8 704.124 9.996 10.8 of
234.6 704.124 14.688 10.8 the
253.08 704.124 33.456 10.8 overall
290.4 704.124 18 10.8 risk
312.24 704.124 9.996 10.8 of
326.04 704.124 52.08 10.8 exhausting
381.84 704.124 14.688 10.8 the
400.44 704.124 43.248 10.8 available
447.48 704.124 41.976 10.8 financial
493.32 704.124 30.828 10.8 means

155.88 717.924 9.996 10.8 of
172.68 717.924 14.688 10.8 the
194.16 717.924 34.656 10.8 deposit
235.68 717.924 46.608 10.8 guarantee
289.08 717.924 35.928 10.8 scheme
331.8 717.924 17.328 10.8 due
355.92 717.924 9.36 10.8 to
372.12 717.924 58.9212 10.8 contributing
437.761 717.924 9.36 10.8 to
453.961 717.924 40.128 10.8 multiple
500.881 717.924 23.28 10.8 bank

155.88 731.724 35.868 10.8 failures
194.76 731.724 9.996 10.8 or
207.72 731.724 56.136 10.8 resolutions;

85.08 37.8787 11.9675 7.54956 RTS
98.8782 37.8787 10.4737 7.54956 ON
111.119 37.8787 18.4944 7.54956 MREL

513.001 782.984 11.2387 10.3666 25

127.56 116.004 13.956 10.8 (d)
155.88 116.004 11.328 10.8 be
172.56 116.004 47.976 10.8 consistent
225.96 116.004 21.36 10.8 with
252.72 116.004 17.52 10.8 any
275.52 116.004 24.636 10.8 other
305.52 116.004 38.616 10.8 relevant
349.56 116.004 50.148 10.8 provisions
405.12 116.004 9.36 10.8 in
419.88 116.004 38.616 10.8 national
463.92 116.004 17.304 10.8 law
486.6 116.004 17.28 10.8 and
509.28 116.004 14.808 10.8 the

155.88 129.804 28.668 10.8 duties
191.64 129.804 17.28 10.8 and
216 129.804 72.588 10.8 responsibilities
295.68 129.804 9.996 10.8 of
312.72 129.804 14.688 10.8 the
334.44 129.804 43.56 10.8 authority
384.84 129.804 54.768 10.8 responsible
446.64 129.804 13.956 10.8 for
467.64 129.804 14.688 10.8 the
489.36 129.804 34.656 10.8 deposit

155.88 143.604 46.608 10.8 guarantee
205.44 143.604 39 10.8 scheme.

85.08 163.524 9 10.8 3.

127.56 163.524 18.648 10.8 The
150.96 163.524 48 10.8 resolution
203.76 163.524 43.44 10.8 authority
251.88 163.524 25.68 10.8 shall,
282.36 163.524 21.876 10.8 after
309 163.524 50.04 10.8 consulting
363.72 163.524 14.688 10.8 the
383.16 163.524 43.44 10.8 authority
431.16 163.524 54.768 10.8 responsible
490.68 163.524 13.9548 10.8 for
509.4 163.524 14.688 10.8 the

127.56 179.364 34.656 10.8 deposit
165.48 179.364 46.608 10.8 guarantee
215.28 179.364 39 10.8 scheme,
257.52 179.364 47.256 10.8 document
308.04 179.364 11.388 10.8 its
322.68 179.364 43.92 10.8 approach
369.96 179.364 9.948 10.8 as
383.16 179.364 35.268 10.8 regards
421.68 179.364 14.688 10.8 the
439.56 179.364 53.496 10.8 assessment
496.32 179.364 9.996 10.8 of
509.52 179.364 14.688 10.8 the

127.56 195.204 33.216 10.8 overall
165 195.204 18 10.8 risk
187.2 195.204 10.116 10.8 of
201.48 195.204 52.0812 10.8 exhausting
257.641 195.204 14.808 10.8 the
276.601 195.204 43.368 10.8 available
324.241 195.204 41.856 10.8 financial
370.441 195.204 30.588 10.8 means
405.242 195.204 10.116 10.8 of
419.522 195.204 14.688 10.8 the
438.362 195.204 34.776 10.8 deposit
477.482 195.204 46.608 10.8 guarantee

127.56 211.164 35.928 10.8 scheme
167.76 211.164 17.28 10.8 and
189.36 211.164 26.88 10.8 apply
220.32 211.164 50.148 10.8 reductions
274.8 211.164 9.36 10.8 in
288.48 211.164 53.808 10.8 accordance
346.56 211.164 21.36 10.8 with
372.24 211.164 47.88 10.8 paragraph
424.44 211.164 6 10.8 1
434.76 211.164 21.48 10.8 only
460.32 211.164 7.356 10.8 if
471.96 211.164 17.388 10.8 this
493.8 211.164 18 10.8 risk
516.12 211.164 8.028 10.8 is

127.56 227.004 15.336 10.8 not
145.92 227.004 48.96 10.8 excessive.

283.8 280.524 32.688 10.8 Article
319.44 280.524 6 10.8 7

228.48 300.444 49.32 10.8 Combined
280.8 300.444 53.256 10.8 assessment
337.08 300.444 9.336 10.8 of
349.44 300.444 31.272 10.8 MREL

85.08 324.204 9 10.8 1.

127.56 324.204 52.08 10.8 Resolution
185.04 324.204 50.628 10.8 authorities
241.08 324.204 22.656 10.8 shall
269.16 324.204 31.248 10.8 ensure
305.88 324.204 17.976 10.8 that
329.28 324.204 33.4932 10.8 MREL
368.161 324.204 8.028 10.8 is
381.601 324.204 45.216 10.8 sufficient
432.241 324.204 9.36 10.8 to
447.121 324.204 26.664 10.8 allow
479.161 324.204 14.808 10.8 the
499.321 324.204 24.768 10.8 write

127.56 340.164 26.64 10.8 down
157.92 340.164 9.996 10.8 or
171.72 340.164 52.68 10.8 conversion
228.12 340.164 9.996 10.8 of
241.92 340.164 11.4 10.8 an
257.04 340.164 35.976 10.8 amount
296.76 340.164 9.996 10.8 of
310.56 340.164 20.64 10.8 own
335.04 340.164 26.628 10.8 funds
365.52 340.164 17.28 10.8 and
386.52 340.164 49.44 10.8 qualifying
439.68 340.164 35.928 10.8 eligible
479.4 340.164 44.748 10.8 liabilities

127.56 356.004 8.616 10.8 at
139.2 356.004 21.936 10.8 least
164.16 356.004 26.016 10.8 equal
193.2 356.004 9.36 10.8 to
205.56 356.004 14.688 10.8 the
223.2 356.004 20.016 10.8 sum
246.36 356.004 9.996 10.8 of
259.32 356.004 18.708 10.8 loss
281.04 356.004 50.64 10.8 absorption
334.68 356.004 36.096 10.8 amount
373.8 356.004 17.28 10.8 and
394.08 356.004 14.688 10.8 the
411.72 356.004 73.32 10.8 recapitalisation
488.16 356.004 35.976 10.8 amount

127.56 371.844 9.948 10.8 as
140.64 371.844 53.88 10.8 determined
197.64 371.844 12.24 10.8 by
212.76 371.844 48.12 10.8 resolution
264 371.844 50.628 10.8 authorities
317.76 371.844 9.36 10.8 in
330.24 371.844 53.808 10.8 accordance
387.12 371.844 21.36 10.8 with
411.6 371.844 37.908 10.8 Articles
452.64 371.844 6 10.8 1
461.76 371.844 17.28 10.8 and
482.16 371.844 9.12 10.8 2,
494.4 371.844 17.28 10.8 and
514.8 371.844 9.36 10.8 to

127.56 387.684 23.256 10.8 meet
157.44 387.684 14.688 10.8 the
178.68 387.684 24.636 10.8 other
210 387.684 62.748 10.8 requirements
279.36 387.684 42.6 10.8 provided
328.56 387.684 13.956 10.8 for
349.08 387.684 9.36 10.8 in
365.16 387.684 37.908 10.8 Articles
409.68 387.684 9 10.8 3,
425.28 387.684 9 10.8 4,
440.88 387.684 6 10.8 5
453.6 387.684 17.28 10.8 and
477.48 387.684 6 10.8 6
490.2 387.684 9.996 10.8 of
506.76 387.684 17.388 10.8 this

127.56 403.644 55.56 10.8 Regulation.

85.08 425.484 9 10.8 2.

127.56 425.484 52.08 10.8 Resolution
183.24 425.484 50.628 10.8 authorities
237.479 425.484 22.656 10.8 shall
263.76 425.484 35.988 10.8 express
303.36 425.484 14.688 10.8 the
321.6 425.484 48.6 10.8 calculated
373.92 425.484 33.492 10.8 MREL
410.88 425.484 9.948 10.8 as
424.44 425.484 5.328 10.8 a
433.44 425.484 52.008 10.8 percentage
489.12 425.484 9.996 10.8 of
502.68 425.484 21.336 10.8 total

127.56 441.324 44.748 10.8 liabilities
176.52 441.324 17.28 10.8 and
198 441.324 20.64 10.8 own
222.84 441.324 26.628 10.8 funds
253.68 441.324 9.996 10.8 of
267.84 441.324 14.688 10.8 the
286.68 441.324 51.84 10.8 institution,
342.72 441.324 21.36 10.8 with
368.16 441.324 47.928 10.8 derivative
420.24 441.324 44.748 10.8 liabilities
469.2 441.324 41.28 10.8 included
514.68 441.324 9.36 10.8 in

127.56 457.164 14.688 10.8 the
148.2 457.164 21.336 10.8 total
175.56 457.164 44.628 10.8 liabilities
226.2 457.164 12 10.8 on
244.08 457.164 14.568 10.8 the
264.6 457.164 23.988 10.8 basis
294.6 457.164 17.976 10.8 that
318.6 457.164 16.656 10.8 full
341.161 457.164 54.6 10.8 recognition
401.761 457.164 8.0268 10.8 is
415.681 457.164 26.5188 10.8 given
448.2 457.164 9.3612 10.8 to
463.561 457.164 60.72 10.8 counterparty

127.56 473.124 33.36 10.8 netting
163.8 473.124 30.36 10.8 rights.

85.08 494.964 9 10.8 3.

127.56 494.964 52.08 10.8 Resolution
186.12 494.964 50.628 10.8 authorities
243.24 494.964 22.656 10.8 shall
272.4 494.964 42 10.8 establish
320.88 494.964 5.328 10.8 a
332.76 494.964 42.048 10.8 schedule
381.24 494.964 9.996 10.8 or
397.8 494.964 35.988 10.8 process
440.28 494.964 13.9572 10.8 for
460.8 494.964 42.12 10.8 updating
509.28 494.964 14.808 10.8 the

127.56 510.804 36.24 10.8 MREL,
166.8 510.804 30.12 10.8 taking
199.8 510.804 18.72 10.8 into
221.52 510.804 40.776 10.8 account:

127.56 532.524 13.236 10.8 (a)
155.88 532.524 14.688 10.8 the
179.28 532.524 22.56 10.8 need
210.72 532.524 9.36 10.8 to
228.84 532.524 32.088 10.8 update
269.64 532.524 14.808 10.8 the
293.16 532.524 33.492 10.8 MREL
335.28 532.524 9.36 10.8 in
353.4 532.524 35.976 10.8 parallel
398.281 532.524 21.36 10.8 with
428.401 532.524 14.6868 10.8 the
451.921 532.524 53.2572 10.8 assessment
514.082 532.524 9.996 10.8 of

155.88 546.324 63.216 10.8 resolvability;

127.56 566.124 13.956 10.8 (b)
155.88 566.124 38.556 10.8 whether
197.88 566.124 14.808 10.8 the
216.12 566.124 43.56 10.8 volatility
262.92 566.124 10.116 10.8 of
276.6 566.124 14.688 10.8 the
294.72 566.124 27.48 10.8 entity
325.56 566.124 9.996 10.8 or
339.12 566.124 36.588 10.8 group’s
379.2 566.124 21.456 10.8 total
404.16 566.124 44.748 10.8 liabilities
452.4 566.124 17.28 10.8 and
473.16 566.124 20.64 10.8 own
497.28 566.124 26.748 10.8 funds

155.88 579.924 9.948 10.8 as
169.8 579.924 5.328 10.8 a
179.16 579.924 26.616 10.8 result
209.76 579.924 10.116 10.8 of
223.8 579.924 11.388 10.8 its
239.16 579.924 40.788 10.8 business
283.92 579.924 29.976 10.8 model
317.88 579.924 30 10.8 would
351.84 579.924 11.448 10.8 be
367.2 579.924 27.6 10.8 likely
398.64 579.924 9.36 10.8 to
411.96 579.924 26.616 10.8 result
442.56 579.924 9.36 10.8 in
456 579.924 14.688 10.8 the
474.6 579.924 33.492 10.8 MREL
512.16 579.924 12 10.8 no

155.88 593.724 30.516 10.8 longer
189.36 593.724 26.88 10.8 being
219.12 593.724 54.648 10.8 appropriate
276.839 593.724 8.616 10.8 at
288.48 593.724 11.28 10.8 an
302.759 593.724 30.636 10.8 earlier
336.359 593.724 22.92 10.8 date.

283.8 625.524 32.688 10.8 Article
319.44 625.524 6 10.8 8

191.76 645.444 59.496 10.8 Transitional
254.28 645.444 18 10.8 and
275.28 645.444 72.6 10.8 post-resolution
350.88 645.444 66.588 10.8 arrangements

85.08 669.324 9 10.8 1.

127.56 669.324 14.16 10.8 By
147.24 669.324 20.16 10.8 way
172.92 669.324 9.996 10.8 of
188.64 669.324 51.36 10.8 derogation
245.76 669.324 23.256 10.8 from
274.8 669.324 33.288 10.8 Article
313.8 669.324 9 10.8 7,
328.56 669.324 47.9988 10.8 resolution
382.319 669.324 50.628 10.8 authorities
438.719 669.324 20.76 10.8 may
464.999 669.324 48.048 10.8 determine
518.759 669.324 5.328 10.8 a

127.56 685.164 27.276 10.8 lower
161.16 685.164 23.256 10.8 level
190.8 685.164 9.996 10.8 of
207.12 685.164 33.492 10.8 MREL
246.72 685.164 9.48 10.8 to
262.56 685.164 31.248 10.8 enable
300.12 685.164 11.28 10.8 an
317.76 685.164 54.648 10.8 appropriate
378.84 685.164 53.976 10.8 transitional
439.2 685.164 30.6 10.8 period
476.16 685.164 9.996 10.8 or
492.48 685.164 13.956 10.8 for
512.76 685.164 11.28 10.8 an

127.56 701.004 48.84 10.8 institution
179.4 701.004 9.996 10.8 or
192.36 701.004 27.48 10.8 entity
222.48 701.004 9.36 10.8 to
234.84 701.004 29.4 10.8 which
267.24 701.004 48 10.8 resolution
318.24 701.004 23.388 10.8 tools
344.64 701.004 22.608 10.8 have
370.2 701.004 22.56 10.8 been
395.76 701.004 38.28 10.8 applied.

85.08 722.844 9 10.8 2.

127.56 722.844 16.596 10.8 For
151.56 722.844 14.808 10.8 the
173.76 722.844 42.708 10.8 purposes
223.92 722.844 9.996 10.8 of
241.44 722.844 48 10.8 paragraph
296.88 722.844 9 10.8 1,
313.44 722.844 48 10.8 resolution
369 722.844 50.628 10.8 authorities
427.08 722.844 22.656 10.8 shall
457.2 722.844 48.168 10.8 determine
512.76 722.844 11.28 10.8 an

127.56 738.804 54.528 10.8 appropriate
186 738.804 54.096 10.8 transitional
244.08 738.804 30.6 10.8 period
278.64 738.804 29.28 10.8 which
311.88 738.804 22.656 10.8 shall
338.52 738.804 26.556 10.8 cover
369.12 738.804 5.328 10.8 a
378.36 738.804 51.288 10.8 reasonable
433.56 738.804 21.408 10.8 time
458.88 738.804 30.6 10.8 period
493.56 738.804 17.28 10.8 and
514.8 738.804 9.36 10.8 in

127.56 754.644 17.4 10.8 any
150.6 754.644 20.688 10.8 case
177 754.644 11.328 10.8 be
194.04 754.644 15.336 10.8 not
215.16 754.644 30.636 10.8 longer
251.64 754.644 20.64 10.8 than
278.04 754.644 12 10.8 48
295.8 754.644 38.4 10.8 months.
339.96 754.644 24.72 10.8 They
370.32 754.644 22.656 10.8 shall
398.76 754.644 19.32 10.8 also
423.84 754.644 64.608 10.8 communicate
494.16 754.644 9.36 10.8 to
509.28 754.644 14.808 10.8 the

85.08 37.8787 11.9675 7.54956 RTS
98.8782 37.8787 10.4737 7.54956 ON
111.119 37.8787 18.4944 7.54956 MREL

513.001 782.984 11.2387 10.3666 26

127.56 116.124 48.84 10.8 institution
182.04 116.124 5.328 10.8 a
192.96 116.124 37.92 10.8 planned
236.52 116.124 33.372 10.8 MREL
275.28 116.124 13.956 10.8 for
294.96 116.124 21.96 10.8 each
322.56 116.124 12 10.8 12
340.2 116.124 30.72 10.8 month
376.56 116.124 30.6 10.8 period
412.8 116.124 31.32 10.8 during
449.64 116.124 14.808 10.8 the
470.04 116.124 54.096 10.8 transitional

127.56 131.964 33.6 10.8 period.
164.64 131.964 11.976 10.8 At
180.12 131.964 14.688 10.8 the
198.36 131.964 17.28 10.8 end
219.12 131.964 9.996 10.8 of
232.68 131.964 14.688 10.8 the
250.92 131.964 53.976 10.8 transitional
308.4 131.964 33.6012 10.8 period,
345.481 131.964 14.688 10.8 the
363.721 131.964 22.056 10.8 final
389.281 131.964 33.492 10.8 MREL
426.001 131.964 22.776 10.8 shall
452.281 131.964 11.328 10.8 be
467.041 131.964 26.136 10.8 equal
496.681 131.964 9.36 10.8 to
509.521 131.964 14.688 10.8 the

127.56 147.804 35.976 10.8 amount
167.76 147.804 53.88 10.8 determined
225.84 147.804 27.516 10.8 under
257.52 147.804 33.288 10.8 Article
295.08 147.804 9 10.8 7.
308.28 147.804 21.936 10.8 That
334.44 147.804 22.776 10.8 shall
361.44 147.804 15.336 10.8 not
381 147.804 35.856 10.8 prevent
421.2 147.804 48 10.8 resolution
473.4 147.804 50.748 10.8 authorities

127.56 163.764 23.256 10.8 from
153.84 163.764 62.88 10.8 subsequently
219.48 163.764 38.76 10.8 revising
261.12 163.764 27.396 10.8 either
291.48 163.764 14.688 10.8 the
309.12 163.764 53.976 10.8 transitional
366.24 163.764 30.6 10.8 period
399.84 163.764 9.996 10.8 or
412.8 163.764 17.52 10.8 any
433.08 163.764 38.04 10.8 planned
474.12 163.764 36.36 10.8 MREL.

283.8 209.364 32.688 10.8 Article
319.44 209.364 6 10.8 9

264.6 233.244 26.688 10.8 Entry
294.24 233.244 18.72 10.8 into
315.96 233.244 28.608 10.8 Force

85.08 270.924 21.348 10.8 This
109.8 270.924 52.56 10.8 Regulation
165.72 270.924 22.656 10.8 shall
191.76 270.924 23.916 10.8 enter
219 270.924 18.72 10.8 into
241.08 270.924 24.528 10.8 force
268.92 270.924 12 10.8 on
284.28 270.924 14.688 10.8 the
302.281 270.924 44.6412 10.8 twentieth
350.282 270.924 17.4 10.8 day
370.802 270.924 46.8 10.8 following
420.842 270.924 17.976 10.8 that
442.202 270.924 9.996 10.8 of
455.522 270.924 11.388 10.8 its
470.282 270.924 54 10.8 publication

85.08 284.724 9.36 10.8 in
97.44 284.724 14.688 10.8 the
115.08 284.724 36.696 10.8 Official
154.8 284.724 37.296 10.8 Journal
195.12 284.724 9.336 10.8 of
207.36 284.724 14.688 10.8 the
225 284.724 47.28 10.8 European
275.28 284.724 33 10.8 Union.

85.08 322.524 21.348 10.8 This
111.96 322.524 52.56 10.8 Regulation
170.04 322.524 22.656 10.8 shall
198.24 322.524 11.448 10.8 be
215.161 322.524 36.72 10.8 binding
257.281 322.524 9.36 10.8 in
272.161 322.524 11.388 10.8 its
289.081 322.524 36.84 10.8 entirety
331.321 322.524 17.28 10.8 and
354.121 322.524 36.84 10.8 directly
396.241 322.524 49.3692 10.8 applicable
451.201 322.524 9.36 10.8 in
466.081 322.524 11.976 10.8 all
483.601 322.524 40.596 10.8 Member

85.08 336.324 31.68 10.8 States.

85.08 356.124 25.968 10.8 Done
114 356.124 8.616 10.8 at
125.76 356.124 43.56 10.8 Brussels,

297.72 405.924 17.988 10.8 For
318.72 405.924 14.688 10.8 the
336.36 405.924 59.4 10.8 Commission

297.72 419.724 18.048 10.8 The
318.72 419.724 45.936 10.8 President

297.72 488.604 17.988 10.8 For
318.72 488.604 14.688 10.8 the
336.36 488.604 59.4 10.8 Commission

297.72 502.404 14.64 10.8 On
315.36 502.404 29.976 10.8 behalf
348.36 502.404 9.336 10.8 of
360.72 502.404 14.688 10.8 the
378.36 502.404 46.056 10.8 President

297.72 516.204 49.068 10.8 [Position]

85.08 37.8787 11.9675 7.54956 RTS
98.8782 37.8787 10.4737 7.54956 ON
111.119 37.8787 18.4944 7.54956 MREL

512.88 796.543 11.2387 10.3666 27

85.08 137.503 19.9987 24.4516 4.
121.093 137.503 156.974 24.4516 Accompanying
284.401 137.503 120.089 24.4516 documents

85.08 196.433 20.2149 14.9864 4.1
121.086 196.433 33.3021 14.9864 Draft
158.043 196.433 81.4295 14.9864 cost–benefit
243.132 196.433 101.577 14.9864 analysis/impact
348.369 196.433 75.0663 14.9864 assessment

85.08 227.993 81.2013 14.9864 Introduction

85.08 257.863 29.1346 10.3666 Article
117.836 257.863 23.3849 10.3666 45(2)
144.718 257.863 9.2471 10.3666 of
157.558 257.863 39.9383 10.3666 Directive
200.998 257.863 54.4879 10.3666 2014/59/EU
258.958 257.863 44.3974 10.3666 mandates
306.958 257.863 14.9791 10.3666 the
325.438 257.863 17.7921 10.3666 EBA
346.798 257.863 9.53856 10.3666 to
359.997 257.863 35.7961 10.3666 develop
399.356 257.863 21.9387 10.3666 draft
424.795 257.863 16.4651 10.3666 RTS
444.712 257.863 9.53856 10.3666 to
457.912 257.863 31.0412 10.3666 specify
492.591 257.863 31.6936 10.3666 further

85.08 273.219 14.978 10.3666 the
102.597 273.219 31.8062 10.3666 criteria
136.792 273.219 26.6726 10.3666 which
165.946 273.219 45.3954 10.3666 resolution
213.823 273.219 48.7096 10.3666 authorities
265.054 273.219 14.617 10.3666 are
282.091 273.219 41.1969 10.3666 expected
325.532 273.219 9.53746 10.3666 to
337.649 273.219 24.3156 10.3666 apply
364.401 273.219 24.9957 10.3666 when
391.758 273.219 30.6371 10.3666 setting
424.872 273.219 14.9791 10.3666 the
442.323 273.219 28.226 10.3666 MREL.

85.08 300.698 29.1346 10.3666 Article
119.878 300.698 23.5053 10.3666 10(1)
148.92 300.698 9.2471 10.3666 of
163.797 300.698 14.978 10.3666 the
184.439 300.698 17.7865 10.3666 EBA
207.835 300.698 48.1476 10.3666 Regulation
261.586 300.698 38.5175 10.3666 provides
305.748 300.698 18.4556 10.3666 that
329.746 300.698 24.9968 10.3666 when
360.469 300.698 15.9186 10.3666 any
382.191 300.698 46.2753 10.3666 regulatory
434.145 300.698 40.3225 10.3666 technical
480.219 300.698 44.0341 10.3666 standards

85.08 316.176 47.196 10.3666 developed
139.316 316.176 10.7618 10.3666 by
157.076 316.176 14.978 10.3666 the
179.153 316.176 17.7921 10.3666 EBA
203.873 316.176 14.6181 10.3666 are
225.589 316.176 45.8756 10.3666 submitted
278.505 316.176 9.41822 10.3666 to
295.062 316.176 14.978 10.3666 the
317.139 316.176 54.5155 10.3666 Commission
378.695 316.176 12.972 10.3666 for
398.732 316.176 43.1995 10.3666 adoption,
448.888 316.176 20.0012 10.3666 they
476.004 316.176 29.9162 10.3666 should
512.961 316.176 11.2575 10.3666 be

85.08 331.533 59.9075 10.3666 accompanied
149.512 331.533 10.6415 10.3666 by
164.752 331.533 11.0731 10.3666 an
180.349 331.533 34.7892 10.3666 analysis
219.701 331.533 9.2471 10.3666 of
233.38 331.533 17.738 10.3666 ‘the
255.58 331.533 40.5621 10.3666 potential
300.69 331.533 31.9509 10.3666 related
337.164 331.533 22.7976 10.3666 costs
364.524 331.533 16.8327 10.3666 and
385.881 331.533 41.8946 10.3666 benefits’.
432.194 331.533 17.8749 10.3666 This
454.632 331.533 35.0266 10.3666 analysis
494.102 331.533 30.0343 10.3666 should

85.08 347.011 34.2969 10.3666 provide
124.8 347.011 11.0731 10.3666 an
141.237 347.011 41.0103 10.3666 overview
187.554 347.011 9.2471 10.3666 of
202.31 347.011 14.8576 10.3666 the
222.71 347.011 35.1469 10.3666 findings
263.382 347.011 42.8937 10.3666 regarding
311.751 347.011 14.8576 10.3666 the
332.032 347.011 37.9798 10.3666 problem
375.471 347.011 9.41822 10.3666 to
390.471 347.011 11.2575 10.3666 be
407.151 347.011 22.7777 10.3666 dealt
435.35 347.011 22.4399 10.3666 with,
463.31 347.011 14.978 10.3666 the
483.71 347.011 40.5565 10.3666 solutions

85.08 362.489 42.6354 10.3666 proposed
131.643 362.489 16.836 10.3666 and
152.406 362.489 14.978 10.3666 the
171.37 362.489 40.4484 10.3666 potential
215.773 362.489 30.8182 10.3666 impact
250.453 362.489 9.2471 10.3666 of
263.656 362.489 24.6976 10.3666 these
292.339 362.489 51.5745 10.3666 optionsThis
347.881 362.489 27.101 10.3666 annex
378.964 362.489 38.6367 10.3666 presents
421.567 362.489 14.978 10.3666 the
440.53 362.489 51.6981 10.3666 assessment
496.09 362.489 9.24821 10.3666 of
509.294 362.489 14.978 10.3666 the

85.08 377.845 26.3613 10.3666 policy
113.88 377.845 33.7162 10.3666 options
150.117 377.845 49.3554 10.3666 considered
201.954 377.845 8.1961 10.3666 in
212.631 377.845 16.3171 10.3666 this
231.468 377.845 19.2217 10.3666 RTS.

85.08 405.324 22.1783 10.3666 Note
111.001 405.324 18.4589 10.3666 that
133.081 405.324 14.9791 10.3666 the
151.802 405.324 17.7921 10.3666 EBA
173.283 405.324 46.9034 10.3666 undertook
223.923 405.324 5.28816 10.3666 a
232.923 405.324 33.3496 10.3666 specific
273.724 405.324 20.0486 10.3666 data
297.485 405.324 43.4777 10.3666 collection
344.647 405.324 9.53856 10.3666 to
357.968 405.324 29.9791 10.3666 permit
391.69 405.324 5.28816 10.3666 a
400.69 405.324 36.6241 10.3666 detailed
440.877 405.324 51.8184 10.3666 assessment
496.317 405.324 9.2471 10.3666 of
509.277 405.324 14.978 10.3666 the

85.08 420.802 36.5777 10.3666 possible
124.683 420.802 54.3378 10.3666 quantitative
182.045 420.802 30.6978 10.3666 impact
215.768 420.802 9.2471 10.3666 of
227.891 420.802 25.3964 10.3666 MREL
256.211 420.802 11.6759 10.3666 on
270.854 420.802 12.4873 10.3666 EU
286.218 420.802 45.996 10.3666 institution
335.18 420.802 16.836 10.3666 and
354.984 420.802 9.53746 10.3666 to
367.587 420.802 34.8985 10.3666 support
405.509 420.802 14.978 10.3666 the
423.392 420.802 28.2988 10.3666 report
454.715 420.802 11.6759 10.3666 on
469.234 420.802 25.3975 10.3666 MREL
497.678 420.802 26.676 10.3666 which

85.08 436.159 14.978 10.3666 the
105.357 436.159 17.6662 10.3666 EBA
128.268 436.159 6.83376 10.3666 is
140.145 436.159 45.9893 10.3666 mandated
191.256 436.159 9.41822 10.3666 to
205.896 436.159 37.1794 10.3666 produce
248.375 436.159 10.6404 10.3666 by
264.215 436.159 36.6131 10.3666 October
305.973 436.159 24.9824 10.3666 2016.
336.21 436.159 45.8425 10.3666 However,,
387.211 436.159 17.0182 10.3666 due
409.411 436.159 9.53856 10.3666 to
424.168 436.159 20.0453 10.3666 data
449.245 436.159 50.7376 10.3666 availability,
505.023 436.159 19.1588 10.3666 only

85.08 451.637 51.4354 10.3666 preliminary
139.789 451.637 37.9103 10.3666 analyses
180.938 451.637 14.4999 10.3666 are
198.695 451.637 38.1907 10.3666 included
240.09 451.637 8.31312 10.3666 in
251.603 451.637 14.978 10.3666 the
269.838 451.637 34.4205 10.3666 present
307.515 451.637 30.625 10.3666 impact
341.397 451.637 54.5001 10.3666 assessment.
399.109 451.637 33.4954 10.3666 Further
435.829 451.637 36.5071 10.3666 detailed
475.535 451.637 29.9968 10.3666 results
508.655 451.637 15.4825 10.3666 will

85.08 467.115 11.2575 10.3666 be
98.8767 467.115 43.7162 10.3666 published
145.074 467.115 10.7607 10.3666 by
158.39 467.115 14.8576 10.3666 the
175.787 467.115 17.7921 10.3666 EBA
196.064 467.115 8.31643 10.3666 in
206.744 467.115 17.0182 10.3666 due
226.301 467.115 32.6618 10.3666 course.

85.08 496.193 38.0662 14.9864 Policy
126.723 496.193 76.774 14.9864 background
207.238 496.193 24.4539 14.9864 and
235.315 496.193 55.2216 14.9864 problem
294.103 496.193 86.3691 14.9864 identification

85.08 526.063 10.6768 10.3666 As
101.041 526.063 43.5948 10.3666 described
149.88 526.063 8.31533 10.3666 in
163.316 526.063 14.978 10.3666 the
183.472 526.063 22.4763 10.3666 main
211.072 526.063 22.4013 10.3666 body
238.547 526.063 9.2471 10.3666 of
252.943 526.063 14.978 10.3666 the
273.099 526.063 55.5952 10.3666 consultation
333.938 526.063 28.9204 10.3666 paper,
368.014 526.063 39.9372 10.3666 Directive
413.129 526.063 54.3676 10.3666 2014/59/EU
472.768 526.063 18.2182 10.3666 (the
496.164 526.063 28.0648 10.3666 BRRD)

85.08 541.541 38.6356 10.3666 provides
129.12 541.541 5.28816 10.3666 a
139.8 541.541 49.1821 10.3666 framework
194.398 541.541 9.24821 10.3666 of
209.038 541.541 45.5157 10.3666 resolution
260.042 541.541 32.9964 10.3666 powers
298.442 541.541 18.4589 10.3666 that
322.323 541.541 6.71674 10.3666 is
334.563 541.541 40.3556 10.3666 intended
380.283 541.541 9.41822 10.3666 to
395.163 541.541 24.5784 10.3666 make
425.163 541.541 19.4183 10.3666 sure
450.003 541.541 18.4589 10.3666 that
473.883 541.541 50.3976 10.3666 institutions

85.08 557.019 53.6378 10.3666 themselves,
142.913 557.019 24.5165 10.3666 along
171.585 557.019 19.9537 10.3666 with
195.699 557.019 21.2509 10.3666 their
221.134 557.019 60.9574 10.3666 shareholders,
286.286 557.019 39.9582 10.3666 creditors
330.323 557.019 16.8338 10.3666 and
351.315 557.019 24.7329 10.3666 other
380.232 557.019 60.0432 10.3666 stakeholders,
444.36 557.019 20.413 10.3666 bear
468.961 557.019 14.9791 10.3666 the
488.161 557.019 22.7976 10.3666 costs
515.047 557.019 9.2471 10.3666 of

85.08 572.376 21.8217 10.3666 bank
109.921 572.376 31.5711 10.3666 failure.
144.473 572.376 18.2513 10.3666 But,
165.727 572.376 8.31312 10.3666 in
177.007 572.376 14.978 10.3666 the
195.01 572.376 39.2351 10.3666 interests
237.128 572.376 9.2471 10.3666 of
249.367 572.376 47.2015 10.3666 preserving
299.532 572.376 37.557 10.3666 financial
340.081 572.376 35.3501 10.3666 stability
378.474 572.376 16.8327 10.3666 and
398.274 572.376 14.978 10.3666 the
416.277 572.376 45.0774 10.3666 continuity
464.396 572.376 9.2471 10.3666 of
476.635 572.376 14.8576 10.3666 the
494.517 572.376 29.7627 10.3666 critical

85.091 587.854 43.5473 10.3666 economic
133.925 587.854 41.634 10.3666 functions
180.723 587.854 9.2471 10.3666 of
195.236 587.854 53.1521 10.3666 institutions,
253.545 587.854 31.2311 10.3666 certain
290.017 587.854 24.2372 10.3666 types
319.414 587.854 9.2471 10.3666 of
333.811 587.854 32.345 10.3666 liability
371.472 587.854 14.4955 10.3666 are
391.15 587.854 40.3534 10.3666 excluded
436.744 587.854 21.6572 10.3666 from
463.738 587.854 14.8576 10.3666 the
483.894 587.854 26.018 10.3666 scope
515.091 587.854 9.12677 10.3666 of

85.091 603.332 49.701 10.3666 application
137.517 603.332 9.2471 10.3666 of
149.518 603.332 14.978 10.3666 the
167.279 603.332 27.77 10.3666 bail-in
197.894 603.332 17.7689 10.3666 tool
218.412 603.332 9.73397 10.3666 or
231.017 603.332 14.4999 10.3666 are
248.299 603.332 44.7374 10.3666 otherwise
295.94 603.332 44.0772 10.3666 protected
342.862 603.332 21.7786 10.3666 from
367.461 603.332 44.1953 10.3666 absorbing
414.499 603.332 26.7543 10.3666 losses
444.018 603.332 8.1961 10.3666 in
455.059 603.332 48.3773 10.3666 resolution.
506.177 603.332 17.9941 10.3666 This

85.091 618.688 32.7568 10.3666 creates
120.854 618.688 5.28816 10.3666 a
129.137 618.688 40.4484 10.3666 potential
172.581 618.688 40.7796 10.3666 incentive
216.385 618.688 13.0934 10.3666 for
232.348 618.688 50.3987 10.3666 institutions
285.63 618.688 9.53856 10.3666 to
298.111 618.688 20.2628 10.3666 seek
321.393 618.688 9.41822 10.3666 to
333.876 618.688 21.3127 10.3666 raise
358.214 618.688 5.28816 10.3666 a
366.494 618.688 32.7711 10.3666 greater
402.136 618.688 48.5208 10.3666 proportion
453.623 618.688 9.24821 10.3666 of
465.863 618.688 21.2498 10.3666 their
490.104 618.688 34.1147 10.3666 funding

85.091 634.166 21.8989 10.3666 from
110.285 634.166 24.6976 10.3666 these
138.241 634.166 30.8303 10.3666 classes
172.311 634.166 9.2471 10.3666 of
184.788 634.166 42.3638 10.3666 liabilities.
230.37 634.166 11.2188 10.3666 To
244.886 634.166 25.8347 10.3666 guard
274.042 634.166 32.0105 10.3666 against
309.31 634.166 19.1356 10.3666 this,
331.68 634.166 14.978 10.3666 the
349.916 634.166 24.6645 10.3666 BRRD
377.867 634.166 37.0778 10.3666 requires
418.184 634.166 50.3888 10.3666 institutions
471.817 634.166 9.53856 10.3666 to
484.537 634.166 39.744 10.3666 maintain

85.08 649.644 8.97552 10.3666 at
97.5541 649.644 10.3224 10.3666 all
111.343 649.644 24.8367 10.3666 times
139.541 649.644 11.0731 10.3666 an
154.08 649.644 25.3953 10.3666 MREL
182.872 649.644 26.5556 10.3666 which
212.87 649.644 8.62445 10.3666 a)
224.988 649.644 6.83376 10.3666 is
235.312 649.644 28.1123 10.3666 within
266.867 649.644 14.978 10.3666 the
285.344 649.644 25.8976 10.3666 scope
314.742 649.644 9.24821 10.3666 of
327.34 649.644 14.978 10.3666 the
345.817 649.644 27.7634 10.3666 bail-in
377.022 649.644 20.6448 10.3666 tool,
401.023 649.644 16.836 10.3666 and
421.302 649.644 9.10579 10.3666 b)
433.778 649.644 27.8429 10.3666 meets
464.988 649.644 31.3558 10.3666 certain
499.666 649.644 24.6126 10.3666 other

85.069 665.001 31.9266 10.3666 criteria
119.502 665.001 39.8665 10.3666 specified
161.85 665.001 8.31312 10.3666 in
172.645 665.001 29.012 10.3666 Article
203.959 665.001 14.0628 10.3666 48.

85.069 692.48 17.9963 10.3666 This
108.589 692.48 25.3964 10.3666 MREL
139.429 692.48 22.6585 10.3666 must
167.509 692.48 11.2575 10.3666 be
184.309 692.48 13.418 10.3666 set
203.148 692.48 10.7607 10.3666 by
219.469 692.48 45.5157 10.3666 resolution
270.468 692.48 48.7162 10.3666 authorities
324.588 692.48 11.6748 10.3666 on
341.748 692.48 5.28816 10.3666 a
352.547 692.48 56.8505 10.3666 case-by-case
414.94 692.48 24.978 10.3666 basis.
445.175 692.48 16.6583 10.3666 The
467.375 692.48 56.845 10.3666 case-by-case

85.0469 707.958 51.8184 10.3666 assessment
139.527 707.958 28.3121 10.3666 allows
170.482 707.958 12.9731 10.3666 for
186.083 707.958 14.978 10.3666 the
203.602 707.958 25.3975 10.3666 MREL
231.682 707.958 9.53856 10.3666 to
243.922 707.958 19.4183 10.3666 take
266.002 707.958 35.6184 10.3666 account
304.283 707.958 9.2471 10.3666 of
316.163 707.958 14.8576 10.3666 the
333.802 707.958 33.2304 10.3666 specific
369.682 707.958 37.1982 10.3666 features
409.525 707.958 9.2471 10.3666 of
421.404 707.958 21.2763 10.3666 each
445.284 707.958 48.8399 10.3666 institution,
496.764 707.958 15.2186 10.3666 but
514.644 707.958 9.41822 10.3666 to

85.0469 723.314 30.7 10.3666 ensure
121.168 723.314 5.28816 10.3666 a
131.726 723.314 41.4872 10.3666 sufficient
178.514 723.314 31.0588 10.3666 degree
214.874 723.314 9.24821 10.3666 of
229.51 723.314 65.1879 10.3666 harmonisation
299.939 723.314 28.1023 10.3666 across
333.444 723.314 14.978 10.3666 the
353.722 723.314 27.0359 10.3666 Union
386.001 723.314 14.978 10.3666 the
406.279 723.314 24.6689 10.3666 BRRD
436.277 723.314 36.9564 10.3666 requires
478.635 723.314 45.5157 10.3666 resolution

85.0469 738.792 48.831 10.3666 authorities
138.32 738.792 9.41822 10.3666 to
152.241 738.792 13.5384 10.3666 set
170.24 738.792 14.978 10.3666 the
189.681 738.792 25.2772 10.3666 MREL
219.441 738.792 11.6759 10.3666 on
235.64 738.792 14.8576 10.3666 the
255.079 738.792 22.1904 10.3666 basis
281.593 738.792 9.2471 10.3666 of
295.389 738.792 11.6141 10.3666 six
311.462 738.792 39.6358 10.3666 common
355.501 738.792 34.5585 10.3666 criteria,
394.62 738.792 16.8327 10.3666 and
415.975 738.792 12.9731 10.3666 for
433.375 738.792 24.6987 10.3666 these
462.536 738.792 31.9255 10.3666 criteria
498.893 738.792 9.41822 10.3666 to
512.933 738.792 11.1383 10.3666 be

85.0469 754.271 31.8129 10.3666 further
121.77 754.271 39.9957 10.3666 specified
166.653 754.271 8.31533 10.3666 in
179.857 754.271 40.328 10.3666 technical
225.101 754.271 44.0364 10.3666 standards
274.065 754.271 47.196 10.3666 developed
326.025 754.271 10.7607 10.3666 by
341.748 754.271 14.978 10.3666 the
361.672 754.271 20.5421 10.3666 EBA.
387.09 754.271 17.9941 10.3666 This
410.011 754.271 21.9343 10.3666 draft
436.892 754.271 30.6934 10.3666 impact
472.531 754.271 51.697 10.3666 assessment

85.0469 769.627 42.8186 10.3666 therefore
131.851 769.627 21.3569 10.3666 does
157.175 769.627 15.2186 10.3666 not
176.379 769.627 20.1425 10.3666 seek
200.507 769.627 9.41822 10.3666 to
213.95 769.627 27.9312 10.3666 assess
245.848 769.627 14.8587 10.3666 the
264.692 769.627 30.6989 10.3666 impact
299.253 769.627 9.2471 10.3666 of
312.455 769.627 51.2797 10.3666 introducing
367.654 769.627 11.0764 10.3666 an
382.658 769.627 25.3964 10.3666 MREL
412.061 769.627 59.1589 10.3666 requirement,
475.062 769.627 9.59707 10.3666 as
488.626 769.627 16.3171 10.3666 this
508.91 769.627 15.3566 10.3666 has

85.08 37.8787 11.9675 7.54956 RTS
98.8782 37.8787 10.4737 7.54956 ON
111.119 37.8787 18.4944 7.54956 MREL

512.88 796.543 11.2387 10.3666 28

85.08 116.743 33.1951 10.3666 already
122.995 116.743 22.4763 10.3666 been
150.117 116.743 22.7777 10.3666 done
177.478 116.743 8.31312 10.3666 in
190.437 116.743 14.978 10.3666 the
209.998 116.743 27.4962 10.3666 BRRD.
242.153 116.743 33.0328 10.3666 Instead
279.83 116.743 6.21552 10.3666 it
290.628 116.743 24.5971 10.3666 seeks
319.79 116.743 9.41822 10.3666 to
333.951 116.743 34.0352 10.3666 identify
372.586 116.743 14.9791 10.3666 the
392.148 116.743 39.2428 10.3666 marginal
435.942 116.743 30.6967 10.3666 impact
471.221 116.743 9.24821 10.3666 of
485.023 116.743 39.2075 10.3666 different

85.08 132.221 52.0768 10.3666 approaches
139.56 132.221 26.676 10.3666 which
168.717 132.221 24.5154 10.3666 could
195.713 132.221 11.2575 10.3666 be
209.39 132.221 25.3567 10.3666 taken
237.111 132.221 9.53746 10.3666 to
249.108 132.221 49.2406 10.3666 developing
300.821 132.221 24.8179 10.3666 these
327.941 132.221 40.4484 10.3666 technical
370.898 132.221 46.7014 10.3666 standards.

85.08 161.273 54.2672 14.9864 Baseline

85.08 191.143 26.0169 10.3666 There
116.153 191.143 14.4988 10.3666 are
135.708 191.143 17.3339 10.3666 two
158.018 191.143 26.4099 10.3666 major
189.364 191.143 46.9123 10.3666 challenges
241.314 191.143 8.31312 10.3666 in
254.625 191.143 53.0715 10.3666 establishing
312.691 191.143 5.28816 10.3666 a
323.047 191.143 37.1695 10.3666 baseline
365.28 191.143 12.972 10.3666 for
383.28 191.143 41.4353 10.3666 assessing
429.716 191.143 14.978 10.3666 the
449.52 191.143 30.8126 10.3666 impact
485.279 191.143 9.2471 10.3666 of
499.439 191.143 24.8179 10.3666 these

85.091 206.621 40.4428 10.3666 technical
129.008 206.621 46.7941 10.3666 standards,
179.162 206.621 26.6737 10.3666 which
209.277 206.621 21.454 10.3666 arise
234.23 206.621 36.8162 10.3666 because
274.428 206.621 14.978 10.3666 the
292.907 206.621 56.5005 10.3666 requirement
352.906 206.621 9.41712 10.3666 to
365.864 206.621 13.4191 10.3666 set
382.781 206.621 11.0731 10.3666 an
397.296 206.621 25.3964 10.3666 MREL
426.214 206.621 6.83376 10.3666 is
436.528 206.621 5.28816 10.3666 a
445.165 206.621 19.1743 10.3666 new
467.843 206.621 56.3802 10.3666 requirement

85.091 221.977 49.2362 10.3666 introduced
137.768 221.977 10.7607 10.3666 by
151.927 221.977 14.978 10.3666 the
170.405 221.977 27.5017 10.3666 BRRD.
201.244 221.977 38.8939 10.3666 Member
243.602 221.977 27.4775 10.3666 States
274.561 221.977 11.4584 10.3666 do
289.558 221.977 15.2175 10.3666 not
308.276 221.977 40.5223 10.3666 currently
352.314 221.977 13.4191 10.3666 set
369.233 221.977 29.7738 10.3666 similar
402.471 221.977 60.7178 10.3666 requirements
466.67 221.977 16.836 10.3666 and
486.948 221.977 10.1557 10.3666 so
500.643 221.977 8.5008 10.3666 a)
512.636 221.977 11.5788 10.3666 do

85.091 237.456 15.339 10.3666 not
103.931 237.456 62.949 10.3666 systematically
170.399 237.456 29.3752 10.3666 collect
203.157 237.456 20.0442 10.3666 data
226.67 237.456 11.6759 10.3666 on
241.91 237.456 14.8576 10.3666 the
260.389 237.456 35.0189 10.3666 amount
298.909 237.456 9.2471 10.3666 of
311.629 237.456 53.5539 10.3666 outstanding
368.742 237.456 39.6965 10.3666 liabilities
411.92 237.456 26.6737 10.3666 which
441.918 237.456 28.5108 10.3666 satisfy
473.947 237.456 14.978 10.3666 the
492.427 237.456 31.8107 10.3666 criteria

85.091 252.934 13.089 10.3666 for
100.808 252.934 39.7484 10.3666 inclusion
143.158 252.934 8.31312 10.3666 in
153.955 252.934 28.2105 10.3666 MREL,
184.804 252.934 16.8327 10.3666 and
204.24 252.934 9.10469 10.3666 b)
215.999 252.934 21.5766 10.3666 have
240.236 252.934 11.5776 10.3666 no
254.396 252.934 51.0269 10.3666 established
308.026 252.934 40.1955 10.3666 practices
350.865 252.934 12.9731 10.3666 for
366.465 252.934 30.636 10.3666 setting
399.7 252.934 60.7189 10.3666 requirements
463.061 252.934 32.0105 10.3666 against
497.731 252.934 26.5534 10.3666 which

85.08 268.412 9.53856 10.3666 to
97.1975 268.412 39.5784 10.3666 compare
139.195 268.412 14.9791 10.3666 the
156.713 268.412 30.6978 10.3666 impact
189.83 268.412 9.24821 10.3666 of
201.467 268.412 14.8576 10.3666 the
218.864 268.412 19.2206 10.3666 RTS.

85.08 297.473 67.9178 14.9864 Objectives

85.08 327.343 16.6572 10.3666 The
105.358 327.343 33.608 10.3666 general
142.556 327.343 41.018 10.3666 objective
187.076 327.343 9.2471 10.3666 of
199.916 327.343 24.6976 10.3666 these
228.235 327.343 40.4439 10.3666 technical
272.274 327.343 43.9116 10.3666 standards
319.788 327.343 6.83707 10.3666 is
330.227 327.343 9.53856 10.3666 to
343.426 327.343 30.6978 10.3666 ensure
377.745 327.343 18.3374 10.3666 that
399.703 327.343 14.978 10.3666 the
418.301 327.343 25.3975 10.3666 MREL
447.221 327.343 45.7166 10.3666 provisions
496.54 327.343 9.2471 10.3666 of
509.378 327.343 14.8576 10.3666 the

85.069 342.821 24.7892 10.3666 BRRD
114.227 342.821 35.3788 10.3666 operate
153.945 342.821 46.4011 10.3666 effectively
204.705 342.821 9.53856 10.3666 to
218.625 342.821 30.6978 10.3666 ensure
253.665 342.821 18.4589 10.3666 that
276.584 342.821 50.2773 10.3666 institutions
331.184 342.821 15.7552 10.3666 can
351.342 342.821 11.2575 10.3666 be
366.939 342.821 38.1962 10.3666 resolved
409.537 342.821 8.31643 10.3666 in
422.137 342.821 5.28816 10.3666 a
431.855 342.821 17.961 10.3666 way
454.293 342.821 18.46 10.3666 that
476.975 342.821 27.8363 10.3666 meets
509.134 342.821 14.978 10.3666 the

85.069 358.177 45.636 10.3666 resolution
133.064 358.177 48.1432 10.3666 objectives.

85.069 385.656 16.6572 10.3666 The
104.265 385.656 33.2304 10.3666 specific
139.906 385.656 45.4771 10.3666 objectives
187.783 385.656 9.2471 10.3666 of
199.42 385.656 14.8576 10.3666 the
216.817 385.656 16.4662 10.3666 RTS
235.773 385.656 14.4977 10.3666 are
252.81 385.656 12.4388 10.3666 to:

103.064 413.135 8.42352 10.3666 1.
121.07 413.135 30.2121 10.3666 Enable
156.107 413.135 29.882 10.3666 similar
190.658 413.135 25.3975 10.3666 MREL
220.901 413.135 60.8381 10.3666 requirements
286.545 413.135 9.41822 10.3666 to
300.827 413.135 11.2575 10.3666 be
316.91 413.135 13.5384 10.3666 set
335.273 413.135 12.9731 10.3666 for
353.037 413.135 50.3888 10.3666 institutions
408.11 413.135 19.9526 10.3666 with
432.83 413.135 29.7638 10.3666 similar
467.385 413.135 15.7033 10.3666 risk
487.787 413.135 36.4717 10.3666 profiles,

121.07 428.491 56.9907 10.3666 resolvability,
180.578 428.491 16.8327 10.3666 and
199.893 428.491 24.6137 10.3666 other
226.895 428.491 64.5531 10.3666 characteristics
293.97 428.491 45.9529 10.3666 regardless
342.326 428.491 9.2471 10.3666 of
354.08 428.491 21.2509 10.3666 their
377.837 428.491 40.933 10.3666 domicile.
421.145 428.491 2.95872 10.3666 ;

103.075 455.97 8.42352 10.3666 2.
121.081 455.97 34.1787 10.3666 Provide
160.559 455.97 41.368 10.3666 sufficient
207.227 455.97 26.018 10.3666 scope
238.544 455.97 9.41822 10.3666 to
253.301 455.97 19.4149 10.3666 take
278.015 455.97 17.8152 10.3666 into
301.169 455.97 35.6184 10.3666 account
341.97 455.97 14.978 10.3666 the
362.13 455.97 33.3397 10.3666 specific
400.758 455.97 64.4328 10.3666 characteristics
470.471 455.97 9.2471 10.3666 of
484.867 455.97 39.3289 10.3666 different

121.081 471.448 53.2746 10.3666 institutions,
176.754 471.448 16.8338 10.3666 and
196.068 471.448 8.31312 10.3666 in
206.863 471.448 43.0869 10.3666 particular
252.456 471.448 9.53856 10.3666 to
264.454 471.448 30.7 10.3666 ensure
297.572 471.448 18.4567 10.3666 that
318.451 471.448 14.978 10.3666 the
335.968 471.448 38.7338 10.3666 principle
377.241 471.448 9.2471 10.3666 of
388.995 471.448 67.5118 10.3666 proportionality
459.063 471.448 6.83376 10.3666 is
468.297 471.448 47.4819 10.3666 respected;

85.08 500.513 15.4796 14.9864 As
104.167 500.513 18.1657 14.9864 far
125.89 500.513 13.9187 14.9864 as
143.415 500.513 9.96064 14.9864 is
156.975 500.513 66.8995 14.9864 consistent
227.529 500.513 28.8924 14.9864 with
260.049 500.513 21.7423 14.9864 the
285.37 500.513 30.3607 14.9864 aims
319.449 500.513 24.4587 14.9864 and
347.536 500.513 25.6206 14.9864 text
376.811 500.513 13.2675 14.9864 of
393.726 500.513 21.7423 14.9864 the
419.046 500.513 39.8697 14.9864 BRRD,
462.485 500.513 22.1477 14.9864 not

85.08 520.08 41.1896 14.9864 create
129.848 520.08 65.4488 14.9864 additional
198.969 520.08 60.715 14.9864 obstacles
263.291 520.08 13.8102 14.9864 to
280.684 520.08 66.2085 14.9864 resolution
350.514 520.08 70.7954 14.9864 authorities
424.916 520.08 44.597 14.9864 setting

85.08 539.647 88.2061 14.9864 requirements
176.893 539.647 19.01 14.9864 for
199.575 539.647 36.7144 14.9864 G-SIIs
239.897 539.647 38.6184 14.9864 which
282.143 539.647 21.1486 14.9864 are
306.983 539.647 66.9059 14.9864 consistent
377.531 539.647 28.894 14.9864 with
410.053 539.647 21.7487 14.9864 the
435.38 539.647 33.4809 14.9864 FSB’s
472.46 539.647 32.3876 14.9864 TLAC

85.08 559.214 101.06 14.9864 proposalsPolicy
189.829 559.214 49.0706 14.9864 options

85.08 588.943 67.132 10.3555 Determination
154.685 588.943 9.36854 10.3555 of
166.562 588.943 17.3648 10.3555 loss
186.479 588.943 49.7374 10.3555 absorption
238.689 588.943 17.2125 10.3555 and
258.375 588.943 70.8525 10.3555 recapitalisation
331.7 588.943 43.1465 10.3555 amounts,
377.397 588.943 17.2092 10.3555 and
397.075 588.943 52.6652 10.3555 assessment
452.266 588.943 9.36854 10.3555 of
464.143 588.943 16.337 10.3555 risk
482.978 588.943 32.9676 10.3555 profile,

85.08 602.378 35.01 10.3555 funding
122.655 602.378 30.2772 10.3555 profile
155.296 602.378 17.2125 10.3555 and
174.981 602.378 39.213 10.3555 business
216.629 602.378 28.9999 10.3555 model

85.08 647.256 26.1328 10.3666 While
115.32 647.256 35.4307 10.3666 drafting
154.795 647.256 14.978 10.3666 the
173.88 647.256 19.1997 10.3666 RTS,
197.16 647.256 14.8587 10.3666 the
216.12 647.256 17.7876 10.3666 EBA
237.955 647.256 49.4758 10.3666 considered
291.475 647.256 31.9277 10.3666 several
327.352 647.256 26.3547 10.3666 policy
357.705 647.256 33.8354 10.3666 options
395.623 647.256 26.6539 10.3666 under
426.351 647.256 24.0981 10.3666 three
454.556 647.256 33.3496 10.3666 specific
492 647.256 32.2578 10.3666 subject

85.08 662.734 35.1569 10.3666 matters

103.086 690.213 8.58912 10.3555 1.
121.092 690.213 57.2965 10.3555 Relationship
180.862 690.213 40.3733 10.3555 between
223.708 690.213 46.7323 10.3555 resolution
272.913 690.213 42.5625 10.3555 authority
318.039 690.213 17.2125 10.3555 and
337.725 690.213 49.9152 10.3555 competent
390.166 690.213 42.6817 10.3555 authority
435.411 690.213 56.9642 10.3555 assessments

157.08 717.583 31.7334 10.3555 Option
191.888 717.583 5.59728 10.3555 1
203.404 717.583 17.9963 10.3666 This
224.28 717.583 27.7557 10.3666 would
254.882 717.583 32.6177 10.3666 require
290.403 717.583 14.978 10.3666 the
308.285 717.583 45.5157 10.3666 resolution
356.646 717.583 41.3614 10.3666 authority
400.799 717.583 9.53856 10.3666 to
413.281 717.583 36.7809 10.3666 perform
453.003 717.583 11.0764 10.3666 an
466.924 717.583 57.2181 10.3666 independent

157.08 733.061 51.8085 10.3666 assessment
214.808 733.061 9.53856 10.3666 to
230.173 733.061 46.7776 10.3666 determine
282.737 733.061 8.62555 10.3666 a)
297.137 733.061 14.978 10.3666 the
318.021 733.061 38.4358 10.3666 required
362.306 733.061 31.1725 10.3666 degree
399.261 733.061 9.2471 10.3666 of
414.385 733.061 16.9166 10.3666 loss
437.07 733.061 51.5579 10.3666 absorption;
494.434 733.061 9.10469 10.3666 b)
509.313 733.061 14.9647 10.3666 the

157.102 748.539 38.2768 10.3666 business
197.899 748.539 31.2001 10.3666 model,
231.496 748.539 34.1202 10.3666 funding
268.089 748.539 16.836 10.3666 and
287.406 748.539 15.7033 10.3666 risk
305.643 748.539 29.2571 10.3666 profile
337.341 748.539 9.2471 10.3666 of
349.098 748.539 14.978 10.3666 the
366.494 748.539 38.0759 10.3666 resolved
407.052 748.539 29.0639 10.3666 entity.

85.08 37.8787 11.9675 7.54956 RTS
98.8782 37.8787 10.4737 7.54956 ON
111.119 37.8787 18.4944 7.54956 MREL

512.88 796.543 11.2387 10.3666 29

157.08 116.743 31.7334 10.3555 Option
193.805 116.743 5.59728 10.3555 2
204.368 116.743 18.5693 10.3555 This
227.88 116.743 27.7557 10.3666 would
260.524 116.743 32.6177 10.3666 require
298.087 116.743 14.978 10.3666 the
317.891 116.743 45.5168 10.3666 resolution
368.175 116.743 41.3614 10.3666 authority
414.375 116.743 9.53856 10.3666 to
428.78 116.743 19.4183 10.3666 take
453.024 116.743 14.9791 10.3666 the
472.828 116.743 51.4409 10.3666 supervisory

157.08 132.221 51.4729 10.3666 authorities’
211.434 132.221 58.7979 10.3666 assessments,
273.114 132.221 9.47674 10.3666 as
285.475 132.221 45.2784 10.3666 expressed
333.599 132.221 8.31312 10.3666 in
344.757 132.221 8.62224 10.3666 a)
356.275 132.221 29.7605 10.3666 capital
388.906 132.221 60.8381 10.3666 requirements
452.63 132.221 9.47674 10.3666 as
464.992 132.221 5.28816 10.3666 a
473.151 132.221 38.98 10.3666 measure
515.034 132.221 9.12787 10.3666 of

157.08 147.577 38.5561 10.3666 required
201.484 147.577 17.0369 10.3666 loss
224.409 147.577 51.6804 10.3666 absorbency
281.893 147.577 16.836 10.3666 and
304.577 147.577 9.10579 10.3666 b)
319.581 147.577 51.7942 10.3666 supervisory
377.298 147.577 30.0939 10.3666 review
413.303 147.577 56.0236 10.3666 assessments
475.211 147.577 9.59707 10.3666 as
490.692 147.577 33.5969 10.3666 regards

157.08 163.056 38.2735 10.3666 business
197.995 163.056 31.1968 10.3666 model,
231.831 163.056 15.7033 10.3666 risk
250.189 163.056 31.9155 10.3666 profile,
284.743 163.056 16.8327 10.3666 and
304.179 163.056 34.1136 10.3666 funding
341.012 163.056 28.5682 10.3666 model
372.208 163.056 9.59376 10.3666 as
384.443 163.056 5.28816 10.3666 a
392.359 163.056 34.2361 10.3666 starting
429.194 163.056 26.3977 10.3666 point,
458.23 163.056 16.8327 10.3666 and
477.666 163.056 38.6345 10.3666 provides
518.824 163.056 5.28816 10.3666 a

157.08 178.534 41.7963 10.3666 reasoned
201.357 178.534 52.7182 10.3666 explanation
256.439 178.534 9.2471 10.3666 of
268.196 178.534 15.9219 10.3666 any
286.674 178.534 49.1964 10.3666 departures
338.391 178.534 21.7819 10.3666 from
362.629 178.534 27.5017 10.3666 these.

103.08 205.903 8.58912 10.3555 2.
121.086 205.903 29.511 10.3555 Extent
153.125 205.903 9.36854 10.3555 of
165.002 205.903 70.9717 10.3555 recapitalisation
238.329 205.903 34.256 10.3555 needed
275.058 205.903 9.78034 10.3555 to
287.295 205.903 40.9728 10.3555 maintain
330.74 205.903 42.4797 10.3555 sufficient
375.746 205.903 32.9897 10.3555 market
411.146 205.903 50.2055 10.3555 confidence

157.08 233.383 31.7334 10.3555 Option
191.767 233.383 8.68627 10.3555 1:
203.289 233.383 16.6583 10.3666 The
222.724 233.383 20.8877 10.3666 level
246.239 233.383 9.2471 10.3666 of
258.235 233.383 22.1573 10.3666 CET1
283.195 233.383 29.7594 10.3666 capital
315.704 233.383 21.6097 10.3666 after
340.062 233.383 45.5113 10.3666 resolution
388.177 233.383 27.7535 10.3666 would
418.655 233.383 11.2575 10.3666 be
432.695 233.383 61.5966 10.3666 benchmarked
497.015 233.383 9.53856 10.3666 to
509.255 233.383 14.8587 10.3666 the

157.08 248.861 22.2754 10.3666 CET1
181.914 248.861 25.1966 10.3666 levels
209.514 248.861 9.2471 10.3666 of
221.272 248.861 20.5333 10.3666 peer
244.309 248.861 53.0638 10.3666 institutions.

157.08 276.218 31.7334 10.3555 Option
191.651 276.218 8.68738 10.3555 2:
203.175 276.218 16.6572 10.3666 The
222.615 276.218 21.008 10.3666 level
246.252 276.218 9.2471 10.3666 of
258.24 276.218 22.038 10.3666 CET1
283.08 276.218 29.7616 10.3666 capital
315.59 276.218 21.6108 10.3666 after
339.95 276.218 45.5113 10.3666 resolution
388.186 276.218 29.9129 10.3666 should
420.822 276.218 11.2575 10.3666 be
434.862 276.218 8.97552 10.3666 at
446.618 276.218 21.2167 10.3666 least
470.616 276.218 41.368 10.3666 sufficient
514.646 276.218 9.53856 10.3666 to

157.08 291.696 23.4986 10.3666 meet
185.039 291.696 50.4241 10.3666 anticipated
239.745 291.696 29.7594 10.3666 capital
273.815 291.696 27.4852 10.3666 buffer
305.727 291.696 63.4811 10.3666 requirements,
373.528 291.696 21.7267 10.3666 after
399.442 291.696 37.5879 10.3666 allowing
441.428 291.696 12.9731 10.3666 for
458.707 291.696 16.0378 10.3666 any
479.102 291.696 44.9129 10.3666 estimated

157.08 307.174 47.7568 10.3666 reductions
207.357 307.174 8.31533 10.3666 in
218.034 307.174 29.7683 10.3666 capital
250.311 307.174 60.7167 10.3666 requirements
313.548 307.174 17.0182 10.3666 due
332.988 307.174 9.53856 10.3666 to
344.985 307.174 14.9791 10.3666 the
362.503 307.174 48.1443 10.3666 resolution.

157.08 334.653 31.7334 10.3555 Option
191.651 334.653 8.68738 10.3555 3:
203.175 334.653 16.6572 10.3666 The
222.615 334.653 21.008 10.3666 level
246.252 334.653 9.2471 10.3666 of
258.24 334.653 22.038 10.3666 CET1
283.08 334.653 29.7616 10.3666 capital
315.59 334.653 21.6108 10.3666 after
339.95 334.653 45.5113 10.3666 resolution
388.186 334.653 29.9129 10.3666 should
420.822 334.653 11.2575 10.3666 be
434.862 334.653 8.97552 10.3666 at
446.618 334.653 21.2167 10.3666 least
470.616 334.653 41.368 10.3666 sufficient
514.646 334.653 9.53856 10.3666 to

157.08 350.009 23.4986 10.3666 meet
185.039 350.009 50.4241 10.3666 anticipated
239.745 350.009 29.7594 10.3666 capital
273.815 350.009 27.4852 10.3666 buffer
305.727 350.009 63.4811 10.3666 requirements,
373.528 350.009 21.7267 10.3666 after
399.442 350.009 37.5879 10.3666 allowing
441.428 350.009 12.9731 10.3666 for
458.707 350.009 16.0378 10.3666 any
479.102 350.009 44.9129 10.3666 estimated

157.08 365.487 47.7557 10.3666 reductions
208.196 365.487 8.31533 10.3666 in
219.717 365.487 29.7672 10.3666 capital
252.832 365.487 60.7167 10.3666 requirements
316.908 365.487 17.0171 10.3666 due
337.188 365.487 9.53856 10.3666 to
350.027 365.487 14.978 10.3666 the
368.383 365.487 45.5157 10.3666 resolution
417.219 365.476 16.9574 10.0354 and
437.518 365.487 14.978 10.3666 the
455.874 365.487 68.3122 10.3666 post-resolution

157.08 380.965 38.2735 10.3666 business
197.874 380.965 67.8176 10.3666 reorganisation.

103.08 408.343 8.58912 10.3555 3.
121.086 408.343 54.1148 10.3555 Assessment
177.608 408.343 9.36854 10.3555 of
189.485 408.343 31.4353 10.3555 impact
223.446 408.343 9.36854 10.3555 of
235.323 408.343 47.0127 10.3555 exclusions
284.887 408.343 22.2953 10.3555 from
309.604 408.343 92.9325 10.3555 loss/recapitalisation
405.01 408.343 25.9098 10.3555 MREL

157.08 435.823 31.7334 10.3555 Option
191.998 435.823 8.68958 10.3555 1:
203.879 435.823 16.6583 10.3666 The
223.563 435.823 16.4673 10.3666 RTS
243.007 435.823 27.7601 10.3666 would
273.949 435.823 35.9164 10.3666 develop
312.954 435.823 5.28816 10.3666 a
321.238 435.823 35.4075 10.3666 formula
359.642 435.823 9.61253 10.3666 or
372.368 435.823 39.5916 10.3666 formulas
415.087 435.823 13.089 10.3666 for
431.168 435.823 41.4342 10.3666 assessing
475.687 435.823 14.8576 10.3666 the
493.691 435.823 30.5753 10.3666 impact

157.069 451.301 9.2471 10.3666 of
168.822 451.301 45.9639 10.3666 exclusions
217.189 451.301 11.6759 10.3666 on
231.226 451.301 28.2271 10.3666 MREL.

157.069 478.658 31.7334 10.3555 Option
195.597 478.658 8.67854 10.3555 2:
211.066 478.658 16.6572 10.3666 The
234.468 478.658 16.3458 10.3666 RTS
257.51 478.658 27.6364 10.3666 would
291.956 478.658 37.897 10.3666 describe
336.598 478.658 38.8531 10.3666 principle
382.197 478.658 12.9731 10.3666 for
401.758 478.658 47.6663 10.3666 identifying
456.108 478.658 14.978 10.3666 the
477.713 478.658 30.6956 10.3666 impact
515.03 478.658 9.24821 10.3666 of

157.08 494.136 46.0765 10.3666 exclusions
205.557 494.136 11.6759 10.3666 on
219.593 494.136 28.2227 10.3666 MREL.

117.6 555.823 21.6572 10.3555 Area

191.28 555.823 27.0778 10.3555 Policy
220.921 555.823 34.4139 10.3555 options

326.64 555.823 20.1292 10.3555 Pros

460.32 555.823 22.0491 10.3555 Cons

85.08 627.463 8.42352 10.3666 1.
103.086 627.463 57.2965 10.3555 Relationship

103.086 642.819 40.4892 10.3555 between

103.086 658.297 46.8582 10.3555 resolution

103.086 673.776 42.6817 10.3555 authority
148.331 673.776 17.2125 10.3555 and

103.086 689.132 50.0399 10.3555 competent

103.086 704.61 42.6817 10.3555 authority

103.086 720.088 57.1982 10.3555 assessments

182.64 648.823 30.9959 10.3666 Option
215.995 648.823 8.59906 10.3666 1:

182.64 664.303 57.578 10.3666 Independent

182.64 679.781 51.8085 10.3666 assessment
236.867 679.781 9.41822 10.3666 to
248.865 679.781 11.2575 10.3666 be

182.64 695.137 48.2757 10.3666 performed
233.398 695.137 10.6415 10.3666 by
246.595 695.137 14.9769 10.3666 the

182.64 710.616 45.636 10.3666 resolution

182.64 726.094 41.3569 10.3666 authority

274.8 597.552 5.0784 10.1568 •
292.806 598.303 34.5563 10.3666 Enables
329.883 598.303 45.5157 10.3666 resolution

292.806 613.659 41.3569 10.3666 authority
336.72 613.659 9.41822 10.3666 to
348.717 613.659 38.173 10.3666 consider

292.806 629.137 31.0721 10.3666 factors
326.283 629.137 24.6126 10.3666 other
353.28 629.137 20.5521 10.3666 than

292.806 644.616 29.7594 10.3666 capital
325.072 644.616 60.7178 10.3666 requirements

292.806 659.972 19.5828 10.3666 (e.g.
314.884 659.972 40.9253 10.3666 historical
358.315 659.972 16.9133 10.3666 loss

292.806 675.45 52.6674 10.3666 experience)

274.811 702.774 5.0784 10.1568 •
292.817 703.525 34.4349 10.3666 Permits
329.652 703.525 14.161 10.3666 full

292.817 718.882 63.8178 10.3666 independence
359.053 718.882 9.2471 10.3666 of

292.817 734.36 45.6372 10.3666 resolution
340.935 734.36 41.2377 10.3666 authority

292.817 749.838 48.6941 10.3666 judgement

409.455 589.846 5.0784 10.1568 •
427.461 590.597 41.9962 10.3666 Increases
471.978 590.597 40.4439 10.3666 potential
514.928 590.597 12.9731 10.3666 for

427.461 605.953 33.0891 10.3666 conflict
462.968 605.953 16.8338 10.3666 and
482.286 605.953 36.5733 10.3666 possible

427.461 621.432 46.3989 10.3666 regulatory
476.416 621.432 40.7729 10.3666 arbitrage

427.461 636.788 39.6358 10.3666 between
469.578 636.788 46.5733 10.3666 supervisor

427.461 652.266 16.836 10.3666 and
446.778 652.266 45.636 10.3666 resolution

427.461 667.744 41.3569 10.3666 authority

409.455 694.958 5.0784 10.1568 •
427.461 695.709 34.6844 10.3666 Unclear
464.654 695.709 19.4138 10.3666 how
486.49 695.709 9.53856 10.3666 to

427.461 711.187 41.793 10.3666 constrain
471.614 711.187 16.3138 10.3666 this

427.461 726.665 44.436 10.3666 discretion
474.378 726.665 24.6126 10.3666 other
501.494 726.665 20.5554 10.3666 than

427.461 742.021 10.7618 10.3666 by
440.779 742.021 47.3097 10.3666 replicating

427.461 757.5 51.6838 10.3666 supervisory
481.58 757.5 44.0319 10.3666 standards

85.08 37.8787 11.9675 7.54956 RTS
98.8782 37.8787 10.4737 7.54956 ON
111.119 37.8787 18.4944 7.54956 MREL

512.88 796.543 11.2387 10.3666 30

409.44 123.312 5.0784 10.1568 •
427.446 124.063 41.3779 10.3666 Resource
471.363 124.063 18.3385 10.3666 cost
492.241 124.063 9.2471 10.3666 of

427.446 139.541 53.1874 10.3666 maintaining
483.114 139.541 36.793 10.3666 capacity
522.343 139.541 9.53746 10.3666 to

427.446 154.897 36.899 10.3666 perform
466.922 154.897 34.9074 10.3666 analysis

182.64 285.583 30.9959 10.3666 Option
215.995 285.583 8.59906 10.3666 2:

182.64 300.943 50.3788 10.3666 Competent

182.64 316.421 41.3569 10.3666 authority

182.64 331.899 51.8085 10.3666 assessment
236.867 331.899 9.59707 10.3666 as

182.64 347.256 31.889 10.3666 default

274.8 188.952 5.0784 10.1568 •
292.806 189.703 43.4369 10.3666 Promotes
338.764 189.703 46.8979 10.3666 coherence

292.806 205.181 39.6358 10.3666 between
334.923 205.181 51.5612 10.3666 supervisory

292.806 220.659 16.836 10.3666 and
312.123 220.659 45.636 10.3666 resolution

292.806 236.016 41.3569 10.3666 authority
336.72 236.016 56.0346 10.3666 assessments

274.8 263.34 5.0784 10.1568 •
292.806 264.09 38.7636 10.3666 Optional
334.076 264.09 12.9731 10.3666 for
349.555 264.09 45.5113 10.3666 resolution

292.806 279.568 41.3569 10.3666 authority
336.722 279.568 9.41822 10.3666 to
348.598 279.568 39.7451 10.3666 maintain

292.806 294.925 44.9979 10.3666 additional
340.31 294.925 42.4742 10.3666 analytical

292.806 310.403 36.9122 10.3666 capacity

274.811 337.727 5.0784 10.1568 •
292.817 338.478 56.9156 10.3666 Consultation
352.214 338.478 19.8356 10.3666 with

292.817 353.834 49.1788 10.3666 competent
344.535 353.834 41.3614 10.3666 authority

292.817 369.312 38.5561 10.3666 required
333.854 369.312 10.7607 10.3666 by
347.171 369.312 20.8877 10.3666 level
370.568 369.312 5.59728 10.3666 1

274.811 396.636 5.0784 10.1568 •
292.817 397.387 38.5186 10.3666 Provides
333.736 397.387 49.3013 10.3666 framework
385.452 397.387 13.089 10.3666 for

292.817 412.744 45.8756 10.3666 discussion
341.175 412.744 39.5166 10.3666 between

292.817 428.222 49.1777 10.3666 competent
344.534 428.222 16.836 10.3666 and

292.817 443.579 45.6372 10.3666 resolution
340.935 443.579 48.5904 10.3666 authorities

409.455 247.828 5.0784 10.1568 •
427.461 248.579 39.2362 10.3666 Requires
469.218 248.579 22.5956 10.3666 good

427.461 264.057 69.9958 10.3666 communication

427.461 279.535 39.6314 10.3666 between
469.574 279.535 49.0584 10.3666 competent

427.461 294.892 16.836 10.3666 and
446.778 294.892 45.636 10.3666 resolution

427.461 310.37 48.8299 10.3666 authorities

409.466 337.694 5.0784 10.1568 •
427.472 338.445 23.5174 10.3666 ‘Soft’
453.507 338.445 20.0133 10.3666 limit
475.939 338.445 11.6759 10.3666 on

427.472 353.801 63.8178 10.3666 independence
493.708 353.801 9.2471 10.3666 of

427.472 369.279 45.6372 10.3666 resolution
475.59 369.279 41.2377 10.3666 authority

427.472 384.757 48.6941 10.3666 judgement

85.08 471.583 42.876 10.3666 Preferred
130.32 471.583 32.3582 10.3666 option:
165.237 471.583 30.8767 10.3666 Option
198.477 471.583 5.59728 10.3666 2
206.517 471.583 6.83707 10.3666 is
215.874 471.583 42.8749 10.3666 preferred
261.231 471.583 9.41822 10.3666 to
273.229 471.583 30.8756 10.3666 Option
306.47 471.583 8.39923 10.3666 1,
317.386 471.583 39.9957 10.3666 provided
359.743 471.583 18.4589 10.3666 that
380.643 471.583 30.9959 10.3666 Option
414.002 471.583 5.59728 10.3666 2
422.16 471.583 6.83707 10.3666 is
431.397 471.583 60.1559 10.3666 implemented
494.034 471.583 8.31533 10.3666 in
504.831 471.583 5.28816 10.3666 a

85.08 485.018 18.1983 10.3666 way
105.717 485.018 26.6726 10.3666 which
134.872 485.018 6.83376 10.3666 is
144.109 485.018 46.0556 10.3666 consistent
192.586 485.018 19.8334 10.3666 with
214.902 485.018 14.9769 10.3666 the
232.419 485.018 24.6645 10.3666 BRRD
259.651 485.018 41.3139 10.3666 provision
303.446 485.018 12.9731 10.3666 for
318.925 485.018 45.3932 10.3666 resolution
366.8 485.018 48.714 10.3666 authorities
417.917 485.018 9.53856 10.3666 to
429.916 485.018 26.5545 10.3666 retain
458.951 485.018 14.978 10.3666 the
476.468 485.018 19.4381 10.3666 final
498.412 485.018 14.4812 10.3666 say

85.08 498.454 11.6759 10.3666 on
99.2366 498.454 30.6393 10.3666 setting
132.349 498.454 9.2471 10.3666 of
143.986 498.454 14.978 10.3666 the
161.4 498.454 28.226 10.3666 MREL.

118.68 558.103 21.6572 10.3555 Area

206.52 558.103 27.0778 10.3555 Policy
236.161 558.103 34.4139 10.3555 options

347.88 558.103 20.1292 10.3555 Pros

467.4 558.103 22.0491 10.3555 Cons

85.08 629.743 8.58912 10.3555 1.
103.086 629.743 29.511 10.3555 Extent
135.125 629.743 9.36854 10.3555 of

103.086 645.221 70.9728 10.3555 recapitalisation

103.086 660.699 9.77923 10.3555 to
115.323 660.699 40.9716 10.3555 maintain

103.086 676.056 42.6 10.3555 sufficient

103.086 691.534 32.9908 10.3555 market

103.086 707.012 50.2055 10.3555 confidence

184.8 637.423 30.9959 10.3666 Option
218.155 637.423 5.59728 10.3666 1
226.316 637.423 2.95872 10.3666 :
231.72 637.423 22.1573 10.3666 CET1
256.437 637.423 29.6391 10.3666 capital

184.8 652.903 21.7267 10.3666 after
209.033 652.903 45.5135 10.3666 resolution
257.027 652.903 29.9129 10.3666 should

184.8 668.381 11.2575 10.3666 be
198.597 668.381 61.7158 10.3666 benchmarked
262.677 668.381 9.53856 10.3666 to
274.676 668.381 14.978 10.3666 the

184.8 683.859 22.2776 10.3666 CET1
209.638 683.859 25.1944 10.3666 levels
237.236 683.859 9.2471 10.3666 of
248.989 683.859 20.5333 10.3666 peer

184.8 699.216 50.5168 10.3666 institutions

312.12 592.152 5.0784 10.1568 •
319.208 592.903 20.0012 10.3666 Easy
341.643 592.903 9.53856 10.3666 to
353.763 592.903 48.6985 10.3666 implement

319.208 608.259 23.4081 10.3666 (data
345.125 608.259 27.7557 10.3666 would
375.363 608.259 11.2586 10.3666 be

319.208 623.737 33.5572 10.3666 directly
355.199 623.737 39.68 10.3666 available

319.208 639.216 35.9164 10.3666 through
357.605 639.216 14.9791 10.3666 the
375.123 639.216 20.5333 10.3666 peer

319.208 654.694 33.5859 10.3666 review)

312.131 681.907 5.0784 10.1568 •
319.219 682.658 30.2121 10.3666 Simple
351.97 682.658 16.8338 10.3666 and

319.219 698.136 70.1084 10.3666 straightforward

319.219 713.493 42.2755 10.3666 approach
363.976 713.493 18.4589 10.3666 that
384.854 713.493 27.7557 10.3666 would

319.219 728.971 30.6978 10.3666 ensure
352.334 728.971 44.8202 10.3666 maximum

319.219 744.449 58.7593 10.3666 transparency

423.613 592.141 5.0784 10.1568 •
441.619 592.892 24.9438 10.3666 Static
469.09 592.892 42.1518 10.3666 approach

441.619 608.248 24.8367 10.3666 (does
468.856 608.248 15.339 10.3666 not
486.613 608.248 19.4216 10.3666 take
508.573 608.248 17.6971 10.3666 into

441.619 623.726 35.7387 10.3666 account
479.775 623.726 14.978 10.3666 the

441.619 639.204 40.0575 10.3666 outcome
484.094 639.204 9.2471 10.3666 of
495.855 639.204 14.8587 10.3666 the

441.619 654.683 45.636 10.3666 resolution
489.621 654.683 9.73286 10.3666 or
501.853 654.683 28.9204 10.3666 banks’

441.608 670.039 33.3408 10.3666 specific

441.608 685.517 67.3054 10.3666 developments)

423.613 712.841 5.0784 10.1568 •
441.619 713.592 16.6583 10.3666 Not
460.817 713.592 34.9526 10.3666 tailored
498.131 713.592 16.8338 10.3666 and

441.619 728.949 21.4761 10.3666 does
465.619 728.949 15.2186 10.3666 not
483.254 728.949 38.2933 10.3666 consider

441.619 744.427 28.9248 10.3666 banks’
473.061 744.427 33.3408 10.3666 specific
508.809 744.427 20.0354 10.3666 risks

85.08 37.8787 11.9675 7.54956 RTS
98.8782 37.8787 10.4737 7.54956 ON
111.119 37.8787 18.4944 7.54956 MREL

512.88 796.543 11.2387 10.3666 31

312.12 123.312 5.0784 10.1568 •
319.208 124.063 23.3927 10.3666 Crisis
345.121 124.063 49.2958 10.3666 experience

319.208 139.541 40.0697 10.3666 indicates
361.811 139.541 18.3385 10.3666 that

319.208 154.897 49.4184 10.3666 confidence
371.045 154.897 21.3569 10.3666 does

319.208 170.376 34.1158 10.3666 depend
355.805 170.376 11.6759 10.3666 on
369.963 170.376 20.5333 10.3666 peer

319.208 185.854 56.994 10.3666 comparisons

312.131 213.178 5.0784 10.1568 •
319.219 213.928 12.898 10.3666 No
334.696 213.928 45.0079 10.3666 additional
382.093 213.928 18.4589 10.3666 cost

184.8 291.223 30.9959 10.3666 Option
218.155 291.223 8.59906 10.3666 2:
229.192 291.223 22.1573 10.3666 CET1
253.909 291.223 29.7594 10.3666 capital

184.8 306.703 21.7267 10.3666 after
209.033 306.703 45.5135 10.3666 resolution
257.027 306.703 29.9129 10.3666 should

184.8 322.181 11.2575 10.3666 be
198.597 322.181 8.97883 10.3666 at
210.115 322.181 21.2178 10.3666 least
233.872 322.181 41.3779 10.3666 sufficient
277.672 322.181 9.53856 10.3666 to

184.8 337.537 23.4986 10.3666 meet
210.838 337.537 50.4362 10.3666 anticipated

184.8 353.016 29.7594 10.3666 capital
217.066 353.016 27.6044 10.3666 buffer

184.8 368.494 63.6003 10.3666 requirements,
250.917 368.494 21.613 10.3666 after

184.8 383.85 37.5879 10.3666 allowing
224.865 383.85 12.9731 10.3666 for
240.344 383.85 16.0378 10.3666 any

184.8 399.328 45.1569 10.3666 estimated
232.439 399.328 47.5184 10.3666 reductions
282.478 399.328 8.31643 10.3666 in

184.8 414.806 29.7594 10.3666 capital
217.066 414.806 60.7355 10.3666 requirements

184.8 430.163 17.0182 10.3666 due
204.357 430.163 9.53856 10.3666 to
216.356 430.163 14.978 10.3666 the
233.873 430.163 45.5168 10.3666 resolution

312.12 292.512 5.0784 10.1568 •
319.208 293.263 24.5784 10.3666 More
346.325 293.263 39.1445 10.3666 forward-

319.208 308.741 32.6751 10.3666 looking
354.36 308.741 42.2733 10.3666 approach

319.208 324.097 20.5554 10.3666 than
342.248 324.097 30.9959 10.3666 Option
375.603 324.097 8.40917 10.3666 1,
386.408 324.097 9.59376 10.3666 as
398.522 324.097 6.21552 10.3666 it

319.208 339.576 27.876 10.3666 would
349.568 339.576 38.173 10.3666 consider
390.123 339.576 14.978 10.3666 the

319.208 355.054 48.0902 10.3666 up-to-date
369.716 355.054 39.3973 10.3666 situation

319.197 370.41 9.2471 10.3666 of
330.954 370.41 14.978 10.3666 the
348.351 370.41 46.1152 10.3666 institution

319.197 385.888 24.9957 10.3666 when
346.674 385.888 54.7595 10.3666 determining

319.197 401.366 29.7594 10.3666 capital
351.462 401.366 33.7758 10.3666 needed

423.613 275.334 5.0784 10.1568 •
441.619 276.084 24.5784 10.3666 More
468.737 276.084 25.8767 10.3666 costly
497.169 276.084 16.836 10.3666 and

441.619 291.563 20.6183 10.3666 time
464.656 291.563 48.64 10.3666 consuming

441.619 306.919 20.5554 10.3666 than
464.66 306.919 30.9959 10.3666 Option
498.015 306.919 8.40917 10.3666 1,
508.82 306.919 9.59376 10.3666 as
520.934 306.919 6.21552 10.3666 it

441.619 322.397 27.876 10.3666 would
471.976 322.397 32.6177 10.3666 require
507.133 322.397 14.978 10.3666 the

441.619 337.875 49.1788 10.3666 competent

441.619 353.232 41.3569 10.3666 authority
485.536 353.232 9.73286 10.3666 or

441.619 368.71 45.6372 10.3666 resolution
489.737 368.71 41.2377 10.3666 authority

441.619 384.188 9.53746 10.3666 to
453.737 384.188 36.7809 10.3666 perform
493.093 384.188 5.28816 10.3666 a

441.619 399.545 33.3408 10.3666 specific
477.487 399.545 51.6959 10.3666 assessment

441.619 415.023 9.2471 10.3666 of
453.372 415.023 5.28816 10.3666 a
461.167 415.023 28.8078 10.3666 bank’s
492.492 415.023 29.7594 10.3666 capital

441.608 430.501 22.5967 10.3666 need
466.686 430.501 21.6064 10.3666 after

441.608 445.858 45.636 10.3666 resolution

184.8 530.023 30.9959 10.3666 Option
218.155 530.023 8.59906 10.3666 3:
229.191 530.023 22.1584 10.3666 CET1
253.908 530.023 29.7594 10.3666 capital

184.8 545.503 21.7267 10.3666 after
209.033 545.503 45.5135 10.3666 resolution
257.027 545.503 29.9129 10.3666 should

184.8 560.981 11.2575 10.3666 be
198.597 560.981 8.97883 10.3666 at
210.115 560.981 21.2178 10.3666 least
233.872 560.981 41.3779 10.3666 sufficient
277.672 560.981 9.53856 10.3666 to

184.8 576.337 23.4986 10.3666 meet
210.838 576.337 50.4362 10.3666 anticipated

184.8 591.816 29.7594 10.3666 capital
217.066 591.816 27.6044 10.3666 buffer

184.8 607.294 63.597 10.3666 requirements,
250.914 607.294 21.6141 10.3666 after

184.8 622.65 37.5879 10.3666 allowing
224.865 622.65 12.9731 10.3666 for
240.344 622.65 16.0378 10.3666 any

184.8 638.128 45.1569 10.3666 estimated
232.439 638.128 47.5184 10.3666 reductions
282.478 638.128 8.31643 10.3666 in

184.8 653.606 29.7594 10.3666 capital
217.066 653.606 60.7178 10.3666 requirements

184.8 668.963 17.0182 10.3666 due
204.357 668.963 9.53856 10.3666 to
216.356 668.963 14.978 10.3666 the
233.873 668.963 45.5168 10.3666 resolution

184.8 684.43 16.9574 10.0354 and
204.241 684.441 14.978 10.3666 the
221.759 684.441 68.5551 10.3666 post-resolution

184.8 699.919 38.2735 10.3666 business
225.594 699.919 65.072 10.3666 reorganisation

303.12 577.632 5.0784 10.1568 •
321.126 578.383 30.2121 10.3666 Enable
353.878 578.383 11.0731 10.3666 an
367.432 578.383 38.6179 10.3666 accurate

321.126 593.861 16.836 10.3666 and
340.443 593.861 68.7372 10.3666 comprehensive

321.126 609.217 51.8085 10.3666 assessment
375.354 609.217 9.2471 10.3666 of

321.126 624.696 29.7594 10.3666 capital
353.392 624.696 22.5956 10.3666 need

423.611 479.939 5.0784 10.1568 •
441.617 480.69 24.5772 10.3666 More
468.734 480.69 37.78 10.3666 complex
509.051 480.69 16.836 10.3666 and

441.617 496.168 20.6183 10.3666 time
464.654 496.168 48.64 10.3666 consuming
515.767 496.168 9.59597 10.3666 as

441.617 511.646 6.21883 10.3666 it
450.374 511.646 21.1162 10.3666 adds
474.01 511.646 5.28816 10.3666 a
481.805 511.646 19.0539 10.3666 new
503.402 511.646 28.6874 10.3666 ladder

441.617 527.003 13.0923 10.3666 for
457.214 527.003 54.7595 10.3666 determining
514.447 527.003 14.978 10.3666 the

441.617 542.481 21.125 10.3666 level
465.131 542.481 9.2471 10.3666 of
476.768 542.481 22.1584 10.3666 CET1
501.486 542.481 29.6391 10.3666 capital

423.622 569.805 5.0784 10.1568 •
441.628 570.555 49.9163 10.3666 Reductions
493.944 570.555 8.31643 10.3666 in

441.628 585.912 29.7594 10.3666 capital

441.628 601.39 60.8359 10.3666 requirements
504.984 601.39 17.0182 10.3666 due

441.628 616.868 9.53856 10.3666 to
453.745 616.868 38.1564 10.3666 business

441.628 632.225 65.1934 10.3666 reorganisation
509.303 632.225 14.4955 10.3666 are

441.628 647.703 16.677 10.3666 less
460.825 647.703 31.2366 10.3666 certain
494.543 647.703 16.836 10.3666 and
513.859 647.703 19.4238 10.3666 take

441.628 663.181 28.6896 10.3666 longer
472.824 663.181 9.41822 10.3666 to

441.628 678.538 51.7224 10.3666 implement,

441.628 694.016 38.152 10.3666 whereas
482.181 694.016 32.0182 10.3666 market

441.628 709.494 49.4172 10.3666 confidence
493.465 709.494 6.83707 10.3666 is

441.628 724.85 33.8762 10.3666 needed
477.985 724.85 21.7808 10.3666 from
502.222 724.85 16.0411 10.3666 day
520.702 724.85 5.59728 10.3666 1

441.628 740.328 9.53856 10.3666 to
453.628 740.328 30.3368 10.3666 enable
486.504 740.328 5.28816 10.3666 a
494.302 740.328 33.5782 10.3666 prompt

441.628 755.807 28.481 10.3666 return
472.59 755.807 9.41822 10.3666 to
484.587 755.807 31.5369 10.3666 private

85.08 37.8787 11.9675 7.54956 RTS
98.8782 37.8787 10.4737 7.54956 ON
111.119 37.8787 18.4944 7.54956 MREL

512.88 796.543 11.2387 10.3666 32

441.6 117.463 27.8529 10.3666 sector
471.959 117.463 40.8281 10.3666 financing

85.08 165.104 42.8805 10.3666 Preferred
130.32 165.104 32.356 10.3666 option:
165.237 165.104 30.8767 10.3666 Option
198.473 165.104 5.59728 10.3666 2
206.52 165.104 6.83376 10.3666 is
215.874 165.104 42.8772 10.3666 preferred
261.232 165.104 9.41822 10.3666 to
273.229 165.104 30.8921 10.3666 Option
306.485 165.104 8.40034 10.3666 3,
317.402 165.104 23.916 10.3666 given
343.799 165.104 14.8587 10.3666 the
361.197 165.104 51.5778 10.3666 importance
415.314 165.104 9.59707 10.3666 as
427.312 165.104 5.28816 10.3666 a
435.11 165.104 26.1217 10.3666 policy
463.67 165.104 41.1384 10.3666 objective
507.228 165.104 9.2471 10.3666 of

85.08 178.54 14.978 10.3666 the
102.597 178.54 24.67 10.3666 BRRD
129.718 178.54 9.2471 10.3666 of
141.358 178.54 38.6797 10.3666 ensuring
182.51 178.54 18.4578 10.3666 that
203.389 178.54 26.1571 10.3666 banks
232.067 178.54 11.5776 10.3666 do
246.223 178.54 15.2186 10.3666 not
263.98 178.54 22.4752 10.3666 need
288.937 178.54 9.41822 10.3666 to
300.934 178.54 16.7609 10.3666 rely
320.134 178.54 11.5556 10.3666 on
334.171 178.54 26.9906 10.3666 public
363.689 178.54 27.8528 10.3666 sector
394.047 178.54 37.6884 10.3666 financial
434.243 178.54 34.8985 10.3666 support
471.68 178.54 28.8398 10.3666 during
502.993 178.54 9.73397 10.3666 or

85.08 191.976 21.7267 10.3666 after
109.313 191.976 48.2592 10.3666 resolution.
160.067 191.976 25.2065 10.3666 G-SIIs
187.675 191.976 20.6757 10.3666 tend
210.832 191.976 9.53856 10.3666 to
222.95 191.976 16.7609 10.3666 rely
242.146 191.976 11.6759 10.3666 on
256.189 191.976 32.1385 10.3666 market
290.867 191.976 40.7199 10.3666 financing
334.064 191.976 9.53856 10.3666 to
346.182 191.976 5.28816 10.3666 a
353.859 191.976 32.7733 10.3666 greater
389.137 191.976 28.9005 10.3666 extent
420.456 191.976 16.836 10.3666 and
439.773 191.976 9.41822 10.3666 to
451.77 191.976 11.2586 10.3666 be
465.451 191.976 32.3781 10.3666 subject
500.248 191.976 9.53856 10.3666 to
512.246 191.976 5.28816 10.3666 a

85.069 205.411 32.8926 10.3666 greater
120.468 205.411 31.1792 10.3666 degree
154.066 205.411 9.2471 10.3666 of
165.702 205.411 32.1352 10.3666 market
200.256 205.411 35.4804 10.3666 scrutiny
238.293 205.411 16.8338 10.3666 and
257.608 205.411 52.5935 10.3666 comparison
312.561 205.411 19.8334 10.3666 with
334.875 205.411 27.9202 10.3666 peers;
365.234 205.411 42.6939 10.3666 therefore
410.467 205.411 30.8767 10.3666 Option
443.708 205.411 5.59728 10.3666 1
451.745 205.411 6.83376 10.3666 is
461.099 205.411 38.311 10.3666 included
501.892 205.411 8.31312 10.3666 in

85.069 218.847 33.2403 10.3666 parallel
120.815 218.847 13.0901 10.3666 for
136.289 218.847 24.6987 10.3666 these
163.527 218.847 25.5764 10.3666 firms.

121.08 265.313 44.9466 14.9864 Impact
169.686 265.313 13.2675 14.9864 of
186.613 265.313 66.8357 14.9864 exclusions
257.043 265.313 24.4539 14.9864 and
285.112 265.313 69.3334 14.9864 calibration

85.08 295.656 52.308 11.256 Objectives
140.159 295.656 18.804 11.256 and
161.639 295.656 22.488 11.256 data
186.839 295.656 33.0348 11.256 source

85.08 324.103 17.9963 10.3666 This
106.079 324.103 32.2026 10.3666 section
141.248 324.103 20.8744 10.3666 aims
165.008 324.103 8.97552 10.3666 at
176.89 324.103 41.5501 10.3666 analyzing
221.403 324.103 14.978 10.3666 the
239.286 324.103 30.6934 10.3666 impact
272.88 324.103 9.2471 10.3666 of
285.003 324.103 41.6694 10.3666 exclusion
329.397 324.103 9.2471 10.3666 of
341.636 324.103 39.5795 10.3666 liabilities
384.103 324.103 16.8327 10.3666 and
403.903 324.103 47.6685 10.3666 calibration
454.418 324.103 9.2471 10.3666 of
466.418 324.103 25.3964 10.3666 MREL
494.738 324.103 11.6759 10.3666 on
509.259 324.103 14.978 10.3666 the

85.08 339.459 12.4873 10.3666 EU
101.752 339.459 28.9171 10.3666 banks’
134.743 339.459 37.4124 10.3666 distance
176.254 339.459 9.41822 10.3666 to
189.929 339.459 54.0132 10.3666 compliance.
247.996 339.459 16.6583 10.3666 The
268.751 339.459 34.9096 10.3666 analysis
307.859 339.459 6.83376 10.3666 is
318.657 339.459 26.6726 10.3666 based
349.374 339.459 11.6759 10.3666 on
365.209 339.459 17.6717 10.3666 EBA
387.044 339.459 15.2672 10.3666 QIS
406.359 339.459 20.0486 10.3666 data
430.474 339.459 9.59597 10.3666 as
444.149 339.459 8.97773 10.3666 at
457.224 339.459 17.0756 10.3666 end
478.344 339.459 25.1016 10.3666 2014.
507.618 339.459 16.5379 10.3666 The

85.08 354.937 32.2523 10.3666 sample
121.075 354.937 38.7736 10.3666 (number
163.438 354.937 9.24821 10.3666 of
176.395 354.937 56.4299 10.3666 participating
236.507 354.937 29.5033 10.3666 banks)
269.746 354.937 6.83376 10.3666 is
280.304 354.937 25.4141 10.3666 made
309.341 354.937 9.2471 10.3666 of
322.177 354.937 11.2376 10.3666 64
337.178 354.937 26.1538 10.3666 banks
367.056 354.937 43.8321 10.3666 (including
414.569 354.937 11.1504 10.3666 14
429.484 354.937 31.7731 10.3666 G-SIBs)
464.993 354.937 28.1973 10.3666 across
496.911 354.937 11.1173 10.3666 13
511.791 354.937 12.4873 10.3666 EU

85.08 370.416 38.8928 10.3666 Member
128.278 370.416 27.4764 10.3666 States
159.959 370.416 18.0979 10.3666 Due
182.279 370.416 9.53746 10.3666 to
196.195 370.416 19.9283 10.3666 data
220.429 370.416 50.6184 10.3666 availability,
275.247 370.416 19.1588 10.3666 only
298.761 370.416 51.198 10.3666 preliminary
354.315 370.416 37.9069 10.3666 analyses
396.543 370.416 14.617 10.3666 are
415.498 370.416 38.1907 10.3666 included
457.97 370.416 8.31312 10.3666 in
470.565 370.416 14.978 10.3666 the
489.881 370.416 34.3013 10.3666 present

85.08 385.772 54.6215 10.3666 assessment.
142.199 385.772 33.4932 10.3666 Further
178.317 385.772 36.3956 10.3666 detailed
217.316 385.772 29.8764 10.3666 results
249.834 385.772 15.488 10.3666 will
267.833 385.772 11.2575 10.3666 be
281.631 385.772 43.7151 10.3666 published
327.949 385.772 10.7607 10.3666 by
341.269 385.772 14.978 10.3666 the
358.789 385.772 17.7921 10.3666 EBA
379.188 385.772 8.31533 10.3666 in
390.106 385.772 17.0182 10.3666 due
409.665 385.772 32.6629 10.3666 course.
444.705 385.772 36.1163 10.3666 Analysis
483.464 385.772 26.5556 10.3666 based
512.623 385.772 11.6759 10.3666 on

85.08 401.25 16.3138 10.3666 this
104.157 401.25 20.0453 10.3666 data
126.834 401.25 15.753 10.3666 can
145.311 401.25 11.1383 10.3666 be
159.231 401.25 45.3954 10.3666 compared
207.112 401.25 19.9537 10.3666 with
229.789 401.25 14.8576 10.3666 the
247.429 401.25 34.9317 10.3666 analysis
285.124 401.25 26.5556 10.3666 based
314.283 401.25 11.677 10.3666 on
328.563 401.25 26.9895 10.3666 public
358.323 401.25 37.6872 10.3666 financial
398.763 401.25 50.5157 10.3666 statements
451.923 401.25 43.7151 10.3666 published
498.362 401.25 8.31533 10.3666 in
509.402 401.25 14.8576 10.3666 the

85.08 416.728 21.9387 10.3666 draft
114.602 416.728 30.6989 10.3666 impact
152.884 416.728 51.5778 10.3666 assessment
211.926 416.728 26.676 10.3666 which
246.128 416.728 59.796 10.3666 accompanied
313.328 416.728 14.8587 10.3666 the
335.771 416.728 55.5963 10.3666 consultation
398.893 416.728 26.1725 10.3666 paper
432.496 416.728 11.6759 10.3666 on
451.577 416.728 24.8179 10.3666 these
483.859 416.728 40.328 10.3666 technical

85.08 432.085 44.0364 10.3666 standards
129.6 429.641 3.52872 6.53544 7
133.08 432.103 2.78208 10.3666 .

85.08 460.056 53.484 11.256 Estimation
141.36 460.056 10.152 11.256 of
154.32 460.056 28.116 11.256 MREL
185.16 460.056 23.616 11.256 ratio

85.08 486.223 47.7966 10.3666 Resolution
136.44 486.223 41.3614 10.3666 authority
181.44 486.223 55.9165 10.3666 assessments
240.96 486.223 9.2471 10.3666 of
253.801 486.223 37.9279 10.3666 whether
295.317 486.223 53.9977 10.3666 instruments
352.8 486.223 15.4825 10.3666 will
371.992 486.223 11.2575 10.3666 be
386.752 486.223 40.3534 10.3666 excluded
430.671 486.223 21.7874 10.3666 from
456.118 486.223 55.0002 10.3666 contributing
514.794 486.223 9.41822 10.3666 to

85.08 501.701 17.0336 10.3666 loss
104.999 501.701 48.6345 10.3666 absorption
156.478 501.701 9.73286 10.3666 or
169.081 501.701 68.904 10.3666 recapitalisation
240.832 501.701 8.31312 10.3666 in
252.113 501.701 45.5146 10.3666 resolution
300.595 501.701 14.4955 10.3666 are
318.116 501.701 22.8749 10.3666 likely
343.909 501.701 9.53856 10.3666 to
356.392 501.701 21.4573 10.3666 have
380.755 501.701 5.28816 10.3666 a
389.035 501.701 45.5632 10.3666 significant
437.503 501.701 26.0147 10.3666 effect
466.423 501.701 11.6759 10.3666 on
480.945 501.701 14.978 10.3666 the
498.827 501.701 25.3964 10.3666 MREL

85.08 517.179 13.5384 10.3666 set
101.997 517.179 12.9731 10.3666 for
118.313 517.179 39.2185 10.3666 different
160.789 517.179 53.0627 10.3666 institutions.
217.186 517.179 10.6768 10.3666 As
231.222 517.179 54.202 10.3666 resolvability
288.698 517.179 55.9165 10.3666 assessments
347.974 517.179 21.4573 10.3666 have
372.81 517.179 15.2175 10.3666 not
391.285 517.179 14.1378 10.3666 yet
408.802 517.179 22.4763 10.3666 been
434.598 517.179 47.3163 10.3666 conducted
485.234 517.179 13.0934 10.3666 for
501.434 517.179 22.6585 10.3666 most

85.08 532.536 12.4873 10.3666 EU
100.559 532.536 28.9171 10.3666 banks,
132.479 532.536 6.21552 10.3666 it
141.72 532.536 6.83376 10.3666 is
151.56 532.536 15.2186 10.3666 not
169.802 532.536 36.4519 10.3666 possible
209.159 532.536 9.53856 10.3666 to
221.762 532.536 33.5771 10.3666 analyze
258.364 532.536 26.5402 10.3666 them.
287.885 532.536 42.9644 10.3666 However,
333.852 532.536 14.978 10.3666 the
351.84 532.536 24.8312 10.3666 EBA’s
379.677 532.536 21.8172 10.3666 draft
404.519 532.536 40.3225 10.3666 technical
447.71 532.536 44.033 10.3666 standards
494.75 532.536 11.6759 10.3666 on
509.392 532.536 14.8576 10.3666 the

85.08 548.014 34.8996 10.3666 content
124.804 548.014 9.24821 10.3666 of
138.847 548.014 45.5168 10.3666 resolution
189.13 548.014 23.5174 10.3666 plans
217.453 548.014 16.836 10.3666 and
239.055 548.014 14.9791 10.3666 the
258.858 548.014 51.8184 10.3666 assessment
315.379 548.014 9.24821 10.3666 of
329.301 548.014 54.3223 10.3666 resolvability
384 545.561 3.52872 6.53544 8
389.997 548.023 34.1511 10.3666 identify
428.989 548.023 5.28816 10.3666 a
439.069 548.023 35.413 10.3666 number
479.151 548.023 9.2471 10.3666 of
493.189 548.023 30.9517 10.3666 factors

85.0723 563.501 26.6726 10.3666 which
114.348 563.501 45.6338 10.3666 resolution
162.584 563.501 48.4733 10.3666 authorities
213.699 563.501 30.0343 10.3666 should
246.337 563.501 38.1708 10.3666 consider
287.135 563.501 8.31312 10.3666 in
298.05 563.501 41.3183 10.3666 assessing
341.968 563.501 14.978 10.3666 the
359.606 563.501 15.7033 10.3666 risk
377.846 563.501 9.2471 10.3666 of
389.721 563.501 20.5565 10.3666 such
412.881 563.501 48.6555 10.3666 exclusions.
464.153 563.501 26.496 10.3666 These
493.309 563.501 30.8358 10.3666 factors

85.0723 578.857 32.4918 10.3666 include
121.55 578.857 41.4 10.3666 maturity,
166.793 578.857 62.6697 10.3666 subordination
233.389 578.857 36.1174 10.3666 ranking,
273.35 578.857 34.3951 10.3666 identity
311.624 578.857 9.2471 10.3666 of
324.824 578.857 14.8576 10.3666 the
343.667 578.857 33.5969 10.3666 holders
381.111 578.857 9.12787 10.3666 of
394.191 578.857 42.3406 10.3666 liabilities,
440.495 578.857 20.8822 10.3666 legal
465.33 578.857 58.915 10.3666 impediments

85.0723 594.336 20.5565 10.3666 such
109.07 594.336 9.59707 10.3666 as
122.028 594.336 14.978 10.3666 the
140.385 594.336 42.101 10.3666 existence
185.865 594.336 9.2471 10.3666 of
198.463 594.336 29.4072 10.3666 set-off
231.22 594.336 28.0791 10.3666 rights,
262.656 594.336 16.8338 10.3666 and
282.814 594.336 24.6126 10.3666 other
310.893 594.336 30.8347 10.3666 factors
345.09 594.336 23.916 10.3666 (such
372.328 594.336 9.59376 10.3666 as
385.282 594.336 15.7022 10.3666 risk
404.241 594.336 9.2471 10.3666 of
416.955 594.336 35.8005 10.3666 needing
456.193 594.336 9.53856 10.3666 to
469.151 594.336 54.9361 10.3666 compensate

85.0723 609.814 39.9549 10.3666 creditors
130.793 609.814 13.089 10.3666 for
149.513 609.814 40.5565 10.3666 breaches
195.836 609.814 9.2471 10.3666 of
210.719 609.814 48.5892 10.3666 safeguards
265.075 609.814 9.2471 10.3666 of
279.961 609.814 39.2008 10.3666 property
324.842 609.814 28.0758 10.3666 rights,
358.678 609.814 9.73618 10.3666 or
374.044 609.814 21.3701 10.3666 their
401.17 609.814 17.6154 10.3666 role
424.57 609.814 8.31312 10.3666 in
438.61 609.814 50.317 10.3666 performing
494.65 609.814 29.6424 10.3666 critical

85.0944 625.17 47.9015 10.3666 functions).

85.0944 652.649 10.6757 10.3666 As
99.4939 652.649 5.28816 10.3666 a
108.491 652.649 25.657 10.3666 result
137.771 652.649 9.24821 10.3666 of
150.611 652.649 24.6987 10.3666 these
179.053 652.649 33.598 10.3666 factors,
216.371 652.649 14.9791 10.3666 the
235.093 652.649 53.8752 10.3666 instruments
292.692 652.649 21.2123 10.3666 least
317.645 652.649 22.8749 10.3666 likely
344.279 652.649 9.41822 10.3666 to
357.48 652.649 11.1372 10.3666 be
372.361 652.649 40.2342 10.3666 excluded
416.28 652.649 21.7775 10.3666 from
441.717 652.649 16.9144 10.3666 loss
462.355 652.649 48.6356 10.3666 absorption
514.556 652.649 9.73286 10.3666 or

85.0944 668.127 69.0232 10.3666 recapitalisation
159.614 668.127 14.4977 10.3666 are
179.654 668.127 30.8402 10.3666 equity,
216.014 668.127 19.596 10.3666 own
240.974 668.127 24.957 10.3666 funds
271.454 668.127 56.76 10.3666 instruments,
333.614 668.127 16.836 10.3666 and
355.933 668.127 24.7329 10.3666 other
386.054 668.127 59.796 10.3666 subordinated
451.333 668.127 23.5417 10.3666 debt.
480.373 668.127 26.9122 10.3666 Based
512.647 668.127 11.6759 10.3666 on

85.0944 683.484 51.4354 10.3666 preliminary
140.533 683.484 29.9957 10.3666 results
174.496 683.484 9.2471 10.3666 of
187.701 683.484 14.9769 10.3666 the
206.66 683.484 17.7921 10.3666 EBA
228.505 683.484 15.2672 10.3666 QIS
247.705 683.484 11.6759 10.3666 on
263.425 683.484 25.3975 10.3666 MREL
292.825 683.484 24.8179 10.3666 these
321.63 683.484 53.8763 10.3666 instruments
379.589 683.484 35.6184 10.3666 account
419.314 683.484 12.972 10.3666 for
436.353 683.484 32.196 10.3666 around
472.593 683.484 13.5339 10.3666 6%
490.118 683.484 9.2471 10.3666 of
503.317 683.484 21.008 10.3666 total

85.0944 698.962 39.6965 10.3666 liabilities
127.311 698.962 16.8338 10.3666 and
146.626 698.962 19.4757 10.3666 own
168.583 698.962 24.9526 10.3666 funds
195.939 698.962 9.24821 10.3666 of
207.577 698.962 14.978 10.3666 the
225.094 698.962 12.4873 10.3666 EU
240.087 698.962 26.0334 10.3666 banks
268.641 698.962 9.59376 10.3666 as
280.69 698.962 9.2471 10.3666 of
292.326 698.962 66.7346 10.3666 end-December
361.445 698.962 25.1061 10.3666 2014.

85.08 728.935 2.55528 4.73256 7

127.801 730.999 396.42 7.54956 https://www.eba.europa.eu/regulation-and-policy/recovery-and-resolution/regulatory-technical-standards-on-minimum-

85.08 741.079 314.903 7.54956 requirement-for-own-funds-and-eligible-liabilities-mrel-/-/regulatory-activity/consultation-paper

85.08 748.495 2.55528 4.73256 8
89.401 750.559 426.163 7.54956 https://www.eba.europa.eu/regulation-and-policy/recovery-and-resolution/regulatory-technical-standards-on-resolution-planning

85.08 37.8787 11.9675 7.54956 RTS
98.8782 37.8787 10.4737 7.54956 ON
111.119 37.8787 18.4944 7.54956 MREL

512.88 796.543 11.2387 10.3666 33

85.08 116.743 26.1725 10.3666 Other
114.6 116.743 53.8785 10.3666 instruments
171.721 116.743 26.6715 10.3666 which
201.592 116.743 23.4986 10.3666 meet
228.347 116.743 14.9791 10.3666 the
246.583 116.743 31.9288 10.3666 criteria
281.618 116.743 9.2471 10.3666 of
294.218 116.743 29.0175 10.3666 Article
326.498 116.743 23.3849 10.3666 45(4)
353.133 116.743 9.24821 10.3666 of
365.609 116.743 14.9791 10.3666 the
383.844 116.743 24.6689 10.3666 BRRD
411.925 116.743 25.6581 10.3666 count
440.844 116.743 36.5921 10.3666 towards
480.68 116.743 14.978 10.3666 the
498.794 116.743 25.3975 10.3666 MREL

85.08 132.221 15.2186 10.3666 but
103.324 132.221 17.399 10.3666 are,
123.605 132.221 9.41822 10.3666 to
135.968 132.221 32.5536 10.3666 varying
171.485 132.221 38.1576 10.3666 degrees,
212.645 132.221 8.97883 10.3666 at
224.528 132.221 5.28816 10.3666 a
232.691 132.221 32.7733 10.3666 greater
268.454 132.221 15.583 10.3666 risk
286.936 132.221 9.2471 10.3666 of
299.059 132.221 44.3046 10.3666 exclusion.
346.345 132.221 28.4534 10.3666 Senior
377.788 132.221 46.8361 10.3666 unsecured
427.441 132.221 27.3571 10.3666 bonds
457.805 132.221 19.8356 10.3666 with
480.608 132.221 5.28816 10.3666 a
488.771 132.221 35.5278 10.3666 residual

85.08 147.577 38.598 10.3666 maturity
126.357 147.577 9.2471 10.3666 of
138.233 147.577 23.98 10.3666 more
164.875 147.577 20.5532 10.3666 than
188.032 147.577 5.59728 10.3666 1
196.312 147.577 19.5695 10.3666 year
218.631 147.577 24.6324 10.3666 could
245.868 147.577 11.2586 10.3666 be
259.788 147.577 40.3534 10.3666 excluded
302.865 147.577 21.6572 10.3666 from
327.221 147.577 17.0336 10.3666 loss
347.018 147.577 48.5164 10.3666 absorption
398.138 147.577 9.73397 10.3666 or
410.621 147.577 68.8973 10.3666 recapitalisation
482.243 147.577 5.88432 10.3666 if
490.76 147.577 33.4744 10.3666 holders

85.08 163.056 27.8738 10.3666 would
116.518 163.056 21.4573 10.3666 have
141.477 163.056 25.2948 10.3666 made
170.393 163.056 19.2328 10.3666 high
193.188 163.056 46.3172 10.3666 recoveries
242.988 163.056 8.31312 10.3666 in
254.865 163.056 46.7588 10.3666 insolvency
305.143 163.056 16.4507 10.3666 (for
325.059 163.056 40.1977 10.3666 instance,
368.855 163.056 36.6948 10.3666 because
409.051 163.056 19.8819 10.3666 they
432.571 163.056 19.7826 10.3666 rank
456.002 163.056 17.4079 10.3666 pari
476.998 163.056 25.4726 10.3666 passu
505.914 163.056 9.41822 10.3666 to
518.993 163.056 5.28816 10.3666 a

85.08 178.534 22.2942 10.3666 large
111.117 178.534 35.1392 10.3666 amount
149.878 178.534 9.2471 10.3666 of
162.719 178.534 39.6965 10.3666 liabilities
205.9 178.534 26.6726 10.3666 which
236.256 178.534 14.617 10.3666 are
254.495 178.534 15.2186 10.3666 not
273.456 178.534 37.3572 10.3666 exposed
314.497 178.534 9.41822 10.3666 to
327.457 178.534 17.0336 10.3666 loss
348.214 178.534 8.31312 10.3666 in
360.092 178.534 48.2404 10.3666 resolution,
411.932 178.534 9.73286 10.3666 or
425.375 178.534 36.5788 10.3666 because
465.696 178.534 21.3701 10.3666 their
490.654 178.534 33.4755 10.3666 holders

85.08 193.89 32.1319 10.3666 benefit
120.237 193.89 21.6627 10.3666 from
144.842 193.89 29.3929 10.3666 set-off
177.111 193.89 25.3158 10.3666 rights
205.19 193.89 32.0105 10.3666 against
240.225 193.89 14.8576 10.3666 the
258.108 193.89 52.0967 10.3666 institution).
316.07 193.89 16.5368 10.3666 The
335.51 193.89 45.1547 10.3666 estimated
383.513 193.89 24.5784 10.3666 share
410.995 193.89 9.2471 10.3666 of
423.114 193.89 27.6132 10.3666 senior
453.717 193.89 46.9564 10.3666 unsecured
503.519 193.89 20.7375 10.3666 debt

85.069 209.368 8.31312 10.3666 in
97.1876 209.368 14.978 10.3666 the
115.907 209.368 21.0058 10.3666 total
140.744 209.368 39.5762 10.3666 liabilities
184.165 209.368 16.8327 10.3666 and
204.683 209.368 19.596 10.3666 own
228.084 209.368 20.6724 10.3666 fund
252.441 209.368 9.2471 10.3666 of
265.403 209.368 12.4884 10.3666 EU
281.722 209.368 26.0345 10.3666 banks
311.602 209.368 6.83376 10.3666 is
322.161 209.368 64.4007 10.3666 approximately
390.321 209.368 21.9343 10.3666 6.8%
416.026 209.368 8.97883 10.3666 at
428.747 209.368 66.6098 10.3666 end-December
499.066 209.368 25.2187 10.3666 2014.

85.0579 224.846 17.9941 10.3666 This
106.18 224.846 6.83376 10.3666 is
116.142 224.846 14.978 10.3666 the
134.267 224.846 30.2143 10.3666 largest
167.627 224.846 51.4585 10.3666 component
222.232 224.846 9.2471 10.3666 of
234.468 224.846 25.3975 10.3666 MREL
263.033 224.846 43.704 10.3666 qualifying
309.821 224.846 42.3395 10.3666 liabilities,
355.285 224.846 16.8327 10.3666 and
375.207 224.846 45.5157 10.3666 resolution
423.81 224.846 41.358 10.3666 authority
468.211 224.846 56.0346 10.3666 assessments

85.0579 240.203 9.2471 10.3666 of
96.8177 240.203 37.929 10.3666 whether
137.254 240.203 9.73286 10.3666 or
149.492 240.203 15.3379 10.3666 not
167.37 240.203 24.6987 10.3666 these
194.609 240.203 39.5883 10.3666 liabilities
236.839 240.203 14.4955 10.3666 are
253.995 240.203 22.9952 10.3666 likely
279.547 240.203 9.41712 10.3666 to
291.546 240.203 11.2586 10.3666 be
305.345 240.203 40.1172 10.3666 excluded
348.064 240.203 21.7797 10.3666 from
372.421 240.203 16.9133 10.3666 loss
391.977 240.203 48.5153 10.3666 absorption
442.976 240.203 9.73286 10.3666 or
455.336 240.203 68.8984 10.3666 recapitalisation

85.0579 255.681 15.4836 10.3666 will
103.051 255.681 42.6994 10.3666 therefore
148.29 255.681 11.2575 10.3666 be
161.969 255.681 5.28816 10.3666 a
169.767 255.681 29.6479 10.3666 critical
201.923 255.681 23.3783 10.3666 input
227.84 255.681 17.8186 10.3666 into
248.238 255.681 30.6404 10.3666 setting
281.356 255.681 14.8587 10.3666 the
298.637 255.681 28.3419 10.3666 MREL.

85.0579 283.16 28.1995 10.3666 Lastly,
117.938 283.16 27.7325 10.3666 senior
150.218 283.16 46.835 10.3666 unsecured
201.699 283.16 53.8763 10.3666 instruments
260.141 283.16 24.7329 10.3666 other
289.423 283.16 20.5554 10.3666 than
314.503 283.16 30.1193 10.3666 bonds,
349.304 283.16 8.31533 10.3666 in
362.265 283.16 43.2128 10.3666 particular
410.025 283.16 47.4356 10.3666 uncovered
462.106 283.16 37.6762 10.3666 deposits
504.346 283.16 19.9559 10.3666 with

85.069 298.638 35.5245 10.3666 residual
123.342 298.638 38.5969 10.3666 maturity
164.498 298.638 9.2471 10.3666 of
176.374 298.638 23.9789 10.3666 more
203.015 298.638 20.4328 10.3666 than
226.171 298.638 17.1374 10.3666 one
245.971 298.638 22.3163 10.3666 year,
270.928 298.638 19.1588 10.3666 may
292.767 298.638 17.813 10.3666 also
313.402 298.638 30.0685 10.3666 qualify
346.269 298.638 12.9731 10.3666 for
361.991 298.638 39.6303 10.3666 inclusion
404.346 298.638 8.31312 10.3666 in
415.263 298.638 28.2216 10.3666 MREL.
446.103 298.638 21.2763 10.3666 Such
470.103 298.638 53.9955 10.3666 instruments

85.069 313.994 19.161 10.3666 may
110.272 313.994 11.2586 10.3666 be
127.548 313.994 40.3567 10.3666 excluded
173.865 313.994 21.7786 10.3666 from
201.819 313.994 16.9166 10.3666 loss
224.855 313.994 48.5153 10.3666 absorption
279.334 313.994 9.73286 10.3666 or
295.172 313.994 68.8951 10.3666 recapitalisation
370.148 313.994 12.9731 10.3666 for
389.105 313.994 14.978 10.3666 the
410.105 313.994 23.8541 10.3666 same
440.098 313.994 34.7948 10.3666 reasons
480.893 313.994 9.59376 10.3666 as
496.606 313.994 27.611 10.3666 senior

85.069 329.472 46.9553 10.3666 unsecured
136.184 329.472 30.1425 10.3666 bonds.
170.5 329.472 21.5611 10.3666 They
196.174 329.472 19.0407 10.3666 may
219.449 329.472 8.31643 10.3666 in
231.805 329.472 37.2357 10.3666 addition
273.08 329.472 11.2575 10.3666 be
288.436 329.472 40.116 10.3666 excluded
332.711 329.472 5.88763 10.3666 if
342.786 329.472 14.8576 10.3666 the
361.861 329.472 45.5157 10.3666 resolution
411.416 329.472 41.3614 10.3666 authority
456.896 329.472 44.7562 10.3666 concludes
505.851 329.472 18.3385 10.3666 that

85.069 344.951 20.0012 10.3666 they
108.113 344.951 14.4944 10.3666 are
125.632 344.951 39.3631 10.3666 essential
167.863 344.951 9.53856 10.3666 to
180.347 344.951 14.978 10.3666 the
198.35 344.951 41.3128 10.3666 provision
242.507 344.951 9.24821 10.3666 of
254.747 344.951 29.6446 10.3666 critical
287.384 344.951 44.2991 10.3666 functions.
337.666 344.951 17.9963 10.3666 This
358.669 344.951 19.8985 10.3666 type
381.47 344.951 9.2471 10.3666 of
393.712 344.951 53.9988 10.3666 instruments
450.474 344.951 19.161 10.3666 only
472.677 344.951 35.6184 10.3666 account
511.2 344.951 13.0923 10.3666 for

85.069 360.307 21.9343 10.3666 2.8%
109.427 360.307 9.2471 10.3666 of
121.064 360.307 12.4873 10.3666 EU
136.057 360.307 33.1156 10.3666 banks’s
171.693 360.307 21.0058 10.3666 total
195.088 360.307 39.5795 10.3666 liabilities
237.188 360.307 16.8327 10.3666 and
256.502 360.307 19.4757 10.3666 own
278.459 360.307 23.418 10.3666 fund.

85.069 387.786 10.6768 10.3666 As
99.1052 387.786 5.28816 10.3666 a
107.738 387.786 28.439 10.3666 result,
139.414 387.786 11.6759 10.3666 on
154.411 387.786 38.1598 10.3666 average,
195.927 387.786 31.8901 10.3666 eligible
231.196 387.786 39.6965 10.3666 liabilities
274.252 387.786 28.6367 10.3666 (MREL
306.287 387.786 28.6643 10.3666 ratios)
338.323 387.786 25.5377 10.3666 range
367.239 387.786 21.7775 10.3666 from
392.312 387.786 13.4136 10.3666 6%
409.108 387.786 9.41822 10.3666 to
421.945 387.786 21.8614 10.3666 16%.
447.024 387.786 20.1359 10.3666 That
470.538 387.786 31.9111 10.3666 implies
505.809 387.786 18.3385 10.3666 that

85.069 403.264 59.9163 10.3666 subordinated
147.709 403.264 20.6183 10.3666 debt
171.108 403.264 16.836 10.3666 and
190.548 403.264 28.2812 10.3666 equity
221.628 403.264 43.5384 10.3666 represent
267.948 403.264 33.7968 10.3666 roughly
304.424 403.264 13.5328 10.3666 6%
320.504 403.264 9.2471 10.3666 of
332.384 403.264 21.008 10.3666 total
356.143 403.264 39.5972 10.3666 liabilities
398.383 403.264 9.2471 10.3666 of
410.263 403.264 14.978 10.3666 the
427.903 403.264 15.2672 10.3666 QIS
445.782 403.264 25.3997 10.3666 MREL
473.985 403.264 50.317 10.3666 aggregated

85.069 418.62 32.2578 10.3666 sample
122.151 418.62 16.836 10.3666 and
143.631 418.62 18.4589 10.3666 that
166.913 418.62 14.978 10.3666 the
186.595 418.62 39.7561 10.3666 inclusion
231.117 418.62 9.2471 10.3666 of
245.04 418.62 46.9553 10.3666 unsecured
296.762 418.62 27.7336 10.3666 senior
329.162 418.62 20.7386 10.3666 debt
354.724 418.62 27.3384 10.3666 above
386.765 418.62 5.59728 10.3666 1
397.207 418.62 19.5728 10.3666 year
421.57 418.62 16.8371 10.3666 and
443.051 418.62 9.12677 10.3666 of
456.973 418.62 14.978 10.3666 the
476.775 418.62 47.5559 10.3666 uncovered

85.069 434.099 37.7932 10.3666 deposits
125.263 434.099 27.335 10.3666 above
155.021 434.099 5.59728 10.3666 1
163.061 434.099 19.6898 10.3666 year
185.257 434.099 41.5126 10.3666 increases
229.291 434.099 16.3138 10.3666 this
248.005 434.099 24.6965 10.3666 share
275.125 434.099 9.53746 10.3666 to
287.122 434.099 21.8625 10.3666 16%.

239.88 488.983 27.8164 10.3666 Figure
270.236 488.983 8.59906 10.3666 1:
281.273 488.983 36.5744 10.3666 Average
320.27 488.983 25.3975 10.3666 MREL
348.228 488.983 21.0555 10.3666 ratio

85.08 745.992 20.8197 8.451 MREL
108.003 745.992 6.9723 8.451 1:
117.006 745.992 39.5946 8.451 Regulatory
158.647 745.992 24.2613 8.451 capital
184.931 745.992 4.482 8.451 +
191.411 745.992 17.181 8.451 total
210.614 745.992 38.322 8.451 unsecured
250.934 745.992 48.8826 8.451 subordinated
301.931 745.992 16.812 8.451 debt
320.888 745.992 4.482 8.451 >
327.485 745.992 4.563 8.451 1
334.088 745.992 15.9786 8.451 year

85.08 756.909 20.8197 8.451 MREL
108.003 756.909 6.9723 8.451 2:
117.006 756.909 20.7 8.451 MREL
139.809 756.909 9.0414 8.451 1+
150.848 756.909 17.181 8.451 total
170.051 756.909 22.5792 8.451 senior
194.651 756.909 38.1996 8.451 unsecured
234.966 756.909 16.9317 8.451 debt
253.926 756.909 4.482 8.451 >
260.406 756.909 4.563 8.451 1
267.01 756.909 15.9777 8.451 year

85.08 767.952 20.817 8.451 MREL
108 767.952 6.9687 8.451 3:
117.003 767.952 20.7 8.451 MREL
139.806 767.952 4.563 8.451 2
146.409 767.952 4.482 8.451 +
152.889 767.952 38.7999 8.451 uncovered
193.687 767.952 30.879 8.451 deposits
226.57 767.952 4.482 8.451 >
233.05 767.952 4.563 8.451 1
239.653 767.952 15.9786 8.451 year

167.546 721.133 28.0871 7.69359 MREL1

298.481 721.133 28.0871 7.69359 MREL2

429.415 721.133 28.0871 7.69359 MREL3

102.46 715.462 11.9385 7.69359 0%

102.46 684.083 11.9385 7.69359 5%

97.9165 653.082 16.4758 7.69359 10%

97.9165 622.081 16.4758 7.69359 15%

97.9165 591.08 16.4758 7.69359 20%

97.9165 560.079 16.4758 7.69359 25%

97.9165 529.077 16.4758 7.69359 30%

87.7762 652.038 7.7009 7.39417 %
87.7762 642.751 7.7009 6.84938 of
87.7762 625.068 7.7009 15.4562 total
87.7762 591.39 7.7009 31.3657 liabilities

244.366 520.004 30.7287 7.69359 Average
277.276 520.004 23.5498 7.69359 MREL
303.007 520.004 19.3838 7.69359 Ratio
324.954 520.004 23.5498 7.69359 (whole
350.685 520.004 28.8721 7.69359 sample)

169.439 550.627 9.03961 7.69359 All
180.418 550.627 21.1921 7.69359 banks

169.439 567.262 26.8724 7.69359 G-SIBs

169.439 583.896 15.6033 7.69359 Non
186.848 583.896 26.8724 7.69359 G-SIBs

85.08 37.8787 11.9675 7.54956 RTS
98.8782 37.8787 10.4737 7.54956 ON
111.119 37.8787 18.4944 7.54956 MREL

512.88 796.543 11.2387 10.3666 34

266.52 116.732 32.8396 10.0354 Source:
301.925 116.732 17.7921 10.0354 EBA
322.08 116.732 15.0707 10.0354 QIS
339.72 116.732 20.6779 10.0354 data
362.76 116.732 48.6687 10.0354 (December
413.878 116.732 25.6658 10.0354 2014)

85.0886 142.179 16.6583 10.3666 The
105.005 142.179 22.6585 10.3666 most
131.042 142.179 45.0973 10.3666 important
179.516 142.179 18.5781 10.3666 part
201.352 142.179 9.12787 10.3666 of
213.825 142.179 14.978 10.3666 the
232.181 142.179 45.5157 10.3666 resolution
281.018 142.179 48.353 10.3666 authority’s
332.611 142.179 51.6959 10.3666 assessment
387.569 142.179 9.2471 10.3666 of
400.161 142.179 14.978 10.3666 the
418.398 142.179 15.7022 10.3666 risk
437.358 142.179 9.2471 10.3666 of
449.835 142.179 46.0721 10.3666 exclusions
499.146 142.179 6.83707 10.3666 is
509.343 142.179 14.8598 10.3666 the

85.0886 157.657 59.5553 10.3666 identification
150.483 157.657 9.2471 10.3666 of
165.598 157.657 27.7336 10.3666 senior
199.313 157.657 46.8361 10.3666 unsecured
252.107 157.657 20.7375 10.3666 debt
278.741 157.657 26.676 10.3666 which
311.261 157.657 19.0418 10.3666 may
336.336 157.657 11.2575 10.3666 be
353.495 157.657 40.3556 10.3666 excluded
399.81 157.657 21.6616 10.3666 from
427.525 157.657 30.4174 10.3666 bail-in.
463.915 157.657 17.9963 10.3666 This
487.91 157.657 19.0407 10.3666 may
512.984 157.657 11.2586 10.3666 be

85.0776 173.014 43.6301 10.3666 especially
132.711 173.014 22.993 10.3666 likely
159.707 173.014 12.9731 10.3666 for
176.631 173.014 31.2311 10.3666 certain
211.911 173.014 24.2372 10.3666 types
240.116 173.014 9.2471 10.3666 of
253.321 173.014 39.5795 10.3666 liabilities
296.988 173.014 28.1167 10.3666 issued
328.908 173.014 10.7618 10.3666 by
343.669 173.014 43.4755 10.3666 operating
391.07 173.014 33.4733 10.3666 entities
428.386 173.014 9.24821 10.3666 of
441.708 173.014 35.1944 10.3666 banking
480.948 173.014 33.4821 10.3666 groups,
518.39 173.014 5.88432 10.3666 if

85.0776 188.492 29.5497 10.3666 bailing
117.348 188.492 24.8179 10.3666 these
144.827 188.492 8.31312 10.3666 in
155.865 188.492 41.6329 10.3666 increases
200.141 188.492 14.8587 10.3666 the
217.782 188.492 15.7022 10.3666 risk
236.141 188.492 18.4556 10.3666 that
257.26 188.492 29.6446 10.3666 critical
289.653 188.492 41.5126 10.3666 functions
333.952 188.492 39.9957 10.3666 provided
376.672 188.492 10.6415 10.3666 by
390.112 188.492 14.8576 10.3666 the
407.632 188.492 43.3596 10.3666 operating
453.708 188.492 26.241 10.3666 entity
482.507 188.492 27.876 10.3666 would
513.107 188.492 11.1372 10.3666 be

85.0776 203.97 54.5023 10.3666 interrupted.

85.08 231.816 53.4828 11.256 Estimation
141.359 231.816 10.152 11.256 of
154.319 231.816 28.116 11.256 MREL
185.159 231.816 41.7108 11.256 shortfall

85.08 257.983 16.6572 10.3666 The
104.641 257.983 27.2489 10.3666 actual
134.762 257.983 25.3975 10.3666 MREL
163.084 257.983 60.7178 10.3666 requirements
226.687 257.983 15.4836 10.3666 will
245.044 257.983 11.2586 10.3666 be
259.206 257.983 13.5384 10.3666 set
275.648 257.983 10.6415 10.3666 by
289.21 257.983 45.5168 10.3666 resolution
337.571 257.983 48.7184 10.3666 authorities
389.175 257.983 27.5194 10.3666 taking
419.536 257.983 17.8186 10.3666 into
440.298 257.983 35.6195 10.3666 account
478.82 257.983 45.5157 10.3666 resolution

85.08 273.461 43.7935 10.3666 strategies
131.88 273.461 16.8327 10.3666 and
151.557 273.461 24.7329 10.3666 other
179.161 273.461 30.8303 10.3666 factors
212.997 273.461 18.4556 10.3666 that
234.355 273.461 19.0407 10.3666 may
256.438 273.461 25.7718 10.3666 affect
285.115 273.461 16.9133 10.3666 loss
305.035 273.461 48.512 10.3666 absorption
356.515 273.461 39.3576 10.3666 amounts
398.879 273.461 16.8327 10.3666 and
418.679 273.461 68.8984 10.3666 recapitalisation
490.425 273.461 33.7559 10.3666 needed

85.08 288.939 21.7267 10.3666 after
109.799 288.939 48.2625 10.3666 resolution.
161.042 288.939 43.0825 10.3666 However,
206.884 288.939 13.089 10.3666 for
222.965 288.939 47.1287 10.3666 illustrative
272.998 288.939 43.8023 10.3666 purposes,
319.804 288.939 23.4379 10.3666 using
346.205 288.939 14.978 10.3666 the
364.208 288.939 23.8585 10.3666 same
391.091 288.939 33.4556 10.3666 dataset
427.448 288.939 9.59376 10.3666 as
440.048 288.939 27.3384 10.3666 above
470.291 288.939 41.3845 10.3666 shortfalls
514.682 288.939 9.41822 10.3666 to

85.08 304.296 17.4542 10.3666 two
104.994 304.296 47.1397 10.3666 illustrative
154.673 304.296 50.2629 10.3666 benchmark
207.352 304.296 25.4373 10.3666 levels
235.19 304.296 9.2471 10.3666 of
246.826 304.296 25.3964 10.3666 MREL
274.667 304.296 15.7552 10.3666 can
292.904 304.296 11.2586 10.3666 be
306.584 304.296 47.96 10.3666 estimated:

224.637 331.774 24.4525 10.3666 Table
251.64 331.774 8.47872 10.3666 1:
262.677 331.774 54.839 10.3666 Benchmarks
320.044 331.774 25.1966 10.3666 levels
347.641 331.774 9.2471 10.3666 of
359.28 331.774 25.3942 10.3666 MREL

115.08 377.825 35.598 9.34248 Scenario
152.998 377.825 6.03576 9.34248 A

200.029 365.584 23.0235 9.35244 MREL
225.349 365.584 38.9476 9.35244 threshold
266.627 365.584 22.5574 9.35244 equal
291.465 365.584 8.60942 9.35244 to
302.386 365.584 28.3571 9.35244 double
332.983 365.584 13.5994 9.35244 the
348.823 365.584 39.0362 9.35244 minimum
390.102 365.584 26.9996 9.35244 capital
419.382 365.584 51.3338 9.35244 requirement

201.712 377.825 36.855 9.35244 including
240.838 377.825 28.8541 9.35244 buffers
271.919 377.825 15.2816 9.35244 (8%
289.559 377.825 39.0392 9.35244 minimum
330.84 377.825 19.0814 9.35244 total
352.202 377.825 27.0045 9.35244 capital
381.486 377.825 51.2173 9.35244 requirement
435.008 377.825 4.96008 9.35244 +
442.328 377.825 19.7208 9.35244 2.5%
464.289 377.825 27.0045 9.35244 capital

201.712 389.947 52.5101 9.35244 conservation
256.554 389.947 24.9518 9.35244 buffer
283.91 389.947 4.96008 9.35244 +
291.111 389.947 18.9439 9.35244 G-SII
312.346 389.947 28.9697 9.35244 buffers
343.541 389.947 25.8412 9.35244 where
371.624 389.947 39.2314 9.35244 relevant).

115.08 426.665 35.598 9.34248 Scenario
152.998 426.665 5.58756 9.34248 B

200.039 426.665 23.0215 9.35244 MREL
225.358 426.665 38.9496 9.35244 threshold
266.639 426.665 8.13632 9.35244 at
277.079 426.665 5.04972 9.35244 8
284.4 426.665 7.1214 9.35244 %
293.761 426.665 8.3176 9.35244 of
304.322 426.665 19.0804 9.35244 total
325.683 426.665 35.9347 9.35244 liabilities
363.845 426.665 15.3095 9.35244 and
381.486 426.665 28.1908 9.35244 equity.

85.08 463.543 6.1272 10.3666 If
95.1595 463.543 45.6316 10.3666 resolution
144.719 463.543 48.5937 10.3666 authorities
197.28 463.543 39.2737 10.3666 assessed
240.358 463.543 18.4556 10.3666 that
262.799 463.543 10.3224 10.3666 all
276.956 463.543 27.7303 10.3666 senior
308.639 463.543 46.8383 10.3666 unsecured
359.404 463.543 20.7386 10.3666 debt
384.008 463.543 19.9537 10.3666 with
407.768 463.543 45.837 10.3666 maturities
457.572 463.543 32.7722 10.3666 greater
494.173 463.543 20.5543 10.3666 than
518.655 463.543 5.59728 10.3666 1

85.08 479.021 19.6932 10.3666 year
107.521 479.021 16.836 10.3666 and
127.202 479.021 47.5559 10.3666 uncovered
177.604 479.021 37.557 10.3666 deposits
218.046 479.021 32.7733 10.3666 greater
253.567 479.021 20.5554 10.3666 than
276.847 479.021 5.59728 10.3666 1
285.246 479.021 19.6932 10.3666 year
307.688 479.021 22.5382 10.3666 were
333.13 479.021 34.1611 10.3666 feasibly
370.211 479.021 16.836 10.3666 and
389.773 479.021 35.6018 10.3666 credibly
428.174 479.021 64.4637 10.3666 loss-absorbing
495.475 479.021 28.757 10.3666 (MREL

85.08 494.499 11.9596 10.3666 3):

103.075 509.856 3.37824 10.3666 -
121.07 509.856 26.6528 10.3666 under
150.229 509.856 37.6177 10.3666 scenario
190.426 509.856 6.39216 10.3666 A
199.186 509.856 19.1577 10.3666 only
220.783 509.856 11.2376 10.3666 14
234.46 509.856 26.1538 10.3666 banks
263.134 509.856 27.7535 10.3666 would
293.369 509.856 21.4562 10.3666 have
317.365 509.856 5.28816 10.3666 a
325.159 509.856 39.7131 10.3666 shortfall,
367.389 509.856 34.5221 10.3666 totaling
404.384 509.856 31.2785 10.3666 €44bn;

103.064 525.334 3.37824 10.3666 -

123.576 525.334 26.6528 10.3666 under
152.733 525.334 37.6177 10.3666 scenario
192.93 525.334 6.00576 10.3666 B
201.327 525.334 19.1621 10.3666 only
222.924 525.334 5.59728 10.3666 7
230.961 525.334 26.1571 10.3666 banks
259.639 525.334 30.4803 10.3666 would,
292.636 525.334 34.479 10.3666 totaling
329.588 525.334 30.9816 10.3666 €13bn.

85.0469 556.168 43.0803 10.3666 However,
133.051 556.168 5.88763 10.3666 if
143.736 556.168 45.5157 10.3666 resolution
194.019 556.168 48.7162 10.3666 authorities
247.663 556.168 39.1556 10.3666 assessed
291.582 556.168 18.4589 10.3666 that
314.867 556.168 19.0418 10.3666 only
338.746 556.168 28.2812 10.3666 equity
371.87 556.168 16.836 10.3666 and
393.595 556.168 59.6756 10.3666 subordinated
458.159 556.168 20.7386 10.3666 debt
483.723 556.168 24.5165 10.3666 could
513.127 556.168 11.1372 10.3666 be

85.0469 571.646 34.2704 10.3666 feasibly
121.874 571.646 16.8327 10.3666 and
141.189 571.646 35.4759 10.3666 credibly
179.22 571.646 64.5001 10.3666 loss-absorbing
246.193 571.646 40.6393 10.3666 (MREL1):

103.042 602.481 3.37824 10.3666 -
121.037 602.481 26.6528 10.3666 under
151.64 602.481 37.6188 10.3666 scenario
193.284 602.481 9.12014 10.3666 A,
206.247 602.481 11.1173 10.3666 52
221.247 602.481 9.2471 10.3666 of
234.331 602.481 14.8576 10.3666 the
253.174 602.481 26.156 10.3666 banks
283.177 602.481 8.31533 10.3666 in
295.421 602.481 14.9769 10.3666 the
314.264 602.481 32.1374 10.3666 sample
350.266 602.481 27.6331 10.3666 would
381.827 602.481 21.5744 10.3666 have
407.267 602.481 5.28816 10.3666 a
416.507 602.481 37.0812 10.3666 shortfall
457.424 602.481 9.41822 10.3666 to
470.867 602.481 21.1306 10.3666 their
495.95 602.481 28.2006 10.3666 MREL,

121.037 617.959 34.5994 10.3666 totaling
157.988 617.959 36.7422 10.3666 €674bn.

103.042 633.437 3.37824 10.3666 -
121.037 633.437 26.6528 10.3666 under
150.194 633.437 37.6177 10.3666 scenario
190.391 633.437 8.76024 10.3666 B,
201.55 633.437 11.2376 10.3666 47
215.227 633.437 26.156 10.3666 banks
243.787 633.437 27.876 10.3666 would
274.144 633.437 21.4584 10.3666 have
298.142 633.437 5.28816 10.3666 a
305.819 633.437 39.8389 10.3666 shortfall,
348.175 633.437 34.3598 10.3666 totaling
385.008 633.437 36.7422 10.3666 €510bn.

85.08 37.8787 11.9675 7.54956 RTS
98.8782 37.8787 10.4737 7.54956 ON
111.119 37.8787 18.4944 7.54956 MREL

512.88 796.543 11.2387 10.3666 35

171.96 138.223 24.4525 10.3666 Table
198.964 138.223 8.47872 10.3666 2:
210.001 138.223 45.5775 10.3666 Aggregate
258 138.223 25.3964 10.3666 MREL
285.958 138.223 37.08 10.3666 shortfall
325.544 138.223 30.7475 10.3666 (billion
358.772 138.223 28.545 10.3666 euros)
389.85 138.223 9.47232 10.3666 as
401.843 138.223 9.12677 10.3666 of
413.354 138.223 46.3327 10.3666 December
462.074 138.223 11.2376 10.3666 14

238.56 172.025 35.598 9.34248 Scenario
276.478 172.025 6.03576 9.34248 A

245.76 184.145 13.1203 9.34248 (2*
261.121 184.145 14.0267 9.34248 CR)

411 161.345 35.598 9.34248 Scenario
448.918 161.345 5.58756 9.34248 B

363 173.585 15.4211 9.34248 (8%
380.761 173.585 15.0187 9.34248 tot.
398.041 173.585 37.3361 9.34248 liabilities
437.644 173.585 15.6681 9.34248 and
455.645 173.585 18.189 9.34248 own
476.167 173.585 26.388 9.34248 funds)

181.56 216.199 27.1495 7.54152 Amount

228.72 211.279 5.86116 7.54152 %
236.401 211.279 6.86053 7.54152 of
245.042 211.279 20.3637 7.54152 assets

224.403 220.999 20.6017 7.54152 whole
246.841 220.999 23.964 7.54152 sample

286.56 211.279 5.86116 7.54152 %
294.241 211.279 6.86053 7.54152 of
302.882 211.279 20.3637 7.54152 assets
325.079 211.279 15.3009 7.54152 non-

286.08 220.999 33.5091 7.54152 compliant
321.36 220.999 19.5276 7.54152 banks

354.72 216.199 27.1495 7.54152 Amount

400.44 211.279 5.86116 7.54152 %
408.121 211.279 6.86053 7.54152 of
416.762 211.279 20.3637 7.54152 assets

396.002 220.999 20.6017 7.54152 whole
418.442 220.999 23.9672 7.54152 sample

457.2 211.279 5.86116 7.54152 %
464.881 211.279 6.86053 7.54152 of
473.522 211.279 20.3637 7.54152 assets
495.719 211.279 15.3009 7.54152 non-

456.72 220.999 33.5091 7.54152 compliant
492 220.999 19.5276 7.54152 banks

90.48 255.559 18.8803 7.54152 MREL
111.12 255.559 6.29934 7.54152 1:
120.962 255.559 21.0905 7.54152 Equity
143.882 255.559 5.6682 7.54152 &
151.324 255.559 11.7569 7.54152 sub

90.48 265.279 15.51 7.54152 debt
107.76 265.279 14.3707 7.54152 only

187.44 259.865 15.1292 9.34248 674

237.12 259.865 19.9808 9.34248 2.8%

302.637 259.865 19.9808 9.34248 3.0%

360.595 259.865 15.1292 9.34248 510

408.711 259.865 19.9808 9.34248 2.1%

473.272 259.865 19.9808 9.34248 2.3%

90.48 299.839 18.8811 7.54152 MREL
111.122 299.839 6.29934 7.54152 3:
120.964 299.839 18.8811 7.54152 MREL
141.606 299.839 4.07628 7.54152 1
147.487 299.839 4.00392 7.54152 +

90.48 309.559 20.7336 7.54152 senior
113.041 309.559 34.5575 7.54152 unsecured
149.402 309.559 15.5092 7.54152 debt

90.48 319.4 14.9946 7.54152 with
107.277 319.4 26.6976 7.54152 residual
135.597 319.4 29.0099 7.54152 maturity

90.48 329.12 4.00392 7.54152 >
96.2407 329.12 4.07628 7.54152 1
102.122 329.12 14.7341 7.54152 year
118.683 329.12 4.00392 7.54152 +
124.443 329.12 35.2771 7.54152 uncovered

90.48 338.841 28.1641 7.54152 deposits
120.477 338.841 4.00392 7.54152 >
126.238 338.841 4.07628 7.54152 1
131.998 338.841 14.7333 7.54152 year

190.08 318.785 10.0895 9.34248 44

237.121 318.785 19.9808 9.34248 0.2%

302.638 318.785 19.9808 9.34248 1.4%

363.235 318.785 10.0895 9.34248 13

408.712 318.785 19.9808 9.34248 0.1%

473.273 318.785 19.9808 9.34248 2.2%

367.32 373.503 4.482 8.181 *
373.803 373.503 18.7389 8.181 Total
394.563 373.503 29.3463 8.181 banking
426.006 373.503 22.4613 8.181 assets
450.489 373.503 7.3053 8.181 of
459.852 373.503 11.9817 8.181 the
473.894 373.503 21.942 8.181 whole
497.897 373.503 26.262 8.181 sample

266.52 397.052 32.8396 10.0354 Source:
301.925 397.052 17.7921 10.0354 EBA
322.08 397.052 15.0707 10.0354 QIS
339.72 397.052 20.6779 10.0354 data
362.76 397.052 48.6687 10.0354 (December
413.878 397.052 25.6658 10.0354 2014)

85.0886 422.377 14.7726 10.3666 For
104.53 422.377 55.3192 10.3666 comparison,
164.41 422.377 14.978 10.3666 the
183.971 422.377 30.6978 10.3666 impact
219.371 422.377 51.6981 10.3666 assessment
275.652 422.377 26.676 10.3666 which
306.973 422.377 59.6767 10.3666 accompanied
371.294 422.377 14.8576 10.3666 the
390.855 422.377 55.5952 10.3666 consultation
450.975 422.377 26.1725 10.3666 paper
481.815 422.377 42.3892 10.3666 displayed

85.0886 437.856 29.9957 10.3666 results
118.808 437.856 34.5132 10.3666 globally
156.96 437.856 8.31312 10.3666 in
168.957 437.856 16.2917 10.3666 line
188.872 437.856 19.7152 10.3666 with
212.273 437.856 14.978 10.3666 the
230.873 437.856 35.1469 10.3666 findings
269.744 437.856 9.2471 10.3666 of
282.584 437.856 14.978 10.3666 the
301.186 437.856 15.2672 10.3666 QIS
319.905 437.856 20.0464 10.3666 data
343.661 437.856 34.9052 10.3666 analysis
382.29 437.856 18.5781 10.3666 (see
404.49 437.856 24.3355 10.3666 Table
432.448 437.856 11.6616 10.3666 3).
447.808 437.856 16.6583 10.3666 The
468.088 437.856 35.0266 10.3666 analysis
506.719 437.856 17.3968 10.3666 was

85.0886 453.334 26.6737 10.3666 based
114.244 453.334 11.6759 10.3666 on
128.402 453.334 26.984 10.3666 public
157.913 453.334 37.6729 10.3666 financial
197.975 453.334 50.5146 10.3666 statements
250.893 453.334 9.59376 10.3666 as
262.89 453.334 9.24821 10.3666 of
274.527 453.334 46.3338 10.3666 December
323.25 453.334 22.398 10.3666 2013
348.09 453.334 16.8327 10.3666 and
367.405 453.334 36.0357 10.3666 covered
405.922 453.334 16.7576 10.3666 128
425.12 453.334 12.4873 10.3666 EU
440.113 453.334 28.8199 10.3666 banks.

171.96 480.703 24.4525 10.3666 Table
198.964 480.703 8.47872 10.3666 3:
210.001 480.703 45.5775 10.3666 Aggregate
258 480.703 25.3964 10.3666 MREL
285.958 480.703 37.08 10.3666 shortfall
325.544 480.703 30.7475 10.3666 (billion
358.772 480.703 28.545 10.3666 euros)
389.85 480.703 9.47232 10.3666 as
401.843 480.703 9.12677 10.3666 of
413.354 480.703 46.3327 10.3666 December
462.074 480.703 11.2376 10.3666 13

248.64 514.505 35.598 9.34248 Scenario
286.558 514.505 6.03576 9.34248 A

255.84 526.745 13.1203 9.34248 (2*
271.201 526.745 14.0267 9.34248 CR)

414.24 508.505 35.598 9.34248 Scenario
452.158 508.505 5.58756 9.34248 B

366.24 520.745 15.4211 9.34248 (8%
384.002 520.745 15.0187 9.34248 tot.
401.282 520.745 37.3341 9.34248 liabilities
440.883 520.745 15.6681 9.34248 and
458.884 520.745 18.189 9.34248 own
479.405 520.745 26.387 9.34248 funds)

190.8 567.919 27.1495 7.54152 Amount

270.96 562.999 5.86116 7.54152 %
278.641 562.999 6.86053 7.54152 of
287.282 562.999 20.3637 7.54152 assets
309.479 562.999 20.4843 7.54152 whole

306.96 572.719 23.9648 7.54152 sample

361.2 567.919 27.1495 7.54152 Amount

431.4 562.999 5.86116 7.54152 %
439.081 562.999 6.86053 7.54152 of
447.722 562.999 20.3637 7.54152 assets
469.919 562.999 20.4843 7.54152 whole

467.4 572.719 23.9648 7.54152 sample

90.48 607.279 18.8803 7.54152 MREL
111.12 607.279 6.29934 7.54152 1:
120.962 607.279 21.0905 7.54152 Equity
143.882 607.279 5.6682 7.54152 &
151.324 607.279 11.7569 7.54152 sub

90.48 616.999 15.51 7.54152 debt
107.76 616.999 14.3707 7.54152 only

219.36 612.199 12.2361 7.54152 332

303.595 612.199 14.3964 7.54152 0.98

384.831 612.199 12.2361 7.54152 464

464.025 612.199 14.3964 7.54152 1.37

90.48 655.639 18.8795 7.54152 MREL
111.119 655.639 4.07628 7.54152 2
115.68 651.281 3.52872 6.52848 9

119.16 655.639 2.21904 7.54152 :
124.925 655.639 19.0009 7.54152 MREL
145.686 655.639 4.07628 7.54152 1
151.567 655.639 4.00392 7.54152 +
157.327 655.639 20.6154 7.54152 senior

90.4813 666.316 34.6773 7.54152 unsecured
126.96 666.316 15.51 7.54152 debt
144.121 666.316 14.9954 7.54152 with

90.4813 676.036 26.6992 7.54152 residual
118.805 676.036 29.0131 7.54152 maturity
149.647 676.036 4.00392 7.54152 >
155.404 676.036 4.07628 7.54152 1
161.286 676.036 14.6167 7.54152 year

221.4 664.519 8.15658 7.54152 36

303.601 664.519 14.3964 7.54152 0.11

386.759 664.519 8.15658 7.54152 12

464.039 664.519 14.3964 7.54152 0.04

345.12 712.532 32.8396 10.0354 Source:
380.518 712.532 16.6362 10.0354 SNL
399.714 712.532 39.7285 10.0354 Financial

85.08 750.401 3.52872 6.53544 9
90.603 754.152 16.9587 8.451 note
109.796 754.152 15.0111 8.451 that
127.067 754.152 20.817 8.451 MREL
150.221 754.152 4.563 8.451 2
156.938 754.152 5.562 8.451 is
164.739 754.152 17.325 8.451 used
184.296 754.152 22.8456 8.451 rather
209.398 754.152 16.7256 8.451 than
228.355 754.152 20.8206 8.451 MREL
251.512 754.152 4.563 8.451 3
258.349 754.152 7.839 8.451 as
268.426 754.152 15.6456 8.451 high
286.303 754.152 24.8373 8.451 quality
313.421 754.152 35.5536 8.451 estimates
351.212 754.152 7.5456 8.451 of
361.049 754.152 38.7981 8.451 uncovered
402.079 754.152 30.7557 8.451 deposits
435.074 754.152 11.9223 8.451 are
449.228 754.152 27.8541 8.451 difficult
479.344 754.152 7.7427 8.451 to
489.422 754.152 34.5744 8.451 construct

85.086 764.232 19.2393 8.451 using
106.33 764.232 22.0473 8.451 public
130.453 764.232 16.3107 8.451 data

85.08 37.8787 11.9675 7.54956 RTS
98.8782 37.8787 10.4737 7.54956 ON
111.119 37.8787 18.4944 7.54956 MREL

512.88 796.543 11.2387 10.3666 36

85.08 145.913 20.2149 14.9864 4.2
121.086 145.913 38.2769 14.9864 Views
163.083 145.913 13.2628 14.9864 of
180.005 145.913 21.7487 14.9864 the
205.332 145.913 51.6769 14.9864 Banking
260.659 145.913 78.046 14.9864 Stakeholder
342.255 145.913 40.8959 14.9864 Group
386.77 145.913 35.7967 14.9864 (BSG)

85.08 175.663 16.6583 10.3666 The
104.995 175.663 18.0062 10.3666 BSG
126.11 175.663 33.9204 10.3666 broadly
163.19 175.663 46.2355 10.3666 supported
212.624 175.663 14.978 10.3666 the
230.738 175.663 30.4881 10.3666 overall
264.333 175.663 42.1551 10.3666 approach
309.573 175.663 9.2471 10.3666 of
321.932 175.663 14.8576 10.3666 the
340.047 175.663 40.328 10.3666 technical
383.602 175.663 46.6804 10.3666 standards,
433.517 175.663 15.0983 10.3666 but
451.756 175.663 25.4185 10.3666 made
480.311 175.663 5.28816 10.3666 a
488.825 175.663 35.413 10.3666 number

85.08 191.141 9.2471 10.3666 of
96.7117 191.141 57.5935 10.3666 observations
156.704 191.141 11.677 10.3666 on
170.865 191.141 33.3408 10.3666 specific
206.492 191.141 29.5386 10.3666 issues.

85.08 218.619 16.6583 10.3666 The
104.52 218.619 18.0062 10.3666 BSG
125.16 218.619 42.4764 10.3666 considers
170.28 218.619 18.4578 10.3666 that
191.4 218.619 14.978 10.3666 the
209.039 218.619 13.4136 10.3666 8%
225.239 218.619 68.4292 10.3666 burden-sharing
296.389 218.619 57.3925 10.3666 precondition
356.505 218.619 12.9731 10.3666 for
372.107 218.619 24.458 10.3666 some
399.228 218.619 19.9162 10.3666 uses
421.668 218.619 9.2471 10.3666 of
433.664 218.619 45.5102 10.3666 resolution
481.778 218.619 24.9526 10.3666 funds
509.494 218.619 6.83376 10.3666 is
518.971 218.619 5.28816 10.3666 a

85.069 233.976 54.4592 10.3666 cornerstone
143.51 233.976 9.2471 10.3666 of
156.715 233.976 14.978 10.3666 the
175.675 233.976 12.4884 10.3666 EU
192.121 233.976 45.6372 10.3666 resolution
241.681 233.976 31.2984 10.3666 regime
276.966 233.976 16.836 10.3666 and
297.851 233.976 29.9162 10.3666 should
331.69 233.976 11.2586 10.3666 be
346.936 233.976 5.28816 10.3666 a
356.3 233.976 43.2978 10.3666 reference
403.584 233.976 13.0934 10.3666 for
420.629 233.976 30.5201 10.3666 setting
455.152 233.976 14.978 10.3666 the
474.108 233.976 28.2204 10.3666 MREL.
506.27 233.976 17.9963 10.3666 This

85.069 249.454 24.6358 10.3666 could
115.311 249.454 30.8756 10.3666 indeed
151.793 249.454 11.2586 10.3666 be
168.715 249.454 42.1562 10.3666 extended
216.477 249.454 21.9012 10.3666 from
244.078 249.454 38.7493 10.3666 systemic
288.479 249.454 53.0395 10.3666 institutions,
347.16 249.454 9.59707 10.3666 as
362.401 249.454 42.6365 10.3666 proposed
410.643 249.454 8.29766 10.3666 in
424.546 249.454 14.978 10.3666 the
445.066 249.454 21.9387 10.3666 draft
472.668 249.454 20.4019 10.3666 text,
498.711 249.454 9.53856 10.3666 to
513.953 249.454 10.329 10.3666 all

85.069 264.932 53.3022 10.3666 institutions.

85.069 292.411 16.6572 10.3666 The
105.59 292.411 18.0062 10.3666 BSG
127.31 292.411 17.9378 10.3666 also
149.033 292.411 26.5556 10.3666 noted
179.395 292.411 18.3385 10.3666 that
201.597 292.411 38.1962 10.3666 resolved
243.478 292.411 33.4766 10.3666 entities
280.678 292.411 19.161 10.3666 may
303.599 292.411 18.8177 10.3666 face
326.039 292.411 39.3388 10.3666 different
369.242 292.411 22.43 10.3666 pillar
395.381 292.411 5.59728 10.3666 2
404.741 292.411 29.7605 10.3666 capital
438.332 292.411 63.3608 10.3666 requirements,
505.535 292.411 9.59376 10.3666 as
518.854 292.411 5.28816 10.3666 a

85.069 307.767 25.6581 10.3666 result
116.989 307.767 9.2471 10.3666 of
132.468 307.767 58.3596 10.3666 restructuring
197.143 307.767 16.7157 10.3666 and
220.182 307.767 59.4946 10.3666 management
285.937 307.767 32.1341 10.3666 change
324.333 307.767 8.31643 10.3666 in
338.972 307.767 14.978 10.3666 the
360.211 307.767 45.5157 10.3666 resolution
412.049 307.767 36.7201 10.3666 process,
455.129 307.767 16.836 10.3666 and
478.169 307.767 24.6358 10.3666 could
509.008 307.767 15.2186 10.3666 not

85.069 323.245 50.105 10.3666 realistically
137.731 323.245 29.8588 10.3666 expect
170.009 323.245 9.41822 10.3666 to
182.006 323.245 33.9756 10.3666 recover
218.487 323.245 32.0171 10.3666 market
253.044 323.245 28.6742 10.3666 access
284.238 323.245 55.7531 10.3666 immediately
342.547 323.245 41.3117 10.3666 following
386.336 323.245 48.2603 10.3666 resolution.

85.08 352.433 20.2149 14.9864 4.3
121.086 352.433 61.7429 14.9864 Feedback
186.373 352.433 16.774 14.9864 on
206.888 352.433 21.7487 14.9864 the
232.215 352.433 39.5122 14.9864 public
275.302 352.433 80.8502 14.9864 consultation

85.08 382.183 16.6583 10.3666 The
104.277 382.183 17.7921 10.3666 EBA
124.555 382.183 34.4006 10.3666 publicly
161.511 382.183 43.8354 10.3666 consulted
207.71 382.183 11.6759 10.3666 on
221.868 382.183 14.9791 10.3666 the
239.266 382.183 21.9387 10.3666 draft
263.743 382.183 40.3413 10.3666 technical
306.598 382.183 46.5778 10.3666 standards.

85.069 409.661 16.6583 10.3666 The
105.591 409.661 55.5952 10.3666 consultation
164.993 409.661 29.1953 10.3666 period
197.995 409.661 27.0359 10.3666 lasted
228.836 409.661 12.9731 10.3666 for
245.639 409.661 5.59728 10.3666 3
255.001 409.661 34.1964 10.3666 months
293.043 409.661 16.836 10.3666 and
313.563 409.661 28.2359 10.3666 ended
345.604 409.661 11.677 10.3666 on
360.964 409.661 5.59728 10.3666 6
370.446 409.661 40.041 10.3666 February
414.249 409.661 25.1016 10.3666 2015.
443.03 409.661 5.72976 10.3666 X
452.631 409.661 45.1094 10.3666 responses
501.465 409.661 22.653 10.3666 were

85.069 425.139 41.0401 10.3666 received,
128.505 425.139 9.2471 10.3666 of
140.14 425.139 26.676 10.3666 which
169.304 425.139 5.37648 10.3666 Y
177.098 425.139 22.6574 10.3666 were
202.174 425.139 43.7162 10.3666 published
248.373 425.139 11.6759 10.3666 on
262.533 425.139 14.978 10.3666 the
279.928 425.139 17.7921 10.3666 EBA
300.084 425.139 37.9379 10.3666 website.

85.0579 452.496 17.9941 10.3666 This
109.293 452.496 26.1703 10.3666 paper
141.69 452.496 38.64 10.3666 presents
186.571 452.496 5.28816 10.3666 a
198.085 452.496 41.718 10.3666 summary
245.963 452.496 9.2471 10.3666 of
261.436 452.496 14.8587 10.3666 the
282.555 452.496 15.4416 10.3666 key
304.273 452.496 27.834 10.3666 points
338.348 452.496 16.8327 10.3666 and
361.382 452.496 24.6137 10.3666 other
392.223 452.496 47.2777 10.3666 comments
445.624 452.496 29.4348 10.3666 arising
481.257 452.496 21.7786 10.3666 from
509.333 452.496 14.8576 10.3666 the

85.0579 467.975 55.7156 10.3666 consultation
143.967 467.975 16.836 10.3666 and
163.895 467.975 14.978 10.3666 the
182.129 467.975 34.7959 10.3666 analysis
220.163 467.975 16.836 10.3666 and
240.198 467.975 45.7564 10.3666 discussion
289.152 467.975 40.827 10.3666 triggered
333.178 467.975 10.7607 10.3666 by
347.212 467.975 24.6976 10.3666 these
375.051 467.975 47.3969 10.3666 comments
425.566 467.975 16.836 10.3666 and
445.486 467.975 14.9769 10.3666 the
463.72 467.975 32.037 10.3666 actions
498.875 467.975 25.2352 10.3666 taken

85.0579 483.453 9.53856 10.3666 to
97.1754 483.453 34.6766 10.3666 address
134.372 483.453 23.7007 10.3666 them
160.53 483.453 5.88763 10.3666 if
168.927 483.453 36.7555 10.3666 deemed
208.164 483.453 46.9421 10.3666 necessary.

85.0579 510.81 8.556 10.3666 In
97.4194 510.81 24.9206 10.3666 many
126.221 510.81 26.7554 10.3666 cases,
156.818 510.81 31.8073 10.3666 several
192.456 510.81 36.5601 10.3666 industry
232.897 510.81 29.6369 10.3666 bodies
266.257 510.81 25.4163 10.3666 made
295.538 510.81 29.7649 10.3666 similar
329.012 510.81 50.1624 10.3666 comments,
382.895 510.81 9.73286 10.3666 or
396.457 510.81 14.8587 10.3666 the
415.179 510.81 23.8585 10.3666 same
442.902 510.81 22.2809 10.3666 body
469.063 510.81 40.837 10.3666 repeated
513.706 510.81 10.4372 10.3666 its

85.0579 526.288 47.3969 10.3666 comments
136.897 526.288 8.31643 10.3666 in
149.737 526.288 10.4361 10.3666 its
164.734 526.288 40.6581 10.3666 response
209.853 526.288 9.41712 10.3666 to
223.891 526.288 39.2185 10.3666 different
267.57 526.288 46.2223 10.3666 questions.
318.33 526.288 8.556 10.3666 In
331.29 526.288 20.5565 10.3666 such
356.25 526.288 26.8791 10.3666 cases,
387.569 526.288 14.8576 10.3666 the
406.889 526.288 47.2766 10.3666 comments
458.729 526.288 16.836 10.3666 and
479.968 526.288 14.978 10.3666 the
499.411 526.288 24.84 10.3666 EBA’s

85.0469 541.766 35.0244 10.3666 analysis
122.592 541.766 14.4955 10.3666 are
139.626 541.766 38.311 10.3666 included
180.419 541.766 8.31312 10.3666 in
191.214 541.766 14.8587 10.3666 the
208.492 541.766 32.3163 10.3666 section
243.172 541.766 9.2471 10.3666 of
254.925 541.766 16.3138 10.3666 this
273.64 541.766 26.1714 10.3666 paper
302.317 541.766 28.2977 10.3666 where
333.154 541.766 14.978 10.3666 the
350.603 541.766 17.7921 10.3666 EBA
370.88 541.766 42.4775 10.3666 considers
415.758 541.766 23.7073 10.3666 them
441.92 541.766 22.6585 10.3666 most
467.12 541.766 55.816 10.3666 appropriate.

85.0469 569.123 37.6751 10.3666 Changes
126.92 569.123 9.53856 10.3666 to
140.716 569.123 14.8576 10.3666 the
159.791 569.123 21.9332 10.3666 draft
185.94 569.123 40.3468 10.3666 technical
230.488 569.123 44.033 10.3666 standards
278.722 569.123 21.5777 10.3666 have
304.517 569.123 22.4763 10.3666 been
331.152 569.123 58.3552 10.3666 incorporated
393.667 569.123 9.59597 10.3666 as
407.461 569.123 5.28816 10.3666 a
416.936 569.123 25.5388 10.3666 result
446.692 569.123 9.2471 10.3666 of
460.126 569.123 14.978 10.3666 the
479.322 569.123 44.8765 10.3666 responses

85.0469 584.601 38.3154 10.3666 received
125.844 584.601 28.8398 10.3666 during
157.157 584.601 14.978 10.3666 the
174.554 584.601 26.9895 10.3666 public
204.07 584.601 58.4612 10.3666 consultation.

85.08 612.576 47.448 11.256 Summary
135.24 612.576 10.272 11.256 of
148.321 612.576 17.448 11.256 key
168.481 612.576 29.868 11.256 issues
201.121 612.576 18.684 11.256 and
222.601 612.576 16.5972 11.256 the
241.922 612.576 27.708 11.256 EBA’s
272.402 612.576 45.276 11.256 response

85.08 639.216 9.144 11.268 1.
96.96 639.216 52.692 11.268 Calibrating
152.28 639.216 16.296 11.268 the
171.36 639.216 18.492 11.268 loss
192.6 639.216 52.8588 11.268 absorption
248.279 639.216 18.3 11.268 and
269.279 639.216 75.1788 11.268 recapitalisation
347.158 639.216 42.9708 11.268 amounts

85.08 665.383 25.5212 10.3666 Many
115.8 665.383 50.0399 10.3666 comments,
171 665.383 43.5208 10.3666 especially
219.836 665.383 25.0575 10.3666 those
250.073 665.383 21.7808 10.3666 from
277.07 665.383 39.4801 10.3666 industry,
321.707 665.383 31.2311 10.3666 argued
358.18 665.383 18.4589 10.3666 that
381.82 665.383 17.1385 10.3666 one
404.137 665.383 9.73286 10.3666 or
419.014 665.383 23.8574 10.3666 more
448.075 665.383 9.2471 10.3666 of
462.593 665.383 14.8587 10.3666 the
482.751 665.383 41.517 10.3666 elements

85.08 680.861 49.2362 10.3666 mentioned
137.04 680.861 8.31643 10.3666 in
148.08 680.861 14.978 10.3666 the
165.84 680.861 21.9376 10.3666 draft
190.439 680.861 16.4673 10.3666 RTS
209.52 680.861 30.0354 10.3666 should
242.28 680.861 15.3379 10.3666 not
260.4 680.861 11.2575 10.3666 be
274.439 680.861 25.2352 10.3666 taken
302.399 680.861 17.6982 10.3666 into
322.919 680.861 35.6184 10.3666 account
361.318 680.861 24.8764 10.3666 when
388.918 680.861 41.4397 10.3666 assessing
433.074 680.861 14.978 10.3666 the
450.714 680.861 29.7683 10.3666 capital
483.233 680.861 40.9198 10.3666 criterion,

85.08 696.217 39.8665 10.3666 although
128.631 696.217 24.2184 10.3666 there
156.471 696.217 17.5161 10.3666 was
177.711 696.217 20.3776 10.3666 little
201.711 696.217 46.1958 10.3666 consensus
251.51 696.217 20.1734 10.3666 over
275.27 696.217 31.4 10.3666 exactly
310.31 696.217 22.5382 10.3666 what
336.59 696.217 36.4717 10.3666 changes
376.665 696.217 30.0354 10.3666 should
410.386 696.217 11.1383 10.3666 be
425.267 696.217 51.8615 10.3666 introduced.
480.826 696.217 18.4589 10.3666 One
503.043 696.217 21.2332 10.3666 NGO

85.08 711.696 40.8977 10.3666 response
129.13 711.696 31.2355 10.3666 argued
163.453 711.696 18.4567 10.3666 that
185.056 711.696 14.978 10.3666 the
203.053 711.696 25.3964 10.3666 MREL
231.617 711.696 33.8762 10.3666 needed
268.577 711.696 9.41822 10.3666 to
281.181 711.696 11.2586 10.3666 be
295.586 711.696 44.7959 10.3666 calibrated
343.47 711.696 9.53856 10.3666 to
356.195 711.696 5.28816 10.3666 a
364.598 711.696 19.2317 10.3666 high
386.919 711.696 21.008 10.3666 level
411.043 711.696 16.836 10.3666 and
430.968 711.696 15.3379 10.3666 not
449.332 711.696 11.2575 10.3666 be
463.697 711.696 15.7022 10.3666 risk
482.54 711.696 41.7787 10.3666 sensitive.

85.1021 727.174 16.6572 10.3666 The
105.504 727.174 18.0007 10.3666 BSG
127.22 727.174 50.1867 10.3666 highlighted
181.092 727.174 14.978 10.3666 the
199.812 727.174 51.6981 10.3666 importance
255.132 727.174 9.2471 10.3666 of
268.092 727.174 14.978 10.3666 the
286.813 727.174 13.4136 10.3666 8%
303.973 727.174 40.3556 10.3666 backstop
348.013 727.174 16.836 10.3666 and
368.533 727.174 45.2673 10.3666 suggested
417.486 727.174 18.4677 10.3666 that
439.696 727.174 6.21552 10.3666 it
449.534 727.174 18.556 10.3666 play
471.849 727.174 5.28816 10.3666 a
480.846 727.174 43.4181 10.3666 reference

85.091 742.53 17.738 10.3666 role
106.45 742.53 12.9731 10.3666 for
123.011 742.53 10.3224 10.3666 all
136.922 742.53 53.1554 10.3666 institutions,
193.556 742.53 15.2186 10.3666 not
212.394 742.53 19.1588 10.3666 only
235.072 742.53 38.7482 10.3666 systemic
277.311 742.53 24.2626 10.3666 ones.
305.052 742.53 25.4008 10.3666 Many
334.091 742.53 56.0368 10.3666 respondents
393.73 742.53 16.836 10.3666 and
414.128 742.53 14.978 10.3666 the
432.607 742.53 17.8859 10.3666 BSG
454.085 742.53 17.9378 10.3666 also
475.685 742.53 26.5567 10.3666 noted
505.685 742.53 18.4589 10.3666 that

85.091 758.008 22.4443 10.3666 pillar
111.962 758.008 5.59728 10.3666 2
122.041 758.008 19.5574 10.3666 and,
145.916 758.008 8.31312 10.3666 in
158.631 758.008 24.3388 10.3666 some
187.312 758.008 26.7576 10.3666 cases,
218.507 758.008 27.6055 10.3666 buffer
250.422 758.008 29.7583 10.3666 capital
284.607 758.008 60.7167 10.3666 requirements
349.647 758.008 19.1588 10.3666 may
373.163 758.008 15.2186 10.3666 not
392.842 758.008 11.2586 10.3666 be
408.44 758.008 33.1465 10.3666 applied
445.989 758.008 8.1961 10.3666 in
458.587 758.008 14.978 10.3666 the
478.027 758.008 23.7382 10.3666 same
506.107 758.008 18.0824 10.3666 way

85.08 37.8787 11.9675 7.54956 RTS
98.8782 37.8787 10.4737 7.54956 ON
111.119 37.8787 18.4944 7.54956 MREL

512.88 796.543 11.2387 10.3666 37

85.08 116.743 41.4287 10.3666 following
129.108 116.743 48.2393 10.3666 resolution,
179.985 116.743 30.6106 10.3666 and/or
213.223 116.743 18.4556 10.3666 that
234.22 116.743 20.0012 10.3666 they
256.78 116.743 22.6596 10.3666 were
282.1 116.743 33.1465 10.3666 applied
317.729 116.743 12.9687 10.3666 for
333.325 116.743 34.7959 10.3666 reasons
370.763 116.743 20.5565 10.3666 such
393.803 116.743 9.59376 10.3666 as
406.038 116.743 9.41822 10.3666 to
418.157 116.743 60.2077 10.3666 disincentivise
480.905 116.743 14.978 10.3666 the
498.545 116.743 25.7508 10.3666 build-

85.08 132.221 11.5567 10.3666 up
99.1174 132.221 9.2471 10.3666 of
110.871 132.221 38.7471 10.3666 systemic
152.025 132.221 18.4799 10.3666 risk,
172.904 132.221 27.9732 10.3666 rather
203.267 132.221 20.4328 10.3666 than
226.18 132.221 9.53856 10.3666 to
238.181 132.221 30.7 10.3666 ensure
271.42 132.221 18.3385 10.3666 that
292.323 132.221 26.7565 10.3666 losses
321.48 132.221 24.5154 10.3666 could
348.477 132.221 11.2586 10.3666 be
362.275 132.221 44.7827 10.3666 absorbed.

85.08 159.578 16.6583 10.3666 The
108.716 159.578 17.7921 10.3666 EBA
133.431 159.578 15.3566 10.3666 has
155.631 159.578 25.4174 10.3666 made
188.026 159.578 5.28816 10.3666 a
200.141 159.578 35.5333 10.3666 number
242.502 159.578 9.2471 10.3666 of
258.696 159.578 59.1556 10.3666 amendments
324.81 159.578 9.41712 10.3666 to
341.246 159.578 14.978 10.3666 the
363.085 159.578 17.6187 10.3666 text
387.68 159.578 11.6759 10.3666 on
406.16 159.578 14.978 10.3666 the
428.115 159.578 16.9166 10.3666 loss
451.87 159.578 48.6356 10.3666 absorption
507.424 159.578 16.836 10.3666 and

85.08 175.056 69.0232 10.3666 recapitalisation
158.991 175.056 39.4768 10.3666 amounts
203.395 175.056 36.7201 10.3666 (Articles
245.039 175.056 5.59728 10.3666 1
255.603 175.056 16.836 10.3666 and
277.327 175.056 8.86512 10.3666 2)
291.131 175.056 8.31533 10.3666 in
304.334 175.056 24.8521 10.3666 order
333.978 175.056 9.53856 10.3666 to
348.502 175.056 29.0186 10.3666 reflect
382.467 175.056 24.6987 10.3666 these
412.111 175.056 47.2777 10.3666 comments
464.316 175.056 18.6973 10.3666 (see
487.959 175.056 36.3978 10.3666 detailed

85.08 190.534 50.3126 10.3666 description
137.875 190.534 8.31312 10.3666 in
148.792 190.534 14.978 10.3666 the
166.311 190.534 41.718 10.3666 summary
210.707 190.534 22.7733 10.3666 table
236.022 190.534 33.6223 10.3666 below).
272.143 190.534 16.6583 10.3666 The
291.462 190.534 32.3163 10.3666 revised
326.261 190.534 21.9343 10.3666 draft
350.856 190.534 17.8119 10.3666 also
371.368 190.534 36.8316 10.3666 includes
410.721 190.534 24.3388 10.3666 some
437.721 190.534 35.3125 10.3666 drafting
475.632 190.534 36.4728 10.3666 changes
514.748 190.534 9.41822 10.3666 to

85.08 205.891 29.1346 10.3666 Article
117.117 205.891 8.40034 10.3666 6,
128.52 205.891 45.9904 10.3666 paragraph
177.358 205.891 8.39923 10.3666 2,
188.641 205.891 9.41822 10.3666 to
201.124 205.891 27.0701 10.3666 clarify
231.236 205.891 14.8576 10.3666 the
249.119 205.891 63.714 10.3666 circumstances
315.72 205.891 8.31312 10.3666 in
326.877 205.891 26.6726 10.3666 which
356.517 205.891 45.5146 10.3666 resolution
404.999 205.891 48.5904 10.3666 authorities
456.596 205.891 11.5776 10.3666 do
471.119 205.891 15.339 10.3666 not
489.363 205.891 22.5956 10.3666 need
514.805 205.891 9.41822 10.3666 to

85.08 221.369 19.5375 10.3666 take
107.157 221.369 35.498 10.3666 account
145.204 221.369 9.12677 10.3666 of
156.841 221.369 14.978 10.3666 the
174.239 221.369 24.67 10.3666 BRRD
201.477 221.369 68.3255 10.3666 burden-sharing
272.275 221.369 57.5151 10.3666 precondition
332.272 221.369 13.0934 10.3666 for
347.87 221.369 15.4571 10.3666 use
365.749 221.369 9.2471 10.3666 of
377.506 221.369 45.5168 10.3666 resolution
425.504 221.369 27.621 10.3666 funds.

85.08 249.336 9.144 11.268 2.
103.08 249.336 22.428 11.268 Peer
128.28 249.336 33.372 11.268 groups

85.08 275.503 25.5212 10.3666 Many
115.078 275.503 36.6804 10.3666 industry
156.236 275.503 47.2766 10.3666 comments
207.836 275.503 38.7968 10.3666 opposed
251.034 275.503 16.0411 10.3666 any
271.552 275.503 43.417 10.3666 reference
319.429 275.503 9.41822 10.3666 to
333.227 275.503 20.6525 10.3666 peer
358.306 275.503 33.4755 10.3666 groups,
396.219 275.503 9.73286 10.3666 or
410.377 275.503 45.0288 10.3666 suggested
459.807 275.503 64.3588 10.3666 differentiating

85.08 290.981 39.6314 10.3666 between
127.193 290.981 27.9842 10.3666 G-SIIs.
157.672 290.981 25.0586 10.3666 Some
185.27 290.981 31.2366 10.3666 argued
218.991 290.981 21.2454 10.3666 that,
242.753 290.981 5.88432 10.3666 if
251.027 290.981 40.5676 10.3666 retained,
294.111 290.981 6.21883 10.3666 it
302.751 290.981 29.9162 10.3666 should
335.148 290.981 11.2575 10.3666 be
348.945 290.981 44.1953 10.3666 expanded
395.504 290.981 9.53856 10.3666 to
407.501 290.981 48.6213 10.3666 non-G-SIIs.

85.0579 318.338 16.6583 10.3666 The
104.973 318.338 32.313 10.3666 revised
140.484 318.338 21.9343 10.3666 draft
165.555 318.338 16.348 10.3666 RTS
185.11 318.338 32.9776 10.3666 replace
221.23 318.338 14.978 10.3666 the
239.464 318.338 56.378 10.3666 requirement
298.979 318.338 9.41822 10.3666 to
311.579 318.338 39.6976 10.3666 compare
354.42 318.338 14.9769 10.3666 the
372.534 318.338 68.9028 10.3666 recapitalisation
444.52 318.338 35.1359 10.3666 amount
482.913 318.338 12.9731 10.3666 for
498.995 318.338 25.2617 10.3666 G-SIIs

85.0579 333.816 19.9559 10.3666 with
109.059 333.816 14.978 10.3666 the
128.019 333.816 33.7504 10.3666 median
165.818 333.816 22.1573 10.3666 CET1
192.097 333.816 29.6402 10.3666 capital
225.806 333.816 21.1747 10.3666 ratio
251.002 333.816 9.2471 10.3666 of
264.198 333.816 24.7329 10.3666 other
293.005 333.816 25.212 10.3666 G-SIIs
322.182 333.816 19.8323 10.3666 with
346.058 333.816 5.28816 10.3666 a
355.42 333.816 33.6069 10.3666 general
393.1 333.816 56.4994 10.3666 requirement
453.586 333.816 9.53856 10.3666 to
467.266 333.816 22.5205 10.3666 carry
493.786 333.816 15.3379 10.3666 out
513.226 333.816 11.0731 10.3666 an

85.0579 349.294 51.8162 10.3666 assessment
139.896 349.294 9.2471 10.3666 of
152.133 349.294 38.0527 10.3666 whether
193.174 349.294 14.8587 10.3666 the
211.179 349.294 29.7594 10.3666 capital
244.052 349.294 36.2708 10.3666 position
283.411 349.294 41.3139 10.3666 following
327.69 349.294 45.6349 10.3666 resolution
376.413 349.294 27.7535 10.3666 would
407.256 349.294 11.2575 10.3666 be
421.66 349.294 53.0119 10.3666 appropriate
477.818 349.294 33.693 10.3666 relative
514.657 349.294 9.41822 10.3666 to

85.0579 364.651 14.978 10.3666 the
105.578 364.651 33.099 10.3666 current
144.098 364.651 29.7683 10.3666 capital
179.378 364.651 36.156 10.3666 position
221.018 364.651 9.24821 10.3666 of
235.658 364.651 20.6536 10.3666 peer
261.698 364.651 53.183 10.3666 institutions.
320.26 364.651 24.8356 10.3666 Peers
350.618 364.651 14.4977 10.3666 are
370.658 364.651 9.41822 10.3666 to
385.658 364.651 11.2575 10.3666 be
402.339 364.651 34.2361 10.3666 defined
442.058 364.651 10.6415 10.3666 by
458.258 364.651 14.978 10.3666 the
478.658 364.651 45.6383 10.3666 resolution

85.0579 380.129 44.16 10.3666 authority,
131.735 380.129 29.8599 10.3666 except
164.014 380.129 8.31643 10.3666 in
174.811 380.129 14.9791 10.3666 the
192.211 380.129 19.6589 10.3666 case
214.409 380.129 9.2471 10.3666 of
226.046 380.129 25.2021 10.3666 G-SIIs
253.77 380.129 29.2582 10.3666 whose
285.447 380.129 20.6536 10.3666 peer
308.484 380.129 26.3183 10.3666 group
337.284 380.129 30.0343 10.3666 should
369.8 380.129 31.0566 10.3666 consist
403.279 380.129 9.2471 10.3666 of
415.032 380.129 10.3224 10.3666 all
427.744 380.129 12.4884 10.3666 EU
442.738 380.129 27.8892 10.3666 G-SIIs.

85.08 408.096 9.144 11.268 3.
103.08 408.096 20.508 11.268 DGS
126.36 408.096 65.4108 11.268 contributions

85.08 434.263 6.39216 10.3666 A
95.2821 434.263 35.5333 10.3666 number
134.522 434.263 9.2471 10.3666 of
147.604 434.263 47.2766 10.3666 comments
198.726 434.263 45.1503 10.3666 suggested
247.677 434.263 18.4589 10.3666 that
269.879 434.263 14.9791 10.3666 the
288.722 434.263 16.3458 10.3666 RTS
308.882 434.263 29.9162 10.3666 should
342.603 434.263 18.2171 10.3666 give
364.685 434.263 32.7733 10.3666 greater
401.287 434.263 26.018 10.3666 scope
431.047 434.263 9.53856 10.3666 to
444.368 434.263 27.5238 10.3666 taking
475.694 434.263 35.6184 10.3666 account
515.176 434.263 9.12677 10.3666 of

85.08 449.619 18.8629 10.3666 DGS
107.636 449.619 59.9969 10.3666 contributions
171.358 449.619 9.53746 10.3666 to
184.678 449.619 48.2592 10.3666 resolution.
236.757 449.619 17.993 10.3666 This
258.476 449.619 27.7535 10.3666 would
290.036 449.619 8.31312 10.3666 in
302.036 449.619 43.0836 10.3666 particular
348.95 449.619 11.2575 10.3666 be
364.072 449.619 22.8793 10.3666 likely
390.832 449.619 9.41822 10.3666 to
404.034 449.619 25.7674 10.3666 affect
433.558 449.619 14.978 10.3666 the
452.281 449.619 25.3964 10.3666 MREL
481.444 449.619 12.9731 10.3666 for
498.245 449.619 26.0367 10.3666 banks

85.08 465.097 19.9526 10.3666 with
109.435 465.097 5.28816 10.3666 a
119.034 465.097 22.2942 10.3666 large
145.668 465.097 48.6411 10.3666 proportion
198.593 465.097 9.2471 10.3666 of
212.152 465.097 33.5152 10.3666 insured
250.068 465.097 40.3402 10.3666 deposits.
294.825 465.097 16.5379 10.3666 The
315.823 465.097 32.313 10.3666 revised
352.538 465.097 21.9343 10.3666 draft
378.812 465.097 36.8316 10.3666 includes
419.966 465.097 5.28816 10.3666 a
429.563 465.097 45.5643 10.3666 significant
479.587 465.097 31.1736 10.3666 redraft
515.098 465.097 9.12787 10.3666 of

85.08 480.576 29.1346 10.3666 Article
116.632 480.576 8.59906 10.3666 3:

103.075 507.789 5.0784 10.1568 •
121.081 508.54 6.4584 10.3666 It
132.364 508.54 26.7532 10.3666 states
163.917 508.54 18.4578 10.3666 that
187.079 508.54 14.978 10.3666 the
206.758 508.54 25.3975 10.3666 MREL
236.879 508.54 19.161 10.3666 may
260.761 508.54 11.2575 10.3666 be
276.843 508.54 36.7566 10.3666 reduced
318.365 508.54 9.41822 10.3666 to
332.648 508.54 19.4172 10.3666 take
356.767 508.54 35.7387 10.3666 account
397.206 508.54 9.24821 10.3666 of
411.127 508.54 14.978 10.3666 the
430.929 508.54 35.1381 10.3666 amount
470.771 508.54 9.12677 10.3666 of
484.694 508.54 16.0411 10.3666 any
505.577 508.54 18.7481 10.3666 DGS

121.081 524.018 58.4424 10.3666 contribution,
185.408 524.018 35.1348 10.3666 without
226.449 524.018 14.8576 10.3666 the
247.094 524.018 46.2366 10.3666 restriction
299.179 524.018 8.31643 10.3666 in
313.343 524.018 14.978 10.3666 the
334.104 524.018 55.7178 10.3666 consultation
395.671 524.018 21.9387 10.3666 draft
423.394 524.018 9.53856 10.3666 to
438.76 524.018 50.2773 10.3666 institutions
494.925 524.018 29.2538 10.3666 whose

121.081 539.496 45.6372 10.3666 resolution
169.199 539.496 19.3498 10.3666 plan
191.03 539.496 6.83376 10.3666 is
200.384 539.496 12.9731 10.3666 for
215.863 539.496 50.6813 10.3666 liquidation.

103.086 566.71 5.0784 10.1568 •
121.092 567.46 6.4584 10.3666 It
130.808 567.46 6.8448 10.3666 is
140.891 567.46 16.5534 10.3666 less
160.682 567.46 33.2205 10.3666 specific
197.147 567.46 26.2553 10.3666 about
226.544 567.46 14.978 10.3666 the
244.66 567.46 48.5572 10.3666 calculation
296.301 567.46 9.2471 10.3666 of
308.776 567.46 16.316 10.3666 this
328.211 567.46 58.3199 10.3666 contribution,
389.765 567.46 15.2186 10.3666 but
408.24 567.46 24.957 10.3666 notes
436.434 567.46 18.3385 10.3666 that
458.029 567.46 6.21883 10.3666 it
467.269 567.46 22.6585 10.3666 must
493.184 567.46 11.2575 10.3666 be
507.698 567.46 16.5567 10.3666 less

121.104 582.938 20.5565 10.3666 than
144.748 582.938 5.28816 10.3666 a
153.153 582.938 36.0986 10.3666 prudent
192.398 582.938 39.2185 10.3666 estimate
234.628 582.938 9.2471 10.3666 of
246.871 582.938 14.978 10.3666 the
264.996 582.938 24.3564 10.3666 limits
292.355 582.938 11.6759 10.3666 on
307.12 582.938 59.8765 10.3666 contributions
370.124 582.938 38.555 10.3666 imposed
411.768 582.938 10.7607 10.3666 by
425.572 582.938 14.978 10.3666 the
443.572 582.938 24.6689 10.3666 BRRD
471.416 582.938 5.49792 10.3666 –
480.036 582.938 13.4622 10.3666 i.e.
496.6 582.938 18.4589 10.3666 that
518.206 582.938 6.0996 10.3666 it

121.115 598.416 22.6585 10.3666 must
146.799 598.416 11.2575 10.3666 be
161.083 598.416 16.677 10.3666 less
180.767 598.416 20.5565 10.3666 than
204.291 598.416 14.9791 10.3666 the
222.296 598.416 26.6362 10.3666 losses
251.935 598.416 14.978 10.3666 the
269.936 598.416 18.8674 10.3666 DGS
291.78 598.416 27.7557 10.3666 would
322.624 598.416 21.4573 10.3666 have
347.108 598.416 9.41822 10.3666 to
359.468 598.416 20.413 10.3666 bear
382.992 598.416 8.31643 10.3666 in
394.276 598.416 11.0764 10.3666 an
408.44 598.416 49.5608 10.3666 insolvency,
461.005 598.416 16.836 10.3666 and
480.685 598.416 22.6585 10.3666 must
506.369 598.416 17.8186 10.3666 also

121.115 613.773 11.2586 10.3666 be
135.398 613.773 16.5534 10.3666 less
154.958 613.773 20.5532 10.3666 than
178.357 613.773 19.0539 10.3666 50%
200.197 613.773 9.2471 10.3666 of
212.313 613.773 14.9813 10.3666 the
230.2 613.773 27.0933 10.3666 target
260.318 613.773 20.8888 10.3666 level
284.078 613.773 9.2471 10.3666 of
296.198 613.773 14.978 10.3666 the
314.081 613.773 18.8674 10.3666 DGS
335.803 613.773 20.6757 10.3666 fund
359.445 613.773 31.4375 10.3666 (unless
393.888 613.773 14.978 10.3666 the
411.77 613.773 36.6086 10.3666 national
451.254 613.773 48.7162 10.3666 authorities
502.976 613.773 21.3381 10.3666 have

121.115 629.251 13.5384 10.3666 set
138.031 629.251 11.0764 10.3666 an
152.427 629.251 48.5793 10.3666 alternative
204.385 629.251 56.6617 10.3666 percentage).
264.381 629.251 16.656 10.3666 The
284.415 629.251 48.5164 10.3666 calculation
336.251 629.251 29.9151 10.3666 should
369.487 629.251 19.5386 10.3666 take
392.404 629.251 35.6184 10.3666 account
431.4 629.251 9.24821 10.3666 of
443.997 629.251 14.8587 10.3666 the
462.234 629.251 30.3688 10.3666 overall
495.95 629.251 15.7033 10.3666 risk
515.026 629.251 9.2471 10.3666 of

121.115 644.729 48.6422 10.3666 exhausting
172.356 644.729 14.8576 10.3666 the
189.756 644.729 18.8674 10.3666 DGS
211.234 644.729 20.6757 10.3666 fund
234.512 644.729 12.8362 10.3666 (as
249.99 644.729 5.28816 10.3666 a
257.909 644.729 25.5388 10.3666 result
285.989 644.729 9.2471 10.3666 of
297.749 644.729 37.1783 10.3666 multiple
337.468 644.729 21.8228 10.3666 bank
361.946 644.729 39.1412 10.3666 failures).
403.704 644.729 6.4584 10.3666 It
412.703 644.729 25.0763 10.3666 notes
440.303 644.729 18.4589 10.3666 that
461.304 644.729 14.978 10.3666 the
478.943 644.729 45.3976 10.3666 resolution

121.115 660.086 41.358 10.3666 authority
168.396 660.086 29.9162 10.3666 should
204.16 660.086 32.4984 10.3666 consult
242.44 660.086 19.9559 10.3666 with
268.244 660.086 14.8576 10.3666 the
288.883 660.086 18.8674 10.3666 DGS
313.607 660.086 41.241 10.3666 authority
360.647 660.086 11.6759 10.3666 on
378.171 660.086 10.5564 10.3666 its
394.495 660.086 42.1562 10.3666 approach
442.5 660.086 12.972 10.3666 for
461.219 660.086 32.5592 10.3666 making
499.619 660.086 24.6987 10.3666 these

121.115 675.564 58.9293 10.3666 assessments.

85.08 703.536 9.144 11.268 4.
103.08 703.536 35.532 11.268 Groups

85.08 729.703 25.5212 10.3666 Many
113.157 729.703 55.9165 10.3666 respondents
171.594 729.703 25.8358 10.3666 asked
199.911 729.703 12.9731 10.3666 for
215.388 729.703 5.28816 10.3666 a
223.08 729.703 23.98 10.3666 more
249.602 729.703 36.5071 10.3666 detailed
288.469 729.703 52.7083 10.3666 explanation
343.536 729.703 9.2471 10.3666 of
355.293 729.703 22.398 10.3666 how:

85.08 37.8787 11.9675 7.54956 RTS
98.8782 37.8787 10.4737 7.54956 ON
111.119 37.8787 18.4944 7.54956 MREL

512.88 796.543 11.2387 10.3666 38

103.08 116.592 5.0784 10.1568 •
121.086 117.343 12.1561 10.3666 An
137.401 117.343 50.5224 10.3666 entity-level
191.993 117.343 25.3975 10.3666 MREL
221.629 117.343 29.914 10.3666 should
255.702 117.343 11.2586 10.3666 be
271.178 117.343 13.4191 10.3666 set
288.814 117.343 12.9731 10.3666 for
305.971 117.343 25.7729 10.3666 single
335.841 117.343 23.6157 10.3666 point
363.439 117.343 9.2471 10.3666 of
376.87 117.343 23.7228 10.3666 entry
404.712 117.343 9.3564 10.3666 vs
418.146 117.343 37.0513 10.3666 multiple
459.415 117.343 23.4964 10.3666 point
487.073 117.343 9.2471 10.3666 of
500.389 117.343 23.8431 10.3666 entry

121.075 132.821 30.7188 10.3666 groups
155.639 132.821 11.6726 10.3666 (in
170.998 132.821 45.9518 10.3666 particular,
220.673 132.821 47.3185 10.3666 suggesting
271.672 132.821 18.4589 10.3666 that
293.873 132.821 24.3377 10.3666 there
321.956 132.821 29.9162 10.3666 should
355.677 132.821 11.1372 10.3666 be
370.679 132.821 39.2174 10.3666 different
413.64 132.821 45.699 10.3666 treatment
463.082 132.821 9.2471 10.3666 of
476.044 132.821 48.2757 10.3666 ‘resolution

121.075 148.177 36.3613 10.3666 entities’
159.833 148.177 16.836 10.3666 and
179.15 148.177 24.6126 10.3666 other
206.149 148.177 39.5122 10.3666 entities).

103.08 169.507 5.0784 10.1568 •
121.086 170.257 30.9595 10.3666 Capital
155.877 170.257 60.7178 10.3666 requirements
220.44 170.257 13.418 10.3666 set
237.601 170.257 19.0385 10.3666 only
260.52 170.257 8.97552 10.3666 at
273.24 170.257 14.978 10.3666 the
291.963 170.257 57.387 10.3666 consolidated
353.156 170.257 20.8855 10.3666 level
377.872 170.257 19.5828 10.3666 (e.g.
401.153 170.257 20.9109 10.3666 G-SII
425.884 170.257 34.6744 10.3666 buffers,
464.281 170.257 24.3377 10.3666 some
492.364 170.257 22.4421 10.3666 pillar
518.637 170.257 5.59728 10.3666 2

121.086 185.614 64.1866 10.3666 requirements)
187.688 185.614 27.7535 10.3666 would
217.922 185.614 25.8888 10.3666 affect
246.23 185.614 50.5422 10.3666 entity-level
299.157 185.614 25.3975 10.3666 MREL
327.118 185.614 63.6312 10.3666 requirements.

85.0848 213.093 16.6572 10.3666 The
104.281 213.093 32.4366 10.3666 revised
139.198 213.093 21.8184 10.3666 draft
163.556 213.093 36.4773 10.3666 changes
202.433 213.093 9.41712 10.3666 to
214.431 213.093 34.797 10.3666 address
251.628 213.093 24.6976 10.3666 these
278.864 213.093 27.8374 10.3666 points
309.222 213.093 17.4785 10.3666 are:

121.075 240.571 8.62224 10.3666 a)
139.081 240.571 33.2735 10.3666 Making
175.795 240.571 32.0105 10.3666 explicit
211.306 240.571 18.4556 10.3666 that
233.263 240.571 29.5221 10.3666 capital
266.373 240.571 60.7178 10.3666 requirements
330.693 240.571 13.418 10.3666 set
347.612 240.571 19.0407 10.3666 only
370.29 240.571 8.8585 10.3666 at
382.65 240.571 57.5085 10.3666 consolidated
443.602 240.571 21.0058 10.3666 level
468.196 240.571 22.4763 10.3666 need
494.115 240.571 15.339 10.3666 not
512.954 240.571 11.2575 10.3666 be

139.081 256.049 25.3545 10.3666 taken
166.917 256.049 17.696 10.3666 into
187.192 256.049 35.6184 10.3666 account
225.229 256.049 13.089 10.3666 for
240.702 256.049 14.978 10.3666 the
258.103 256.049 25.3964 10.3666 MREL
286.059 256.049 51.6959 10.3666 assessment
340.294 256.049 12.9731 10.3666 for
355.655 256.049 52.429 10.3666 subsidiaries
410.605 256.049 32.3759 10.3666 (Article
445.403 256.049 8.44008 10.3666 6,
456.36 256.049 45.8723 10.3666 paragraph
504.713 256.049 11.9696 10.3666 6);

121.086 283.406 9.10469 10.3666 b)
139.081 283.406 20.137 10.3666 That
163.204 283.406 14.978 10.3666 the
182.047 283.406 68.8995 10.3666 recapitalisation
254.874 283.406 35.1381 10.3666 amount
293.879 283.406 13.089 10.3666 for
310.799 283.406 52.4268 10.3666 subsidiaries
367.07 283.406 19.0407 10.3666 may
390.113 283.406 19.4183 10.3666 take
413.517 283.406 35.6184 10.3666 account
453.001 283.406 9.2471 10.3666 of
466.084 283.406 14.978 10.3666 the
485.047 283.406 16.8956 10.3666 fact
505.808 283.406 18.4556 10.3666 that

139.081 298.884 24.7583 10.3666 being
167.278 298.884 5.28816 10.3666 a
176.032 298.884 38.2933 10.3666 member
217.675 298.884 9.2471 10.3666 of
230.389 298.884 5.28816 10.3666 a
239.144 298.884 26.3183 10.3666 group
268.904 298.884 38.6345 10.3666 provides
310.902 298.884 32.1385 10.3666 market
346.541 298.884 49.1722 10.3666 confidence
399.213 298.884 45.5168 10.3666 (providing
448.167 298.884 14.978 10.3666 the
466.645 298.884 26.4375 10.3666 group
496.406 298.884 27.8374 10.3666 meets

139.081 314.363 10.5531 10.3666 its
152.155 314.363 57.3881 10.3666 consolidated
212.024 314.363 28.6654 10.3666 MREL)
243.222 314.363 32.3748 10.3666 (Article
278.136 314.363 8.42904 10.3666 3,
288.96 314.363 45.9926 10.3666 paragraph
337.434 314.363 11.794 10.3666 9).

85.08 342.216 9.144 11.268 5.
103.08 342.216 107.412 11.268 Centralcounterparties
213.12 342.216 18.3 11.268 and
234.24 342.216 42.948 11.268 Financial
279.84 342.216 35.7 11.268 Market
318.24 342.216 72.372 11.268 Infrastructures

85.08 368.383 6.39216 10.3666 A
97.3245 368.383 35.5333 10.3666 number
138.731 368.383 9.2471 10.3666 of
153.851 368.383 44.9979 10.3666 responses
204.613 368.383 21.9 10.3666 from
232.336 368.383 24.4801 10.3666 CCPs,
262.7 368.383 22.0767 10.3666 CSDs
290.541 368.383 16.8327 10.3666 and
313.222 368.383 23.9811 10.3666 trade
343.109 368.383 54.3466 10.3666 associations
403.22 368.383 53.4303 10.3666 emphasised
462.498 368.383 5.28816 10.3666 a
473.659 368.383 35.5333 10.3666 number
514.942 368.383 9.2471 10.3666 of

85.08 383.861 42.3561 10.3666 problems
131.877 383.861 19.8808 10.3666 they
156.236 383.861 27.7568 10.3666 would
188.395 383.861 21.4573 10.3666 have
214.312 383.861 8.31533 10.3666 in
227.03 383.861 36.9995 10.3666 meeting
268.423 383.861 25.3964 10.3666 MREL
298.301 383.861 63.4789 10.3666 requirements,
366.218 383.861 12.9731 10.3666 for
383.616 383.861 21.5964 10.3666 FMIs
409.536 383.861 26.676 10.3666 which
440.614 383.861 17.8186 10.3666 also
462.933 383.861 21.4573 10.3666 have
488.85 383.861 35.3203 10.3666 banking

85.08 399.339 67.2181 10.3666 authorisations.
154.793 399.339 8.556 10.3666 In
165.831 399.339 46.0368 10.3666 particular:

121.081 420.547 5.0784 10.1568 •
139.088 421.297 16.6583 10.3666 The
158.285 421.297 17.4973 10.3666 lack
178.197 421.297 9.2471 10.3666 of
189.834 421.297 32.0061 10.3666 eligible
224.379 421.297 53.8763 10.3666 instruments
280.776 421.297 8.31312 10.3666 in
291.571 421.297 21.2509 10.3666 their
315.328 421.297 33.1023 10.3666 current
350.849 421.297 34.649 10.3666 balance
388.037 421.297 24.6987 10.3666 sheet
415.275 421.297 48.1896 10.3666 structures.

121.081 442.627 5.0784 10.1568 •
139.088 443.377 16.6572 10.3666 The
159.126 443.377 38.6025 10.3666 volatility
201.125 443.377 9.2471 10.3666 of
213.722 443.377 21.3734 10.3666 their
238.441 443.377 34.6579 10.3666 balance
276.599 443.377 29.0374 10.3666 sheets
308.999 443.377 29.6479 10.3666 means
342.128 443.377 18.3385 10.3666 that
363.966 443.377 5.28816 10.3666 a
372.723 443.377 56.378 10.3666 requirement
432.6 443.377 13.418 10.3666 set
449.518 443.377 8.31533 10.3666 in
461.155 443.377 26.1571 10.3666 terms
490.673 443.377 9.12787 10.3666 of
503.271 443.377 21.0091 10.3666 total

139.088 458.856 27.4741 10.3666 assets
168.965 458.856 27.7524 10.3666 would
199.199 458.856 17.9323 10.3666 also
219.59 458.856 11.2575 10.3666 be
233.387 458.856 26.7157 10.3666 highly
262.539 458.856 35.6901 10.3666 volatile.

121.081 480.063 5.0784 10.1568 •
139.088 480.814 20.1336 10.3666 That
164.523 480.814 14.978 10.3666 the
184.802 480.814 34.235 10.3666 existing
224.396 480.814 16.9177 10.3666 loss
246.595 480.814 43.8266 10.3666 allocation
295.667 480.814 42.5857 10.3666 waterfall,
343.531 480.814 40.4726 10.3666 including
389.362 480.814 31.889 10.3666 default
426.552 480.814 24.9526 10.3666 funds
456.906 480.814 16.8338 10.3666 and
478.982 480.814 45.3026 10.3666 members’

139.088 496.292 62.7591 10.3666 contributions,
204.365 496.292 29.9151 10.3666 should
236.761 496.292 34.7959 10.3666 address
274.077 496.292 40.317 10.3666 concerns
316.794 496.292 26.379 10.3666 about
345.592 496.292 17.3019 10.3666 FMI
365.389 496.292 36.9917 10.3666 survival.

85.08 517.655 16.6583 10.3666 The
104.277 517.655 17.7921 10.3666 EBA
124.555 517.655 15.3566 10.3666 has
142.311 517.655 42.6354 10.3666 proposed
187.429 517.655 35.3203 10.3666 drafting
225.222 517.655 36.4728 10.3666 changes
264.215 517.655 9.41822 10.3666 to
276.212 517.655 34.6755 10.3666 address
313.408 517.655 24.6976 10.3666 these
340.645 517.655 29.3995 10.3666 issues,
372.562 517.655 31.634 10.3666 noting:

103.075 538.984 5.0784 10.1568 •
121.081 539.735 20.1359 10.3666 That
144.594 539.735 12.9698 10.3666 for
160.909 539.735 33.4744 10.3666 entities
197.743 539.735 32.2589 10.3666 subject
233.264 539.735 9.53746 10.3666 to
246.101 539.735 29.7594 10.3666 capital
279.205 539.735 16.8338 10.3666 and
299.359 539.735 46.4442 10.3666 prudential
349.148 539.735 60.5975 10.3666 requirements
413.105 539.735 40.1768 10.3666 pursuant
456.66 539.735 9.41712 10.3666 to
469.379 539.735 23.5152 10.3666 EMIR
496.256 539.735 9.73286 10.3666 or
509.218 539.735 14.978 10.3666 the

121.081 555.213 17.7093 10.3666 CSD
143.037 555.213 50.7553 10.3666 Regulation,
197.987 555.213 19.0418 10.3666 only
221.263 555.213 17.876 10.3666 CRR
243.224 555.213 29.7594 10.3666 capital
277.167 555.213 60.8381 10.3666 requirements
342.204 555.213 29.7936 10.3666 should
376.156 555.213 11.2575 10.3666 be
391.631 555.213 49.5961 10.3666 considered
445.271 555.213 24.9957 10.3666 when
474.427 555.213 30.6393 10.3666 setting
509.217 555.213 14.9769 10.3666 the

121.081 570.569 28.1962 10.3666 MREL,
152.512 570.569 16.8327 10.3666 and
172.544 570.569 34.6479 10.3666 feasible
210.449 570.569 16.8327 10.3666 and
230.481 570.569 35.9716 10.3666 credible
269.71 570.569 59.9936 10.3666 contributions
332.828 570.569 9.53746 10.3666 to
345.542 570.569 16.9144 10.3666 loss
365.695 570.569 48.6356 10.3666 absorption
417.415 570.569 9.73286 10.3666 or
430.371 570.569 68.8951 10.3666 recapitalisation
502.471 570.569 21.6572 10.3666 from

121.07 586.047 24.8179 10.3666 these
148.428 586.047 34.0761 10.3666 sources
185.024 586.047 29.9151 10.3666 should
217.421 586.047 11.2586 10.3666 be
231.219 586.047 25.2363 10.3666 taken
258.936 586.047 17.6982 10.3666 into
279.213 586.047 38.6124 10.3666 account;

103.08 607.548 4.5816 9.1632 •
121.08 607.543 20.137 10.3666 That
144.595 607.543 45.5168 10.3666 resolution
193.311 607.543 48.7173 10.3666 authorities
245.152 607.543 19.1621 10.3666 may
267.589 607.543 25.1778 10.3666 agree
296.028 607.543 9.53856 10.3666 to
308.864 607.543 31.7786 10.3666 update
343.901 607.543 14.8576 10.3666 the
362.021 607.543 25.3975 10.3666 MREL
390.818 607.543 56.3791 10.3666 requirement
450.338 607.543 23.9778 10.3666 more
477.694 607.543 46.5215 10.3666 frequently

121.08 622.899 13.089 10.3666 for
136.68 622.899 50.402 10.3666 institutions
189.481 622.899 29.2582 10.3666 whose
221.281 622.899 38.1564 10.3666 business
261.837 622.899 32.7557 10.3666 models
297.116 622.899 24.5607 10.3666 imply
324.111 622.899 32.8584 10.3666 volatile
359.387 622.899 34.7771 10.3666 balance
396.707 622.899 31.5631 10.3666 sheets.

85.08 678.336 9.144 11.268 6.
103.08 678.336 61.9788 11.268 Consultation
167.879 678.336 21.54 11.268 with
192.239 678.336 55.452 11.268 supervisors

85.08 704.503 29.1346 10.3666 Article
117.24 704.503 5.59728 10.3666 5
125.883 704.503 15.3544 10.3666 has
144.244 704.503 22.4763 10.3666 been
169.687 704.503 32.4366 10.3666 revised
204.968 704.503 9.53856 10.3666 to
217.571 704.503 27.0745 10.3666 clarify
247.687 704.503 18.4556 10.3666 that
269.168 704.503 14.978 10.3666 the
287.172 704.503 36.7003 10.3666 purpose
326.774 704.503 9.2471 10.3666 of
339.013 704.503 53.1874 10.3666 information
395.167 704.503 42.4565 10.3666 exchange
440.525 704.503 19.8334 10.3666 with
463.326 704.503 50.9971 10.3666 supervisors
517.33 704.503 6.83376 10.3666 is

85.08 719.981 9.53856 10.3666 to
98.5201 719.981 23.9656 10.3666 allow
126.354 719.981 14.978 10.3666 the
145.325 719.981 45.5102 10.3666 resolution
194.643 719.981 41.2377 10.3666 authority
239.884 719.981 9.41822 10.3666 to
253.207 719.981 28.3949 10.3666 satisfy
285.485 719.981 21.9619 10.3666 itself
311.283 719.981 18.3385 10.3666 that
333.606 719.981 6.21552 10.3666 it
343.686 719.981 15.3566 10.3666 has
363.01 719.981 48.512 10.3666 discharged
415.449 719.981 10.4361 10.3666 its
429.851 719.981 20.1215 10.3666 duty
453.975 719.981 9.41822 10.3666 to
467.298 719.981 38.173 10.3666 consider
509.299 719.981 14.978 10.3666 the

85.08 735.337 38.2768 10.3666 business
125.877 735.337 31.2001 10.3666 model,
159.474 735.337 34.1202 10.3666 funding
196.067 735.337 28.4479 10.3666 model
227.025 735.337 16.8349 10.3666 and
246.341 735.337 15.5841 10.3666 risk
264.459 735.337 32.0811 10.3666 profile.

85.08 763.296 9.144 11.268 7.
103.08 763.296 45.3 11.268 Exclusion
151.08 763.296 46.86 11.268 threshold

85.08 37.8787 11.9675 7.54956 RTS
98.8782 37.8787 10.4737 7.54956 ON
111.119 37.8787 18.4944 7.54956 MREL

512.88 796.543 11.2387 10.3666 39

85.08 116.743 6.39216 10.3666 A
94.443 116.743 35.5333 10.3666 number
132.846 116.743 9.2471 10.3666 of
144.968 116.743 56.0357 10.3666 respondents
203.887 116.743 42.6365 10.3666 proposed
249.49 116.743 29.4404 10.3666 raising
281.889 116.743 14.8576 10.3666 the
299.772 116.732 10.9186 10.0354 de
313.576 116.732 34.8963 10.0354 minimis
351.486 116.743 42.9953 10.3666 threshold
397.449 116.743 27.3339 10.3666 below
427.689 116.743 26.676 10.3666 which
457.332 116.743 14.978 10.3666 the
475.213 116.743 16.4673 10.3666 RTS
494.655 116.743 11.4584 10.3666 do
509.178 116.743 15.0983 10.3666 not

85.091 132.221 32.7391 10.3666 require
122.412 132.221 11.0731 10.3666 an
138.008 132.221 51.6959 10.3666 assessment
194.165 132.221 9.12677 10.3666 of
207.721 132.221 38.0527 10.3666 whether
250.201 132.221 45.9518 10.3666 exclusions
300.717 132.221 21.6572 10.3666 from
326.873 132.221 27.7711 10.3666 bail-in
359.167 132.221 27.876 10.3666 would
391.566 132.221 25.5377 10.3666 result
421.685 132.221 8.31643 10.3666 in
434.525 132.221 5.28816 10.3666 a
444.125 132.221 30.8756 10.3666 breach
479.525 132.221 9.2471 10.3666 of
493.205 132.221 14.978 10.3666 the
512.644 132.221 11.5788 10.3666 no

85.091 147.577 35.7718 10.3666 creditor
124.085 147.577 27.3395 10.3666 worse
154.683 147.577 12.6033 10.3666 off
170.515 147.577 36.7113 10.3666 (NCWO)
210.472 147.577 47.0547 10.3666 safeguard.
260.861 147.577 16.6583 10.3666 The
280.777 147.577 17.7865 10.3666 EBA
301.888 147.577 14.9747 10.3666 felt
320.125 147.577 18.4556 10.3666 that
341.959 147.577 16.3138 10.3666 this
361.516 147.577 17.5139 10.3666 was
382.389 147.577 15.2186 10.3666 not
400.986 147.577 46.7997 10.3666 necessary,
450.906 147.577 15.2186 10.3666 but
469.503 147.577 15.3533 10.3666 has
488.216 147.577 36.0235 10.3666 clarified

85.069 163.056 31.8129 10.3666 further
122.631 163.056 18.4589 10.3666 that
146.755 163.056 16.3171 10.3666 this
168.715 163.056 42.9964 10.3666 threshold
217.437 163.056 32.0359 10.3666 implies
255.119 163.056 19.0407 10.3666 only
279.961 163.056 11.0753 10.3666 an
296.764 163.056 51.6981 10.3666 assessment
354.127 163.056 10.7618 10.3666 by
370.567 163.056 14.978 10.3666 the
391.33 163.056 45.5157 10.3666 resolution
442.449 163.056 44.16 10.3666 authority,
492.372 163.056 15.2186 10.3666 not
513.375 163.056 10.955 10.3666 an

85.069 178.534 45.5897 10.3666 automatic
133.064 178.534 51.219 10.3666 adjustment
186.701 178.534 9.53856 10.3666 to
198.701 178.534 14.8576 10.3666 the
216.102 178.534 28.2304 10.3666 MREL.

85.08 37.8788 11.9675 7.54956 RTS
98.8782 37.8788 10.4737 7.54956 ON
111.119 37.8788 18.4944 7.54956 MREL

759.96 549.463 11.2387 10.3666 40

85.08 94.8961 47.448 11.256 Summary
135.24 94.8961 10.2708 11.256 of
148.319 94.8961 50.028 11.256 responses
201.119 94.8961 10.536 11.256 to
214.438 94.8961 16.716 11.256 the
233.878 94.8961 62.1228 11.256 consultation
298.676 94.8961 18.804 11.256 and
320.156 94.8961 16.596 11.256 the
339.476 94.8961 27.828 11.256 EBA’s
369.956 94.8961 39.468 11.256 analysis

85.08 131.623 49.3996 10.3555 Comments

203.87 131.623 43.6323 10.3555 Summary
250.069 131.623 9.36854 10.3555 of
261.825 131.623 45.9198 10.3555 responses
310.173 131.623 39.0485 10.3555 received

444.829 131.623 18.3297 10.3555 EBA
465.587 131.623 36.2079 10.3555 analysis

671.624 124.778 61.6584 10.3555 Amendments
735.712 124.778 9.78034 10.3555 to

671.624 138.335 15.2772 10.3555 the
689.385 138.335 44.4934 10.3555 proposals

85.08 165.463 36.0798 10.3555 General
123.6 165.463 48.0891 10.3555 comments

85.08 273.425 28.9218 9.35244 Overall
126.72 273.425 38.348 9.35244 approach
177.837 273.425 15.3095 9.35244 and

85.08 285.665 36.7922 9.35244 flexibility

203.88 191.225 5.76684 9.35244 A
213.355 191.225 32.1529 9.35244 number
249.227 191.225 8.3176 9.35244 of
261.222 191.225 50.8099 9.35244 respondents
315.692 191.225 27.8143 9.35244 sought
347.245 191.225 29.636 9.35244 greater
380.6 191.225 24.912 9.35244 clarity
409.277 191.225 7.50884 9.35244 in
420.551 191.225 13.5994 9.35244 the

203.88 203.465 14.7717 9.35244 RTS
225.124 203.465 23.9757 9.35244 about
255.606 203.465 20.4977 9.35244 what
282.611 203.465 13.6004 9.35244 the
302.52 203.465 23.0235 9.35244 MREL
332.043 203.465 40.4396 9.35244 numerical
378.967 203.465 55.1346 9.35244 requirements

203.88 215.585 25.148 9.35244 would
231.359 215.585 10.2389 9.35244 be

203.88 233.825 16.8384 9.35244 One
226.793 233.825 21.8781 9.35244 trade
254.746 233.825 45.1885 9.35244 association
306.099 233.825 47.0112 9.35244 respondent
359.249 233.825 32.4915 9.35244 thought
397.8 233.825 16.7736 9.35244 that
420.592 233.825 13.5964 9.35244 the

203.88 246.065 23.0235 9.35244 MREL
231.959 246.065 27.1868 9.35244 should
264.236 246.065 13.8952 9.35244 not
283.194 246.065 10.2389 9.35244 be
298.433 246.065 12.0964 9.35244 set
315.713 246.065 7.50884 9.35244 in
328.311 246.065 4.77084 9.35244 a
338.151 246.065 36.1887 9.35244 two-step
379.43 246.065 31.134 9.35244 process
415.55 246.065 18.4091 9.35244 (loss

203.88 258.306 44.1069 9.35244 absorption
251.035 258.306 15.3075 9.35244 and
269.39 258.306 65.6553 9.35244 recapitalisation)
338.025 258.306 35.8122 9.35244 amounts
376.781 258.306 13.8942 9.35244 but
393.696 258.306 32.5851 9.35244 through
429.329 258.306 4.77084 9.35244 a

203.88 270.428 33.8142 9.35244 ‘holistic’
240.006 270.428 46.8967 9.35244 assessment

203.88 288.665 33.5483 9.35244 Industry
242.518 288.665 50.8099 9.35244 respondents
298.313 288.665 22.9588 9.35244 made
326.391 288.665 4.77084 9.35244 a
336.23 288.665 23.1998 9.35244 range
364.429 288.665 8.31859 9.35244 of
377.75 288.665 43.7324 9.35244 arguments
426.467 288.665 7.50884 9.35244 in

203.88 300.905 26.2765 9.35244 favour
232.8 300.905 8.3176 9.35244 of
243.719 300.905 33.1788 9.35244 changes
279.482 300.905 8.60942 9.35244 to
290.762 300.905 13.5994 9.35244 the
306.961 300.905 28.894 9.35244 criteria
338.524 300.905 24.0723 9.35244 which
365.288 300.905 25.149 9.35244 would
393.127 300.905 23.2566 9.35244 result
419.047 300.905 7.50984 9.35244 in
429.247 300.905 4.77084 9.35244 a

203.88 313.027 23.0365 9.35244 lower
229.201 313.027 43.2702 9.35244 calibration
274.803 313.027 8.3166 9.35244 of
285.363 313.027 13.6004 9.35244 the
301.199 313.027 23.1431 9.35244 MREL
326.64 313.027 16.8404 9.35244 (see
345.721 313.027 25.0026 9.35244 below
372.965 313.027 11.7538 9.35244 for
387.004 313.027 29.8979 9.35244 details)

203.88 331.265 15.0386 9.35244 The
223.201 331.265 16.3653 9.35244 BSG
243.845 331.265 48.4265 9.35244 emphasised
296.643 331.265 13.5984 9.35244 the
314.525 331.265 46.9564 9.35244 importance
365.764 331.265 8.3176 9.35244 of
378.367 331.265 55.767 9.35244 transparency,

203.88 343.505 21.5495 9.35244 given
229.196 343.505 13.5994 9.35244 the
246.471 343.505 28.4806 9.35244 degree
278.627 343.505 8.3176 9.35244 of
290.62 343.505 40.3888 9.35244 discretion
334.774 343.505 43.7473 9.35244 embedded
382.288 343.505 7.50884 9.35244 in
393.562 343.505 13.5994 9.35244 the
410.837 343.505 23.0235 9.35244 MREL

203.88 355.746 40.8858 9.35244 approach,
247.316 355.746 15.3075 9.35244 and
265.193 355.746 16.6561 9.35244 that
284.392 355.746 13.5994 9.35244 the
300.471 355.746 39.1866 9.35244 definition
342.227 355.746 8.3176 9.35244 of
353.027 355.746 29.1689 9.35244 netting
384.705 355.746 7.50884 9.35244 in
394.783 355.746 13.5994 9.35244 the
410.863 355.746 23.0235 9.35244 MREL

203.88 367.868 53.1565 9.35244 denominator
259.321 367.868 22.2726 9.35244 could
283.926 367.868 31.3919 9.35244 usefully
317.647 367.868 10.3604 9.35244 be
330.248 367.868 32.5921 9.35244 clarified

444.84 191.225 15.0416 9.35244 The
462.122 191.225 16.0864 9.35244 EBA
480.482 191.225 26.9368 9.35244 agrees
509.645 191.225 16.7766 9.35244 that
528.725 191.225 29.638 9.35244 greater
560.648 191.225 25.0355 9.35244 clarity
588.013 191.225 10.5088 9.35244 on
600.854 191.225 24.0723 9.35244 which

444.84 203.466 37.6119 9.35244 elements
484.678 203.466 8.43712 9.35244 of
495.358 203.466 13.5994 9.35244 the
511.198 203.466 26.9996 9.35244 capital
540.477 203.466 55.2491 9.35244 requirements
597.953 203.466 27.1868 9.35244 should
627.471 203.466 10.2389 9.35244 be

444.84 215.588 44.7065 9.35244 considered
491.997 215.588 22.5076 9.35244 when
516.835 215.588 27.8502 9.35244 setting
546.955 215.588 13.5984 9.35244 the
562.793 215.588 15.4141 9.35244 loss
580.434 215.588 44.1069 9.35244 absorption
626.872 215.588 15.3075 9.35244 and

444.84 227.828 62.4671 9.35244 recapitalisation
509.638 227.828 35.8122 9.35244 amounts
547.796 227.828 25.148 9.35244 would
575.274 227.828 10.2389 9.35244 be
587.754 227.828 30.8182 9.35244 helpful,
620.883 227.828 13.8942 9.35244 but

444.84 240.069 38.5721 9.35244 considers
485.638 240.069 16.7756 9.35244 that
504.719 240.069 36.3679 9.35244 retaining
543.355 240.069 13.5994 9.35244 the
559.196 240.069 42.6666 9.35244 distinction
604.193 240.069 35.8281 9.35244 between

444.84 252.31 22.3612 9.35244 these
469.442 252.31 15.8105 9.35244 two
487.564 252.31 50.6934 9.35244 components
540.484 252.31 32.8122 9.35244 remains
575.523 252.31 28.3213 9.35244 helpful
606.125 252.31 7.50884 9.35244 in

444.84 264.431 48.2522 9.35244 establishing
495.363 264.431 4.77084 9.35244 a
502.444 264.431 14.3723 9.35244 link
519.125 264.431 35.7096 9.35244 between
557.166 264.431 13.7209 9.35244 the
573.127 264.431 42.074 9.35244 regulatory
617.529 264.431 27.0036 9.35244 capital

444.84 276.672 15.3085 9.35244 and
462.481 276.672 23.0225 9.35244 MREL
487.801 276.672 50.9882 9.35244 frameworks.

444.84 313.026 15.0386 9.35244 The
462.12 313.026 39.3071 9.35244 definition
503.757 313.026 8.3176 9.35244 of
514.318 313.026 29.1689 9.35244 netting
545.757 313.026 8.60843 9.35244 to
556.678 313.026 10.2389 9.35244 be
569.158 313.026 19.2676 9.35244 used
590.756 313.026 7.50884 9.35244 in
600.595 313.026 13.5984 9.35244 the
616.435 313.026 23.0225 9.35244 MREL

444.84 325.267 53.1525 9.35244 denominator
500.277 325.267 6.1742 9.35244 is
508.679 325.267 30.2774 9.35244 outside
541.197 325.267 13.5984 9.35244 the
557.156 325.267 23.6789 9.35244 scope
583.075 325.267 8.3176 9.35244 of
593.635 325.267 22.3592 9.35244 these
618.235 325.267 36.7185 9.35244 technical

444.84 337.508 42.4665 9.35244 standards.

671.639 191.225 30.2157 9.35244 Redraft
704.159 191.225 8.31859 9.35244 of
714.718 191.225 30.4158 9.35244 Articles
747.365 191.225 5.04972 9.35244 1

671.649 203.466 15.3095 9.35244 and
689.29 203.466 5.04972 9.35244 2
696.611 203.466 33.1748 9.35244 (Articles
732.131 203.466 5.04972 9.35244 2
739.452 203.466 15.3085 9.35244 and

671.649 215.588 5.04972 9.35244 3
678.97 215.588 7.50884 9.35244 in
688.81 215.588 50.4733 9.35244 consultation

671.649 227.828 22.9379 9.35244 draft)
696.85 227.828 8.60843 9.35244 to
707.771 227.828 24.5554 9.35244 clarify

671.649 240.069 24.0713 9.35244 which
698.052 240.069 37.7335 9.35244 elements
738.012 240.069 8.3176 9.35244 of

671.649 252.31 27.0045 9.35244 capital
700.934 252.31 55.1356 9.35244 requirements

671.649 264.431 27.1868 9.35244 should
701.167 264.431 10.2389 9.35244 be
713.646 264.431 22.8692 9.35244 taken
738.846 264.431 16.1681 9.35244 into

671.649 276.672 32.3829 9.35244 account

85.08 456.665 50.2273 9.35244 Relationship
137.64 456.665 17.9489 9.35244 with
158.04 456.665 20.0664 9.35244 TLAC

203.873 392.583 23.1102 9.35244 Many
233.029 392.583 33.3082 9.35244 industry
272.383 392.583 50.808 9.35244 respondents
329.133 392.583 33.5483 9.35244 stressed
368.727 392.583 16.7756 9.35244 that
391.522 392.583 13.5994 9.35244 the
411.111 392.583 23.0235 9.35244 MREL

203.873 404.824 30.5493 9.35244 needed
240.708 404.824 8.60843 9.35244 to
255.582 404.824 10.3604 9.35244 be
272.138 404.824 45.7572 9.35244 compatible
324.216 404.824 17.9509 9.35244 with
348.452 404.824 20.1879 9.35244 TLAC
374.847 404.824 7.50984 9.35244 in
388.762 404.824 23.6799 9.35244 scope
418.637 404.824 15.3095 9.35244 and

203.873 417.064 41.7404 9.35244 consistent
248.873 417.064 7.50984 9.35244 in
259.671 417.064 25.9319 9.35244 timing
288.83 417.064 27.1928 9.35244 (which
319.31 417.064 22.1202 9.35244 some
344.751 417.064 13.5366 9.35244 felt
361.671 417.064 34.87 9.35244 required
399.829 417.064 4.77084 9.35244 a
407.989 417.064 25.9179 9.35244 longer

203.873 429.186 39.1876 9.35244 transition
245.391 429.186 32.0274 9.35244 period).

203.88 447.425 22.7198 9.35244 Some
229.438 447.425 50.9295 9.35244 respondents
283.191 447.425 32.4935 9.35244 thought
318.586 447.425 16.7756 9.35244 that
338.264 447.425 13.5994 9.35244 the
354.702 447.425 14.7717 9.35244 RTS
372.34 447.425 25.147 9.35244 would
400.416 447.425 23.1351 9.35244 result
426.452 447.425 7.50884 9.35244 in

203.88 459.665 23.0235 9.35244 MREL
232.318 459.665 55.2501 9.35244 requirements
292.911 459.665 22.4488 9.35244 being
320.748 459.665 26.0344 9.35244 higher
352.184 459.665 18.668 9.35244 than
376.301 459.665 13.5984 9.35244 the
395.257 459.665 38.7056 9.35244 proposed

203.88 471.905 20.0684 9.35244 TLAC
226.559 471.905 55.2561 9.35244 requirements
284.4 471.905 39.1926 9.35244 (although
326.281 471.905 22.3592 9.35244 these
351.24 471.905 12.7876 9.35244 did
366.717 471.905 13.8952 9.35244 not
383.275 471.905 34.5532 9.35244 consider
420.471 471.905 13.5984 9.35244 the

203.89 484.027 20.3961 9.35244 pillar
226.571 484.027 5.04972 9.35244 2
233.891 484.027 33.6967 9.35244 element
269.893 484.027 8.31859 9.35244 of
280.574 484.027 23.1699 9.35244 TLAC)

203.88 502.265 16.8384 9.35244 One
227.042 502.265 46.8917 9.35244 respondent
280.317 502.265 32.4935 9.35244 thought
319.198 502.265 16.7756 9.35244 that
342.361 502.265 21.9996 9.35244 some
370.684 502.265 30.4139 9.35244 aspects
407.522 502.265 4.96008 9.35244 –
418.807 502.265 15.3095 9.35244 and

203.89 514.506 39.4356 9.35244 especially
247.218 514.506 29.7575 9.35244 greater
280.819 514.506 59.3506 9.35244 harmonisation
344.047 514.506 4.96008 9.35244 –
352.812 514.506 27.1868 9.35244 should
383.893 514.506 10.2389 9.35244 be
398.051 514.506 13.6562 9.35244 left
415.571 514.506 18.4778 9.35244 until

203.88 526.625 19.5565 9.35244 after
225.841 526.625 44.828 9.35244 finalisation
273.12 526.625 8.3166 9.35244 of
283.799 526.625 13.6004 9.35244 the
299.878 526.625 20.1889 9.35244 TLAC
322.558 526.625 38.0074 9.35244 proposal,
362.996 526.625 15.3095 9.35244 and
380.758 526.625 9.0895 9.35244 so
392.277 526.625 41.7085 9.35244 addressed

444.84 392.585 15.0386 9.35244 The
462.12 392.585 16.0874 9.35244 EBA
480.481 392.585 26.9338 9.35244 agrees
509.641 392.585 16.7756 9.35244 that
528.721 392.585 13.5984 9.35244 the
544.56 392.585 36.599 9.35244 technical
583.438 392.585 40.0103 9.35244 standards
625.675 392.585 27.1858 9.35244 should

444.84 404.826 15.0386 9.35244 aim
462.122 404.826 13.8952 9.35244 not
478.322 404.826 8.60843 9.35244 to
489.241 404.826 25.7207 9.35244 create
517.202 404.826 40.9217 9.35244 additional
560.404 404.826 37.9785 9.35244 obstacles
600.608 404.826 8.60942 9.35244 to
611.53 404.826 34.4506 9.35244 applying

444.84 417.067 13.6004 9.35244 the
460.68 417.067 38.586 9.35244 proposed
501.598 417.067 20.1889 9.35244 TLAC
524.039 417.067 44.7304 9.35244 framework
571.08 417.067 8.60942 9.35244 to
582 417.067 39.1886 9.35244 European
623.52 417.067 28.0633 9.35244 G-SIBs.

444.84 429.188 38.9735 9.35244 However,
486.124 429.188 38.2942 9.35244 achieving
526.689 429.188 12.8404 9.35244 full
541.81 429.188 61.8904 9.35244 harmonisation,
606.011 429.188 11.7558 9.35244 for
620.051 429.188 34.4805 9.35244 example

444.84 441.429 10.5088 9.35244 on
457.68 441.429 13.5994 9.35244 the
473.521 441.429 41.3758 9.35244 treatment
517.2 441.429 8.3176 9.35244 of
527.759 441.429 27.0016 9.35244 capital
557.04 441.429 31.4059 9.35244 buffers,
590.757 441.429 25.151 9.35244 would
618.24 441.429 9.92912 9.35244 go

444.84 453.67 30.5483 9.35244 beyond
477.719 453.67 13.5984 9.35244 the
493.558 453.67 23.5584 9.35244 scope
519.357 453.67 8.31859 9.35244 of
529.918 453.67 22.4787 9.35244 these
554.637 453.67 36.7185 9.35244 technical
593.635 453.67 40.0103 9.35244 standards
635.873 453.67 15.3075 9.35244 and

444.84 465.911 25.148 9.35244 would
472.319 465.911 7.50884 9.35244 in
482.158 465.911 14.5914 9.35244 any
499.08 465.911 17.8005 9.35244 case
519.121 465.911 20.3473 9.35244 need
541.799 465.911 8.60942 9.35244 to
552.717 465.911 22.419 9.35244 await
577.439 465.911 44.7094 9.35244 finalisation
624.481 465.911 8.3166 9.35244 of
635.04 465.911 13.6004 9.35244 the

444.84 478.032 20.9329 9.35244 FSB’s
468.119 478.032 20.0694 9.35244 TLAC
490.44 478.032 38.1498 9.35244 proposal.

444.84 496.269 15.0386 9.35244 The
462.12 496.269 29.3491 9.35244 revised
493.799 496.269 15.936 9.35244 text
512.04 496.269 10.5088 9.35244 on
524.88 496.269 13.5984 9.35244 the
540.719 496.269 48.4255 9.35244 relationship
591.475 496.269 17.9489 9.35244 with
611.755 496.269 20.4001 9.35244 pillar
634.44 496.269 5.04972 9.35244 2
641.76 496.269 15.3085 9.35244 and

444.84 508.51 24.9538 9.35244 buffer
472.079 508.51 55.2511 9.35244 requirements
529.556 508.51 27.1868 9.35244 should
559.073 508.51 21.8821 9.35244 allow
583.194 508.51 41.3479 9.35244 resolution

444.84 520.631 44.2144 9.35244 authorities
491.28 520.631 23.6799 9.35244 scope
517.201 520.631 8.60942 9.35244 to
528.123 520.631 33.7574 9.35244 improve
564.121 520.631 13.6004 9.35244 the
579.962 520.631 40.7742 9.35244 alignment
623.04 520.631 18.0684 9.35244 with
643.44 520.631 13.6004 9.35244 the

671.639 392.595 21.9996 9.35244 None
695.88 392.595 16.8971 9.35244 (but
715.081 392.595 13.7209 9.35244 see
731.043 392.595 25.0016 9.35244 below

671.639 404.836 10.5088 9.35244 on
684.479 404.836 48.307 9.35244 relationship
735.116 404.836 17.9489 9.35244 with

671.639 417.077 20.3951 9.35244 pillar
694.319 417.077 5.04972 9.35244 2
701.64 417.077 27.0045 9.35244 capital
730.924 417.077 15.3095 9.35244 and

671.639 429.198 24.9518 9.35244 buffer

671.639 441.439 58.0977 9.35244 requirements)

85.08 37.8788 11.9675 7.54956 RTS
98.8782 37.8788 10.4737 7.54956 ON
111.119 37.8788 18.4944 7.54956 MREL

759.96 549.463 11.2387 10.3666 41

85.08 98.9828 49.3996 10.3555 Comments

203.87 98.9828 43.6323 10.3555 Summary
250.069 98.9828 9.36854 10.3555 of
261.825 98.9828 45.9198 10.3555 responses
310.173 98.9828 39.0485 10.3555 received

444.829 98.9828 18.3297 10.3555 EBA
465.587 98.9828 36.2079 10.3555 analysis

671.624 92.138 61.6584 10.3555 Amendments
735.712 92.138 9.78034 10.3555 to

671.624 105.695 15.2772 10.3555 the
689.385 105.695 44.4934 10.3555 proposals

203.88 126.665 17.3523 9.35244 only
223.561 126.665 7.50984 9.35244 in
233.402 126.665 13.6004 9.35244 the
249.244 126.665 20.169 9.35244 2016
271.684 126.665 27.2814 9.35244 review

444.84 126.665 38.587 9.35244 proposed
485.758 126.665 20.1889 9.35244 TLAC
508.199 126.665 57.5837 9.35244 requirements.

85.08 187.985 50.2273 9.35244 Relationship
140.16 187.985 17.9489 9.35244 with
162.838 187.985 20.3951 9.35244 pillar
187.918 187.985 5.04972 9.35244 2

85.08 200.226 27.0045 9.35244 capital
114.364 200.226 55.1356 9.35244 requirements

203.88 151.505 23.1102 9.35244 Many
230.755 151.505 33.3082 9.35244 industry
267.828 151.505 50.8089 9.35244 respondents
322.423 151.505 33.6688 9.35244 stressed
359.857 151.505 13.5984 9.35244 the
377.25 151.505 45.4116 9.35244 differences
426.442 151.505 7.50884 9.35244 in

203.88 163.625 45.073 9.35244 application
253.326 163.625 8.3176 9.35244 of
265.929 163.625 20.3871 9.35244 pillar
290.643 163.625 5.04972 9.35244 2
300.005 163.625 26.884 9.35244 capital
331.212 163.625 55.1356 9.35244 requirements
390.615 163.625 25.6171 9.35244 across
420.501 163.625 13.6004 9.35244 the

203.88 175.866 13.7697 9.35244 EU,
220.199 175.866 15.3085 9.35244 and
238.078 175.866 16.7756 9.35244 that
257.396 175.866 21.3702 9.35244 using
281.279 175.866 20.3951 9.35244 pillar
304.198 175.866 5.04972 9.35244 2
311.758 175.866 8.69408 9.35244 as
323.037 175.866 4.77084 9.35244 a
330.358 175.866 39.2832 9.35244 reference
372.121 175.866 21.4568 9.35244 point
396.122 175.866 7.50884 9.35244 in
406.322 175.866 27.7316 9.35244 setting

203.88 188.107 13.6004 9.35244 the
219.716 188.107 23.0235 9.35244 MREL
245.037 188.107 25.148 9.35244 would
272.515 188.107 30.0692 9.35244 amplify
304.915 188.107 22.4787 9.35244 these

203.88 206.225 22.7198 9.35244 Some
230.524 206.225 50.9285 9.35244 respondents
285.242 206.225 28.388 9.35244 argued
317.52 206.225 16.8961 9.35244 that
338.28 206.225 20.3951 9.35244 pillar
362.524 206.225 5.04972 9.35244 2
371.524 206.225 27.1898 9.35244 should
402.604 206.225 17.3523 9.35244 only
423.849 206.225 10.2399 9.35244 be

203.88 218.466 44.7094 9.35244 considered
250.922 218.466 8.60843 9.35244 to
261.842 218.466 13.6004 9.35244 the
277.684 218.466 26.2566 9.35244 extent
306.244 218.466 16.7726 9.35244 that
325.322 218.466 5.61644 9.35244 it
333.243 218.466 30.1778 9.35244 reflects
365.648 218.466 37.2723 9.35244 expected
405.252 218.466 15.4141 9.35244 loss

444.842 151.386 15.0386 9.35244 The
462.122 151.386 16.0874 9.35244 EBA
480.483 151.386 26.9338 9.35244 agrees
509.643 151.386 16.7756 9.35244 that
528.723 151.386 22.3582 9.35244 these
553.322 151.386 36.7185 9.35244 technical
592.32 151.386 40.0093 9.35244 standards

444.842 163.507 27.1868 9.35244 should
474.361 163.507 15.0396 9.35244 aim
491.642 163.507 13.8952 9.35244 not
507.841 163.507 8.60942 9.35244 to
518.761 163.507 30.0722 9.35244 amplify
551.165 163.507 13.6004 9.35244 the
567.007 163.507 27.5334 9.35244 effects
596.767 163.507 8.3176 9.35244 of
607.326 163.507 45.4136 9.35244 differences

444.842 175.748 7.50884 9.35244 in
454.684 175.748 45.072 9.35244 application
502.088 175.748 8.3176 9.35244 of
512.649 175.748 20.3861 9.35244 pillar
535.32 175.748 5.04972 9.35244 2
542.641 175.748 26.884 9.35244 capital
571.804 175.748 57.5907 9.35244 requirements.
631.805 175.748 15.0396 9.35244 The

444.842 187.989 19.8971 9.35244 draft
467.044 187.989 15.936 9.35244 text
485.285 187.989 10.5078 9.35244 on
498.124 187.989 13.6004 9.35244 the
513.965 187.989 15.2926 9.35244 loss
531.484 187.989 44.2264 9.35244 absorption
578.042 187.989 15.3095 9.35244 and
595.683 187.989 62.4691 9.35244 recapitalisation

444.842 200.229 35.8112 9.35244 amounts
482.88 200.229 13.9729 9.35244 has
499.078 200.229 38.7992 9.35244 therefore
540.119 200.229 20.4678 9.35244 been
562.917 200.229 38.347 9.35244 amended
603.595 200.229 8.60843 9.35244 to
614.515 200.229 24.5514 9.35244 clarify
641.397 200.229 16.7746 9.35244 that

444.842 212.351 41.2264 9.35244 resolution
488.4 212.351 44.2144 9.35244 authorities
534.841 212.351 10.5287 9.35244 do
547.68 212.351 13.8962 9.35244 not
563.88 212.351 20.3493 9.35244 need
586.561 212.351 8.60843 9.35244 to
597.48 212.351 17.682 9.35244 take
617.402 212.351 16.1691 9.35244 into

444.842 224.592 32.377 9.35244 account
479.523 224.592 37.6139 9.35244 elements
519.364 224.592 8.3176 9.35244 of
529.923 224.592 13.6044 9.35244 the
545.767 224.592 20.3951 9.35244 pillar
568.567 224.592 5.04972 9.35244 2
575.888 224.592 55.1356 9.35244 requirements
633.251 224.592 24.1918 9.35244 which

444.842 236.832 13.2398 9.35244 are
460.323 236.832 13.8962 9.35244 not
476.524 236.832 27.3123 9.35244 closely
506.166 236.832 29.1091 9.35244 related
537.607 236.832 8.60843 9.35244 to
548.528 236.832 13.5994 9.35244 the
564.368 236.832 37.2544 9.35244 purposes
603.849 236.832 8.3176 9.35244 of
614.407 236.832 13.5994 9.35244 the
630.248 236.832 23.1431 9.35244 MREL

671.641 151.396 14.44 9.35244 See
688.322 151.396 26.4398 9.35244 Article
717.003 151.396 7.52976 9.35244 1,

671.641 163.517 41.831 9.35244 paragraph
715.805 163.517 7.52876 9.35244 5,
725.645 163.517 15.3075 9.35244 and

671.641 175.758 26.3203 9.35244 Article
700.203 175.758 7.52976 9.35244 2,
710.043 175.758 45.7702 9.35244 paragraphs

671.641 187.999 5.04972 9.35244 8
678.962 187.999 15.3085 9.35244 and
696.601 187.999 10.0895 9.35244 10

85.08 332.345 50.2273 9.35244 Relationship
141.719 332.345 17.9499 9.35244 with
166.079 332.345 27.0036 9.35244 capital

85.08 344.585 24.9518 9.35244 buffer
112.317 344.585 55.2541 9.35244 requirements

203.88 261.545 23.4399 9.35244 There
229.8 261.545 20.5624 9.35244 were
252.723 261.545 4.77084 9.35244 a
259.923 261.545 23.1998 9.35244 range
285.483 261.545 8.31859 9.35244 of
296.162 261.545 30.13 9.35244 specific
328.8 261.545 47.4544 9.35244 suggestions
378.6 261.545 19.7158 9.35244 from
400.677 261.545 33.3112 9.35244 industry

203.88 273.667 8.60544 9.35244 to
215.882 273.667 31.2395 9.35244 exclude
250.438 273.667 37.7335 9.35244 elements
291.474 273.667 8.3176 9.35244 of
303.108 273.667 13.5994 9.35244 the
320.025 273.667 27.0006 9.35244 capital
350.381 273.667 28.8511 9.35244 buffers
382.535 273.667 8.69408 9.35244 as
394.531 273.667 39.3988 9.35244 reference

203.88 285.908 27.9866 9.35244 points:

221.88 304.068 4.5816 9.1632 •
239.878 304.745 22.7178 9.35244 Some
267.954 304.745 28.389 9.35244 argued
301.673 304.745 16.7766 9.35244 that
323.751 304.745 33.4925 9.35244 meeting
362.631 304.745 39.0352 9.35244 minimum
406.905 304.745 27.0006 9.35244 capital

239.88 316.865 55.1346 9.35244 requirements
304.083 316.865 50.7113 9.35244 immediately
364.086 316.865 19.5545 9.35244 after
392.768 316.865 41.2294 9.35244 resolution

239.88 329.105 25.148 9.35244 would
267.359 329.105 10.2389 9.35244 be
279.839 329.105 37.5333 9.35244 sufficient

221.88 347.148 4.5816 9.1632 •
239.878 347.825 22.7178 9.35244 Some
266.878 347.825 28.389 9.35244 argued
299.641 347.825 16.7766 9.35244 that
320.763 347.825 27.0006 9.35244 capital
352.085 347.825 28.8501 9.35244 buffers
385.203 347.825 25.9169 9.35244 higher
415.443 347.825 18.669 9.35244 than

239.878 360.066 36.8869 9.35244 pre-crisis
279.47 360.066 25.147 9.35244 would
307.425 360.066 27.877 9.35244 ensure
338.022 360.066 16.7746 9.35244 that
357.578 360.066 23.8124 9.35244 banks
384.095 360.066 15.3075 9.35244 had
402.211 360.066 31.7186 9.35244 positive

239.868 372.188 27.0045 9.35244 capital
269.152 372.188 40.9316 9.35244 remaining
312.355 372.188 8.13732 9.35244 at
322.796 372.188 13.5994 9.35244 the
338.636 372.188 21.4558 9.35244 point
362.397 372.188 8.31859 9.35244 of
372.958 372.188 41.2294 9.35244 resolution

221.87 390.355 4.5816 9.1632 •
239.868 391.032 22.7198 9.35244 Some
270.944 391.032 28.5075 9.35244 argued
307.898 391.032 16.7756 9.35244 that
333.092 391.032 17.3503 9.35244 only
358.889 391.032 75.0376 9.35244 institution-specific

239.868 403.153 28.9716 9.35244 buffers
276.823 403.153 27.1858 9.35244 should
312.097 403.153 10.2389 9.35244 be
330.333 403.153 36.2096 9.35244 relevant,
374.611 403.153 15.3075 9.35244 and
398.006 403.153 16.3115 9.35244 not,
422.385 403.153 11.7558 9.35244 for

239.868 415.394 36.9287 9.35244 example,
279.23 415.394 35.0433 9.35244 systemic
316.54 415.394 14.2458 9.35244 risk
333.095 415.394 28.9736 9.35244 buffers

444.825 261.552 15.0386 9.35244 The
462.104 261.552 19.8951 9.35244 draft
484.304 261.552 15.936 9.35244 text
502.545 261.552 10.5088 9.35244 on
515.384 261.552 13.5984 9.35244 the
531.224 261.552 15.4141 9.35244 loss
548.864 261.552 44.2264 9.35244 absorption
595.421 261.552 15.3075 9.35244 and

444.825 273.673 62.4671 9.35244 recapitalisation
509.622 273.673 35.8112 9.35244 amounts
547.661 273.673 13.9729 9.35244 has
563.979 273.673 20.3483 9.35244 been
586.658 273.673 38.347 9.35244 amended
627.336 273.673 8.60843 9.35244 to

444.825 285.914 24.5554 9.35244 clarify
471.707 285.914 16.7746 9.35244 that
490.785 285.914 41.2274 9.35244 resolution
534.343 285.914 44.2114 9.35244 authorities
580.782 285.914 10.5277 9.35244 do
593.621 285.914 13.8952 9.35244 not
609.821 285.914 20.3473 9.35244 need
632.499 285.914 8.60843 9.35244 to

444.825 298.155 17.68 9.35244 take
464.746 298.155 16.1691 9.35244 into
483.226 298.155 32.376 9.35244 account
517.907 298.155 37.6129 9.35244 elements
557.747 298.155 8.3176 9.35244 of
568.427 298.155 13.5994 9.35244 the
584.268 298.155 27.0006 9.35244 capital
613.548 298.155 24.9528 9.35244 buffer

444.825 310.396 55.1346 9.35244 requirements
502.185 310.396 24.1908 9.35244 which
528.708 310.396 13.2408 9.35244 are
544.19 310.396 13.8962 9.35244 not
560.39 310.396 27.3123 9.35244 closely
590.03 310.396 29.1091 9.35244 related
621.471 310.396 8.60942 9.35244 to
632.392 310.396 13.6004 9.35244 the

444.825 322.517 37.2514 9.35244 purposes
484.302 322.517 8.3176 9.35244 of
494.863 322.517 13.5994 9.35244 the
510.703 322.517 23.1431 9.35244 MREL

671.624 261.562 14.44 9.35244 See
688.305 261.562 26.4398 9.35244 Article
716.986 261.562 7.52976 9.35244 1,

671.624 273.683 41.831 9.35244 paragraph
715.787 273.683 7.52876 9.35244 5,
725.627 273.683 15.3075 9.35244 and

671.624 285.924 26.3203 9.35244 Article
700.185 285.924 7.52976 9.35244 2,
710.026 285.924 41.831 9.35244 paragraph

671.624 298.165 10.0895 9.35244 10

85.08 471.065 50.2273 9.35244 Relationship
137.879 471.065 17.9489 9.35244 with
158.279 471.065 34.7216 9.35244 leverage

85.08 483.187 19.169 9.35244 ratio

203.883 440.11 23.1102 9.35244 Many
229.443 440.11 33.3092 9.35244 industry
265.08 440.11 50.8089 9.35244 respondents
318.235 440.11 12.7876 9.35244 did
333.472 440.11 13.8962 9.35244 not
349.671 440.11 31.7734 9.35244 support
383.869 440.11 39.1587 9.35244 reference
425.388 440.11 8.60942 9.35244 to

203.883 452.351 13.6004 9.35244 the
219.724 452.351 34.602 9.35244 leverage
256.567 452.351 21.6899 9.35244 ratio,
280.568 452.351 22.0953 9.35244 citing
304.934 452.351 15.8105 9.35244 two
323.044 452.351 46.3469 9.35244 arguments:

257.88 470.388 4.5816 9.1632 •
275.88 471.065 5.85648 9.35244 It
287.277 471.065 25.147 9.35244 would
317.992 471.065 17.2308 9.35244 only
340.79 471.065 10.2389 9.35244 be
356.388 471.065 33.4546 9.35244 relevant
395.384 471.065 19.5555 9.35244 after
420.461 471.065 13.5994 9.35244 the

275.88 483.185 34.6 9.35244 leverage
316.436 483.185 19.168 9.35244 ratio
341.632 483.185 6.29372 9.35244 is
353.868 483.185 54.6655 9.35244 implemented
414.58 483.185 8.69408 9.35244 as
429.216 483.185 4.77084 9.35244 a

275.88 495.426 30.366 9.35244 binding
308.516 495.426 51.0918 9.35244 requirement

257.88 513.588 4.5816 9.1632 •
275.878 514.265 5.85648 9.35244 It
284.038 514.265 25.147 9.35244 would
311.516 514.265 10.2389 9.35244 be
323.994 514.265 24.1132 9.35244 unfair
350.392 514.265 8.60942 9.35244 to
361.314 514.265 36.8112 9.35244 ‘low-risk’
400.555 514.265 23.8164 9.35244 banks

444.829 440.103 15.0386 9.35244 The
462.109 440.103 16.0874 9.35244 EBA
480.47 440.103 26.9338 9.35244 agrees
509.63 440.103 16.7746 9.35244 that
528.709 440.103 13.5984 9.35244 the
544.548 440.103 19.8961 9.35244 draft
566.748 440.103 15.937 9.35244 text
584.988 440.103 27.1858 9.35244 should
614.505 440.103 24.5524 9.35244 clarify
641.388 440.103 16.7756 9.35244 that

444.829 452.344 13.6004 9.35244 the
460.671 452.344 34.602 9.35244 leverage
497.514 452.344 19.169 9.35244 ratio
519.114 452.344 27.1888 9.35244 should
548.634 452.344 17.3523 9.35244 only
568.196 452.344 10.2399 9.35244 be
580.677 452.344 4.77084 9.35244 a
587.757 452.344 39.2783 9.35244 reference
629.276 452.344 21.4568 9.35244 point

444.829 464.465 11.7538 9.35244 for
458.868 464.465 27.7326 9.35244 setting
488.869 464.465 13.5994 9.35244 the
504.709 464.465 23.1431 9.35244 MREL
530.15 464.465 19.7198 9.35244 once
552.11 464.465 5.61644 9.35244 it
560.032 464.465 36.5343 9.35244 becomes
598.792 464.465 16.8971 9.35244 part
617.993 464.465 8.3176 9.35244 of
628.551 464.465 13.5994 9.35244 the

444.829 476.706 41.4436 9.35244 applicable
488.514 476.706 42.074 9.35244 regulatory
532.916 476.706 27.0045 9.35244 capital
562.201 476.706 47.1496 9.35244 framework.

671.628 440.103 14.44 9.35244 See
688.309 440.103 26.4398 9.35244 Article
716.99 440.103 7.52976 9.35244 1,

671.628 452.344 41.831 9.35244 paragraph
715.791 452.344 7.52976 9.35244 2,
725.632 452.344 22.3164 9.35244 letter

671.628 464.465 10.4082 9.35244 e),
684.347 464.465 15.3095 9.35244 and
701.988 464.465 26.3203 9.35244 Article
730.55 464.465 7.52976 9.35244 2,

671.628 476.706 41.831 9.35244 paragraph
715.791 476.706 7.52976 9.35244 6,
725.632 476.706 22.3164 9.35244 letter

671.628 488.947 10.7877 9.35244 d).

85.08 37.8788 11.9675 7.54956 RTS
98.8782 37.8788 10.4737 7.54956 ON
111.119 37.8788 18.4944 7.54956 MREL

759.96 549.463 11.2387 10.3666 42

85.08 98.9828 49.3996 10.3555 Comments

203.87 98.9828 43.6323 10.3555 Summary
250.069 98.9828 9.36854 10.3555 of
261.825 98.9828 45.9198 10.3555 responses
310.173 98.9828 39.0485 10.3555 received

444.829 98.9828 18.3297 10.3555 EBA
465.587 98.9828 36.2079 10.3555 analysis

671.624 92.138 61.6584 10.3555 Amendments
735.712 92.138 9.78034 10.3555 to

671.624 105.695 15.2772 10.3555 the
689.385 105.695 44.4934 10.3555 proposals

203.88 126.665 19.3174 9.35244 NGO
226.321 126.665 53.2491 9.35244 respondents,
282.72 126.665 38.01 9.35244 however,
324 126.665 13.5366 9.35244 felt
340.674 126.665 16.7736 9.35244 that
360.585 126.665 13.5964 9.35244 the
377.259 126.665 34.4805 9.35244 leverage
414.816 126.665 19.165 9.35244 ratio

203.88 138.785 15.7746 9.35244 was
222.12 138.785 13.5984 9.35244 the
238.197 138.785 20.4967 9.35244 most
261.238 138.785 41.0133 9.35244 important
304.794 138.785 39.3988 9.35244 reference
346.673 138.785 23.9677 9.35244 point,
373.19 138.785 8.69408 9.35244 as
384.35 138.785 18.0704 9.35244 they
404.99 138.785 12.7876 9.35244 did
420.348 138.785 13.7747 9.35244 not

203.88 151.026 19.4788 9.35244 have
225.6 151.026 44.7961 9.35244 confidence
272.637 151.026 7.50884 9.35244 in
282.476 151.026 55.269 9.35244 risk-weighted
340.077 151.026 27.0045 9.35244 capital
369.362 151.026 55.1346 9.35244 requirements

85.08 252.425 46.0152 9.35244 Institutions
137.883 252.425 17.9489 9.35244 with
162.843 252.425 30.137 9.35244 specific

85.08 264.665 34.7315 9.35244 business
122.038 264.665 32.3082 9.35244 models:
156.716 264.665 15.5894 9.35244 FMI

203.88 175.745 5.76684 9.35244 A
215.158 175.745 32.1519 9.35244 number
252.831 175.745 8.3176 9.35244 of
266.629 175.745 40.8529 9.35244 responses
312.945 175.745 19.8383 9.35244 from
338.262 175.745 22.169 9.35244 CCPs,
365.979 175.745 19.9738 9.35244 CSDs
391.416 175.745 15.3075 9.35244 and
412.291 175.745 21.8791 9.35244 trade

203.88 187.985 49.2539 9.35244 associations
258.119 187.985 48.546 9.35244 emphasised
311.754 187.985 4.77084 9.35244 a
321.835 187.985 32.1529 9.35244 number
359.032 187.985 8.3176 9.35244 of
372.351 187.985 38.5721 9.35244 problems
415.908 187.985 18.0704 9.35244 they

203.88 200.225 25.151 9.35244 would
235.197 200.225 19.4798 9.35244 have
260.753 200.225 7.50884 9.35244 in
274.428 200.225 33.37 9.35244 meeting
313.902 200.225 13.5994 9.35244 the
333.6 200.225 23.0235 9.35244 MREL
362.755 200.225 57.5648 9.35244 requirements,
426.466 200.225 7.50884 9.35244 in

203.88 212.345 41.9137 9.35244 particular:

221.88 230.508 4.5816 9.1632 •
239.878 231.185 15.0406 9.35244 The
257.756 231.185 15.8155 9.35244 lack
276.478 231.185 8.3176 9.35244 of
287.636 231.185 29.0812 9.35244 eligible
319.556 231.185 49.0152 9.35244 instruments
371.395 231.185 7.50884 9.35244 in
381.833 231.185 19.3164 9.35244 their
404.031 231.185 29.9806 9.35244 current

239.878 243.307 31.5981 9.35244 balance
273.717 243.307 22.2955 9.35244 sheet
298.437 243.307 41.2115 9.35244 structures

221.88 261.474 4.5816 9.1632 •
239.878 262.151 15.0406 9.35244 The
260.276 262.151 34.8729 9.35244 volatility
300.595 262.151 8.3176 9.35244 of
314.273 262.151 19.3164 9.35244 their
338.992 262.151 31.6031 9.35244 balance
375.953 262.151 26.3342 9.35244 sheets
407.632 262.151 26.3771 9.35244 meant

239.878 274.272 16.7736 9.35244 that
259.917 274.272 4.77084 9.35244 a
267.954 274.272 51.0948 9.35244 requirement
322.309 274.272 12.0974 9.35244 set
337.666 274.272 7.50884 9.35244 in
348.463 274.272 23.6948 9.35244 terms
375.34 274.272 8.3166 9.35244 of
386.855 274.272 19.0804 9.35244 total
409.173 274.272 24.895 9.35244 assets

239.878 286.513 25.149 9.35244 would
267.359 286.513 16.1691 9.35244 also
285.84 286.513 10.2409 9.35244 be
298.322 286.513 24.3134 9.35244 highly
324.964 286.513 29.6808 9.35244 volatile

203.88 304.625 23.9189 9.35244 These
231.116 304.625 40.9725 9.35244 responses
275.39 304.625 16.2896 9.35244 also
295.067 304.625 48.547 9.35244 emphasised
347.02 304.625 16.7756 9.35244 that
367.176 304.625 13.5984 9.35244 the
384.09 304.625 31.0891 9.35244 existing
418.525 304.625 15.4141 9.35244 loss

203.88 316.865 39.7922 9.35244 allocation
253.325 316.865 38.4904 9.35244 waterfall,
301.448 316.865 36.9755 9.35244 including
348.015 316.865 28.8969 9.35244 default
386.537 316.865 22.7347 9.35244 funds
418.82 316.865 15.3095 9.35244 and

203.88 329.105 41.0053 9.35244 members’
247.435 329.105 56.9652 9.35244 contributions,
306.95 329.105 27.3073 9.35244 should
336.827 329.105 31.4915 9.35244 address
370.904 329.105 36.6538 9.35244 concerns
410.023 329.105 23.9747 9.35244 about

203.88 341.346 13.6004 9.35244 the
219.72 341.346 30.9646 9.35244 survival
252.966 341.346 8.3176 9.35244 of
263.526 341.346 19.6053 9.35244 FMIs

444.84 175.745 15.0386 9.35244 The
462.12 175.745 16.0874 9.35244 EBA
480.481 175.745 26.9338 9.35244 agrees
509.641 175.745 16.7756 9.35244 that
528.721 175.745 41.3469 9.35244 resolution
572.399 175.745 44.2114 9.35244 authorities
618.837 175.745 27.1868 9.35244 should

444.84 187.986 17.68 9.35244 take
464.761 187.986 16.1701 9.35244 into
483.243 187.986 32.3829 9.35244 account
517.93 187.986 13.6004 9.35244 the
533.772 187.986 30.0165 9.35244 specific
566.179 187.986 34.7345 9.35244 business
603.139 187.986 25.6809 9.35244 model

444.84 200.227 33.7724 9.35244 features
480.838 200.227 15.3075 9.35244 and
498.477 200.227 40.9167 9.35244 additional
541.674 200.227 42.07 9.35244 regulatory
586.075 200.227 55.1296 9.35244 requirements

444.84 212.348 33.5772 9.35244 relevant
480.722 212.348 11.7558 9.35244 for
494.763 212.348 22.0714 9.35244 FMIs.
519.125 212.348 9.65124 9.35244 As
531.002 212.348 13.5994 9.35244 the
546.962 212.348 49.3896 9.35244 Commission
598.683 212.348 6.1742 9.35244 is
607.083 212.348 36.9147 9.35244 currently

444.84 224.589 39.4914 9.35244 preparing
486.602 224.589 4.77084 9.35244 a
493.684 224.589 40.3619 9.35244 legislative
536.287 224.589 35.6409 9.35244 proposal
574.208 224.589 10.5088 9.35244 on
587.05 224.589 13.5994 9.35244 the
602.89 224.589 41.2294 9.35244 resolution
646.451 224.589 8.3176 9.35244 of

444.84 236.83 21.9319 9.35244 FMIs,
469.083 236.83 13.5954 9.35244 the
484.919 236.83 16.0864 9.35244 EBA
503.279 236.83 19.4927 9.35244 does
524.998 236.83 13.8952 9.35244 not
541.198 236.83 33.3979 9.35244 propose
576.837 236.83 8.60843 9.35244 to
587.756 236.83 30.9985 9.35244 provide
620.995 236.83 33.1897 9.35244 detailed

444.84 248.951 40.0113 9.35244 standards
487.077 248.951 10.5088 9.35244 on
499.917 248.951 17.68 9.35244 how
519.836 248.951 14.8135 9.35244 this
536.875 248.951 27.1858 9.35244 should
566.392 248.951 10.2389 9.35244 be
578.872 248.951 22.8682 9.35244 taken
604.071 248.951 16.1671 9.35244 into
622.55 248.951 34.8869 9.35244 account,

444.84 261.192 13.8962 9.35244 but
461.041 261.192 13.9739 9.35244 has
477.242 261.192 29.2286 9.35244 revised
508.802 261.192 13.6004 9.35244 the
524.644 261.192 19.8941 9.35244 draft
546.842 261.192 15.937 9.35244 text
565.202 261.192 8.60942 9.35244 to
576.123 261.192 22.2387 9.35244 make
600.602 261.192 19.676 9.35244 clear
622.563 261.192 16.7766 9.35244 that
641.645 261.192 13.6004 9.35244 the

444.84 273.433 43.2732 9.35244 calibration
490.445 273.433 15.3095 9.35244 and
508.086 273.433 25.8113 9.35244 timing
536.168 273.433 8.31859 9.35244 of
546.73 273.433 27.8521 9.35244 setting
576.853 273.433 13.5994 9.35244 the
592.676 273.433 23.0225 9.35244 MREL
617.997 273.433 11.7558 9.35244 for
632.037 273.433 19.4947 9.35244 FMIs

444.84 285.674 17.2328 9.35244 may
464.401 285.674 17.683 9.35244 take
484.325 285.674 22.3602 9.35244 these
509.045 285.674 33.7744 9.35244 features
545.047 285.674 16.1691 9.35244 into
563.526 285.674 34.9098 9.35244 account.

671.639 175.755 14.44 9.35244 See
688.32 175.755 26.4398 9.35244 Article
717.001 175.755 7.52976 9.35244 5,

671.639 187.996 41.83 9.35244 paragraph
715.801 187.996 7.53076 9.35244 3,
725.642 187.996 15.3075 9.35244 and

671.639 200.237 26.3203 9.35244 Article
700.2 200.237 7.52976 9.35244 7,
710.041 200.237 41.831 9.35244 paragraph

671.639 212.358 5.04972 9.35244 3

85.08 427.025 46.0152 9.35244 Institutions
137.883 427.025 17.9489 9.35244 with
162.843 427.025 30.137 9.35244 specific

85.08 439.265 34.7315 9.35244 business
126.838 439.265 32.3082 9.35244 models:
166.199 439.265 26.7097 9.35244 wholly

85.08 451.505 62.3416 9.35244 deposit-funded
149.752 451.505 23.8114 9.35244 banks

203.88 420.905 5.76684 9.35244 A
212.757 420.905 32.1539 9.35244 number
248.033 420.905 8.3176 9.35244 of
259.428 420.905 42.8907 9.35244 comments
305.382 420.905 42.7892 9.35244 concerned
351.34 420.905 13.6004 9.35244 the
368.018 420.905 24.7924 9.35244 ability
395.976 420.905 8.31859 9.35244 of
407.372 420.905 26.7127 9.35244 wholly

203.88 433.146 62.3456 9.35244 deposit-funded
270.837 433.145 23.8114 9.35244 banks
299.156 433.145 8.60843 9.35244 to
312.238 433.145 20.1989 9.35244 issue
336.959 433.145 28.9587 9.35244 eligible
370.439 433.145 51.4464 9.35244 instruments,
426.477 433.145 7.50884 9.35244 in

203.88 445.385 39.2404 9.35244 particular
245.525 445.385 7.50884 9.35244 in
255.485 445.385 33.361 9.35244 national
291.246 445.385 32.1718 9.35244 banking
325.808 445.385 29.0902 9.35244 sectors
357.364 445.385 24.0723 9.35244 which
383.887 445.385 20.5604 9.35244 were
406.928 445.385 27.0723 9.35244 mainly

203.88 457.507 30.2147 9.35244 deposit
236.399 457.507 28.9856 9.35244 funded

444.84 366.065 15.0386 9.35244 The
462.12 366.065 16.0874 9.35244 EBA
480.481 366.065 22.8532 9.35244 notes
505.56 366.065 16.7746 9.35244 that
524.639 366.065 9.36041 9.35244 all
536.279 366.065 45.7712 9.35244 institutions
584.276 366.065 25.5076 9.35244 within
612.114 366.065 13.5984 9.35244 the
627.954 366.065 23.5584 9.35244 scope

444.84 378.187 8.3176 9.35244 of
455.399 378.187 13.6004 9.35244 the
471.24 378.187 22.3253 9.35244 BRRD
495.84 378.187 20.4698 9.35244 need
518.642 378.187 8.60843 9.35244 to
529.563 378.187 21.2158 9.35244 meet
553.083 378.187 13.6004 9.35244 the
569.044 378.187 51.2163 9.35244 requirement
622.565 378.187 8.60942 9.35244 to
633.486 378.187 10.2399 9.35244 be

444.84 390.428 44.1298 9.35244 resolvable,
491.28 390.428 41.8151 9.35244 regardless
535.323 390.428 8.3176 9.35244 of
545.881 390.428 19.3164 9.35244 their
567.601 390.428 31.0891 9.35244 funding
600.96 390.428 28.1878 9.35244 model.
631.439 390.428 15.0406 9.35244 The

444.84 402.668 19.8951 9.35244 draft
467.04 402.668 36.598 9.35244 technical
505.918 402.668 40.0103 9.35244 standards
548.155 402.668 27.638 9.35244 enable
578.033 402.668 41.2264 9.35244 resolution

444.84 414.79 44.2144 9.35244 authorities
491.28 414.79 8.60942 9.35244 to
502.202 414.79 12.0964 9.35244 set
516.603 414.79 23.157 9.35244 lower
542.045 414.79 22.9737 9.35244 levels
567.365 414.79 8.3176 9.35244 of
577.916 414.79 13.6004 9.35244 the
593.752 414.79 23.0235 9.35244 MREL
619.072 414.79 11.7538 9.35244 for
633.111 414.79 21.7576 9.35244 more

444.83 427.031 41.6786 9.35244 resolvable
488.75 427.031 26.2476 9.35244 banks,
517.308 427.031 15.3075 9.35244 and
534.946 427.031 7.50884 9.35244 in
544.786 427.031 39.1139 9.35244 particular
586.184 427.031 11.7558 9.35244 for
600.225 427.031 22.7178 9.35244 those
625.184 427.031 24.1869 9.35244 which

444.83 439.271 14.2289 9.35244 can
461.39 439.271 10.2389 9.35244 be
473.869 439.271 40.9844 9.35244 liquidated
517.184 439.271 24.2327 9.35244 under
543.702 439.271 29.0394 9.35244 normal
575.021 439.271 42.4296 9.35244 insolvency

444.83 451.512 48.4494 9.35244 procedures,
495.59 451.512 24.1908 9.35244 which
522.113 451.512 6.1742 9.35244 is
530.513 451.512 37.3898 9.35244 expected
570.234 451.512 8.60843 9.35244 to
581.155 451.512 10.2399 9.35244 be
593.635 451.512 13.5994 9.35244 the
609.476 451.512 17.8005 9.35244 case
629.517 451.512 11.7538 9.35244 for

444.83 463.634 22.5096 9.35244 many
469.669 463.634 29.634 9.35244 smaller
501.587 463.634 62.3466 9.35244 deposit-funded
566.384 463.634 26.2665 9.35244 banks.

444.84 481.865 7.74888 9.35244 In
454.92 481.865 13.5994 9.35244 the
470.76 481.865 50.4663 9.35244 consultation
523.557 481.865 26.2476 9.35244 paper,
552.115 481.865 13.5994 9.35244 the
567.835 481.865 19.8951 9.35244 draft
590.034 481.865 36.598 9.35244 technical

444.84 494.106 40.0163 9.35244 standards
487.082 494.106 39.1886 9.35244 restricted
528.603 494.106 13.6004 9.35244 the
544.443 494.106 23.6779 9.35244 scope
570.362 494.106 11.7548 9.35244 for
584.402 494.106 24.9747 9.35244 taking
611.645 494.106 32.376 9.35244 account
646.325 494.106 8.3166 9.35244 of

444.84 506.347 13.6004 9.35244 the
460.681 506.347 40.5123 9.35244 possibility
503.523 506.347 8.3176 9.35244 of
514.084 506.347 17.0515 9.35244 DGS
533.406 506.347 54.6585 9.35244 contributions
590.292 506.347 8.60843 9.35244 to
601.213 506.347 13.6004 9.35244 the
617.054 506.347 16.6601 9.35244 cost
636.018 506.347 8.31859 9.35244 of

444.84 518.465 41.2284 9.35244 resolution
488.401 518.465 8.60843 9.35244 to
499.321 518.465 21.7746 9.35244 cases
523.441 518.465 25.7227 9.35244 where
551.405 518.465 43.7493 9.35244 liquidation
597.486 518.465 15.7766 9.35244 was
615.489 518.465 39.83 9.35244 expected.

671.64 366.065 14.44 9.35244 See
688.321 366.065 29.3491 9.35244 revised
720.002 366.065 16.0535 9.35244 text
738.356 366.065 8.31859 9.35244 of

671.64 378.187 26.3203 9.35244 Article
700.201 378.187 5.04972 9.35244 3

85.08 37.8788 11.9675 7.54956 RTS
98.8782 37.8788 10.4737 7.54956 ON
111.119 37.8788 18.4944 7.54956 MREL

759.96 549.463 11.2387 10.3666 43

85.08 98.9828 49.3996 10.3555 Comments

203.87 98.9828 43.6323 10.3555 Summary
250.069 98.9828 9.36854 10.3555 of
261.825 98.9828 45.9198 10.3555 responses
310.173 98.9828 39.0485 10.3555 received

444.829 98.9828 18.3297 10.3555 EBA
465.587 98.9828 36.2079 10.3555 analysis

671.624 92.138 61.6584 10.3555 Amendments
735.712 92.138 9.78034 10.3555 to

671.624 105.695 15.2772 10.3555 the
689.385 105.695 44.4934 10.3555 proposals

444.84 126.665 15.0396 9.35244 The
462.121 126.665 16.0874 9.35244 EBA
480.482 126.665 13.9739 9.35244 has
496.683 126.665 37.6289 9.35244 reviewed
536.643 126.665 14.8145 9.35244 this
553.684 126.665 16.0565 9.35244 text
572.045 126.665 8.60843 9.35244 to
582.966 126.665 26.136 9.35244 reflect
611.407 126.665 16.7766 9.35244 that
630.487 126.665 18.5495 9.35244 such

444.84 138.785 54.53 9.35244 contributions
501.596 138.785 14.2289 9.35244 can
518.156 138.785 16.1681 9.35244 also
536.635 138.785 10.2389 9.35244 be
549.114 138.785 22.9578 9.35244 made
574.312 138.785 7.50984 9.35244 in
584.153 138.785 22.3134 9.35244 other
608.751 138.785 41.2264 9.35244 resolution

444.84 151.026 24.2247 9.35244 cases.
471.356 151.026 39.091 9.35244 However,
512.757 151.026 50.4514 9.35244 adjustments
565.555 151.026 8.60544 9.35244 to
576.481 151.026 13.6004 9.35244 the
592.318 151.026 23.0215 9.35244 MREL
617.637 151.026 11.7558 9.35244 for
631.679 151.026 14.8145 9.35244 this

444.84 163.267 27.5484 9.35244 reason
474.719 163.267 27.1858 9.35244 should
504.235 163.267 17.68 9.35244 take
524.155 163.267 16.1671 9.35244 into
542.634 163.267 55.6246 9.35244 consideration
600.59 163.267 19.1471 9.35244 both
622.067 163.267 13.5984 9.35244 the
637.907 163.267 20.4967 9.35244 strict

444.84 175.508 22.0146 9.35244 limits
469.081 175.508 10.5088 9.35244 on
481.92 175.508 17.0515 9.35244 DGS
501.241 175.508 54.528 9.35244 contributions
557.996 175.508 36.3062 9.35244 provided
596.632 175.508 9.79068 9.35244 by
608.754 175.508 13.5994 9.35244 the
624.594 175.508 18.9599 9.35244 level
645.835 175.508 5.04972 9.35244 1

444.84 187.629 15.934 9.35244 text
463.075 187.629 15.3095 9.35244 and
480.716 187.629 13.5964 9.35244 the
496.553 187.629 27.4806 9.35244 overall
526.314 187.629 14.1322 9.35244 risk
542.755 187.629 8.60544 9.35244 to
553.672 187.629 13.5964 9.35244 the
569.629 187.629 19.43 9.35244 DGS.

85.08 212.345 28.0543 9.35244 Impact
115.439 212.345 46.8947 9.35244 assessment

85.08 237.065 43.814 9.34248 Responses
131.161 237.065 8.83751 9.34248 to
142.321 237.065 40.4545 9.34248 questions
185.043 237.065 7.74888 9.34248 in
195.124 237.065 52.7492 9.34248 Consultation
250.206 237.065 24.1759 9.34248 Paper
276.722 237.065 70.3305 9.34248 EBA/CP/2014/25

85.08 261.785 7.54968 9.35244 1.
103.08 261.785 15.0396 9.35244 The

137.641 261.785 19.8941 9.35244 draft

177.121 261.785 15.938 9.35244 text

103.08 274.025 38.2086 9.35244 describes

103.08 286.266 69.0696 9.35244 comprehensively

103.08 298.385 27.0045 9.35244 capital
137.882 298.385 55.1356 9.35244 requirements

103.08 310.625 24.2367 9.35244 under
129.721 310.625 13.6004 9.35244 the
145.682 310.625 36.7205 9.35244 CRR/CRD
184.793 310.625 8.1672 9.35244 IV

103.08 322.865 47.1267 9.35244 framework,

168.832 322.865 24.0703 9.35244 which

103.08 334.985 33.4108 9.35244 includes

153.957 334.985 39.0352 9.35244 minimum

103.08 347.225 22.5295 9.35244 CET1,
131.396 347.225 15.7298 9.35244 AT1
152.873 347.225 15.3085 9.35244 and
173.99 347.225 19.0814 9.35244 total

103.08 359.465 27.0045 9.35244 capital
135.362 359.465 57.5708 9.35244 requirements,

103.08 371.705 27.0006 9.35244 capital

164.163 371.705 28.8501 9.35244 buffers

103.08 383.825 34.867 9.35244 required
143.873 383.825 9.79068 9.35244 by
159.59 383.825 16.8045 9.35244 CRD
182.266 383.825 10.6492 9.35244 IV,

103.08 396.065 20.3963 9.35244 pillar

142.2 396.065 5.04972 9.35244 2

165.96 396.065 27.0045 9.35244 capital

103.08 408.305 55.1346 9.35244 requirements
160.68 408.305 12.0964 9.35244 set
175.2 408.305 10.5098 9.35244 on
188.161 408.305 4.77084 9.35244 a

103.08 420.427 51.6351 9.35244 case-by-case

170.273 420.425 22.6451 9.35244 basis,

103.08 432.665 15.309 9.35244 and

149.037 432.665 43.9605 9.35244 alternative

103.08 444.905 36.5502 9.35244 backstop

166.085 444.905 27.0016 9.35244 capital

103.08 457.145 41.6278 9.35244 measures.
148.438 457.145 15.0396 9.35244 The
167.033 457.145 16.0874 9.35244 EBA
186.709 457.145 6.29472 9.35244 is

103.08 469.267 30.6121 9.35244 seeking
136.56 469.267 43.0133 9.35244 comments
182.397 469.267 10.5088 9.35244 on

103.08 481.508 34.3192 9.35244 whether
141.606 481.508 9.36041 9.35244 all
155.289 481.508 37.7345 9.35244 elements

103.08 493.745 8.3176 9.35244 of

127.433 493.745 22.4797 9.35244 these

165.949 493.745 27.0006 9.35244 capital

103.08 505.985 55.1306 9.35244 requirements
165.836 505.985 27.1868 9.35244 should

103.08 518.105 10.2389 9.35244 be
117.841 518.105 44.827 9.35244 considered
167.28 518.105 7.50884 9.35244 in
179.4 518.105 13.5974 9.35244 the

203.88 359.585 20.9768 9.35244 Most
228.844 359.585 50.8099 9.35244 respondents
283.563 359.585 45.068 9.35244 considered
332.643 359.585 16.7766 9.35244 that
353.28 359.585 13.6004 9.35244 the
370.804 359.585 15.2936 9.35244 loss
390.007 359.585 44.1069 9.35244 absorption

203.88 371.705 31.8939 9.35244 amount
240 371.705 27.1858 9.35244 should
271.439 371.705 10.2389 9.35244 be
285.841 371.705 28.2685 9.35244 limited
318.362 371.705 8.48891 9.35244 to
331.085 371.705 13.5984 9.35244 the
348.847 371.705 38.9157 9.35244 minimum
391.928 371.705 42.07 9.35244 regulatory

203.88 383.945 29.5135 9.35244 capital.

203.88 402.185 22.7198 9.35244 Some
230.524 402.185 50.9297 9.35244 respondents
285.363 402.185 13.6562 9.35244 felt
303.006 402.185 16.7756 9.35244 that
323.769 402.185 35.9456 9.35244 inclusion
363.723 402.185 8.3176 9.35244 of
375.967 402.185 28.9716 9.35244 buffers
408.848 402.185 25.148 9.35244 would

203.88 414.425 28.2695 9.35244 embed
234.481 414.425 33.362 9.35244 national
270.123 414.425 54.781 9.35244 discrepancies
327.251 414.425 7.50884 9.35244 in
337.091 414.425 13.6004 9.35244 the
352.932 414.425 27.0045 9.35244 capital
382.217 414.425 47.1506 9.35244 framework.

444.84 261.785 14.44 9.35244 See
461.521 261.785 24.8801 9.35244 above

671.639 261.785 14.44 9.35244 See
688.32 261.785 24.8801 9.35244 above

85.08 37.8788 11.9675 7.54956 RTS
98.8782 37.8788 10.4737 7.54956 ON
111.119 37.8788 18.4944 7.54956 MREL

759.96 549.463 11.2387 10.3666 44

85.08 98.9828 49.3996 10.3555 Comments

203.87 98.9828 43.6323 10.3555 Summary
250.069 98.9828 9.36854 10.3555 of
261.825 98.9828 45.9198 10.3555 responses
310.173 98.9828 39.0485 10.3555 received

444.829 98.9828 18.3297 10.3555 EBA
465.587 98.9828 36.2079 10.3555 analysis

671.624 92.138 61.6584 10.3555 Amendments
735.712 92.138 9.78034 10.3555 to

671.624 105.695 15.2772 10.3555 the
689.385 105.695 44.4934 10.3555 proposals

103.08 126.665 46.8977 9.35244 assessment
160.558 126.665 8.3176 9.35244 of
179.394 126.665 13.6004 9.35244 the

103.08 138.785 15.2936 9.35244 loss

148.796 138.785 44.1069 9.35244 absorption

103.08 151.025 34.4297 9.35244 amount.
152.041 151.025 11.3693 9.35244 Do
177.962 151.025 15.0675 9.35244 you

103.08 163.265 34.5542 9.35244 consider
142.916 163.265 16.7756 9.35244 that
164.993 163.265 14.5904 9.35244 any
184.912 163.265 8.3176 9.35244 of

103.08 175.505 22.3612 9.35244 these
129.722 175.505 50.6924 9.35244 components
184.683 175.505 8.31859 9.35244 of

103.08 187.627 13.6004 9.35244 the
127.557 187.627 27.4806 9.35244 overall
165.953 187.627 27.0075 9.35244 capital

103.08 199.865 51.2163 9.35244 requirement
167.637 199.865 25.3163 9.35244 (other

103.08 212.105 18.667 9.35244 than
131.159 212.105 13.5984 9.35244 the
154.08 212.105 38.9157 9.35244 minimum

103.08 224.345 20.0495 9.35244 CET1

138.597 224.345 54.3746 9.35244 requirement)

103.08 236.465 13.2408 9.35244 are
123.602 236.465 13.8952 9.35244 not
144.84 236.465 48.2811 9.35244 appropriate

103.08 248.705 40.1378 9.35244 indicators
149.399 248.705 8.3176 9.35244 of
163.914 248.705 15.2946 9.35244 loss
185.389 248.705 7.50884 9.35244 in

103.08 260.945 43.7672 9.35244 resolution,
150.722 260.945 17.8453 9.35244 and,
172.441 260.945 5.31764 9.35244 if
181.566 260.945 11.6024 9.35244 so,

103.08 273.067 21.5315 9.35244 why?

85.08 297.785 7.54968 9.35244 2.
103.078 297.785 27.9069 9.35244 Should
134.63 297.785 13.5994 9.35244 the
151.785 297.785 41.2274 9.35244 resolution

103.08 310.025 37.6299 9.35244 authority
145.799 310.025 10.2389 9.35244 be
161.159 310.025 31.868 9.35244 allowed

103.08 322.265 8.60544 9.35244 to

168.121 322.265 24.9378 9.35244 adjust

103.08 334.505 52.1267 9.35244 downwards?

170.753 334.505 22.2955 9.35244 What

103.08 346.625 13.2398 9.35244 are

132.724 346.625 13.6004 9.35244 the

162.845 346.625 30.131 9.35244 specific

103.08 358.865 57.8915 9.35244 circumstances
168.836 358.865 24.2327 9.35244 under

103.08 371.105 24.0723 9.35244 which

151.685 371.105 41.2294 9.35244 resolution

103.08 383.225 44.2154 9.35244 authorities

165.838 383.225 27.1868 9.35244 should

103.08 395.466 21.7616 9.35244 allow
129.244 395.466 4.77084 9.35244 a
138.486 395.466 29.634 9.35244 smaller
172.566 395.466 20.3493 9.35244 need

103.08 407.707 8.60843 9.35244 to
116.041 407.707 10.2399 9.35244 be
130.564 407.707 17.3204 9.35244 able
152.167 407.707 8.60942 9.35244 to
165.129 407.707 27.9089 9.35244 absorb

103.08 419.945 24.1749 9.35244 losses
135.836 419.945 27.0394 9.35244 before
171.476 419.945 21.5524 9.35244 entry

103.08 432.065 16.1681 9.35244 into
122.516 432.065 41.2274 9.35244 resolution
167.03 432.065 15.3075 9.35244 and
185.624 432.065 7.50884 9.35244 in

103.08 444.305 13.6004 9.35244 the

151.68 444.305 41.2294 9.35244 resolution

103.08 456.545 31.0134 9.35244 process

174.357 456.545 18.667 9.35244 than

103.08 468.665 37.6259 9.35244 indicated
155.277 468.665 9.79068 9.35244 by
179.64 468.665 13.5984 9.35244 the

103.08 480.905 27.0045 9.35244 capital
132.364 480.905 59.8128 9.35244 requirements?

203.88 358.865 23.4389 9.35244 There
229.799 358.865 15.8942 9.35244 was
248.158 358.865 47.2273 9.35244 widespread
297.836 358.865 33.4278 9.35244 industry
333.714 358.865 31.7734 9.35244 support
367.911 358.865 11.7558 9.35244 for
382.071 358.865 13.5984 9.35244 the
398.151 358.865 24.7904 9.35244 ability
425.391 358.865 8.60942 9.35244 to

203.88 371.106 24.9349 9.35244 adjust
239.037 371.106 13.5984 9.35244 the
262.793 371.106 15.4141 9.35244 loss
288.353 371.106 44.2264 9.35244 absorption
342.828 371.106 34.4277 9.35244 amount.
387.465 371.106 14.0147 9.35244 But
411.702 371.106 22.3383 9.35244 other

203.88 383.228 50.808 9.35244 respondents
260.39 383.228 38.7056 9.35244 proposed
304.902 383.228 16.7736 9.35244 that
327.48 383.225 50.3299 9.35244 adjustments
383.635 383.225 27.1868 9.35244 should
416.629 383.225 17.3503 9.35244 only

203.88 395.465 27.5205 9.35244 enable
236.639 395.465 40.3111 9.35244 increases.
282.239 395.465 22.8383 9.35244 Some
310.317 395.465 51.1745 9.35244 respondents
366.715 395.465 13.5346 9.35244 felt
385.552 395.465 16.7766 9.35244 that
407.631 395.465 26.4408 9.35244 Article

203.88 407.706 16.0974 9.35244 2(4)
223.799 407.706 23.4996 9.35244 might
251.037 407.706 17.3493 9.35244 lead
272.152 407.706 8.60942 9.35244 to
284.507 407.706 13.6004 9.35244 the
301.903 407.706 41.4695 9.35244 resolution
347.139 407.706 37.6329 9.35244 authority
388.534 407.706 24.6141 9.35244 acting
416.854 407.706 8.69508 9.35244 as
429.209 407.706 4.77084 9.35244 a

203.88 419.947 31.5961 9.35244 shadow
237.716 419.947 44.8618 9.35244 supervisor.

444.84 297.785 14.44 9.35244 See
461.521 297.785 24.8801 9.35244 above

671.639 297.785 14.44 9.35244 See
688.32 297.785 24.8801 9.35244 above

85.08 505.625 7.54968 9.35244 3.
103.078 505.625 27.9069 9.35244 Should
134.391 505.625 14.5914 9.35244 any
152.389 505.625 40.7952 9.35244 additional

103.08 517.865 49.6108 9.35244 benchmarks
158.035 517.865 10.2389 9.35244 be
173.633 517.865 19.2676 9.35244 used

203.88 505.625 22.7178 9.35244 Some
228.958 505.625 50.9334 9.35244 respondents
282.358 505.625 40.9894 9.35244 suggested
325.798 505.625 16.7726 9.35244 that
345.003 505.625 37.0841 9.35244 historical
384.488 505.625 15.2946 9.35244 loss
402.129 505.625 31.8551 9.35244 analysis

203.88 517.865 15.3075 9.35244 and
223.919 517.865 23.4548 9.35244 stress
252 517.865 27.8492 9.35244 testing
284.519 517.865 27.1729 9.35244 results
316.319 517.865 22.3881 9.35244 could
343.439 517.865 10.2389 9.35244 be
358.319 517.865 47.2662 9.35244 considered.
410.276 517.865 23.6351 9.35244 Other

444.84 505.625 14.44 9.35244 See
461.521 505.625 24.8801 9.35244 above

671.639 505.625 14.44 9.35244 See
688.32 505.625 24.8801 9.35244 above

85.08 37.8788 11.9675 7.54956 RTS
98.8782 37.8788 10.4737 7.54956 ON
111.119 37.8788 18.4944 7.54956 MREL

759.96 549.463 11.2387 10.3666 45

85.08 98.9828 49.3996 10.3555 Comments

203.87 98.9828 43.6323 10.3555 Summary
250.069 98.9828 9.36854 10.3555 of
261.825 98.9828 45.9198 10.3555 responses
310.173 98.9828 39.0485 10.3555 received

444.829 98.9828 18.3297 10.3555 EBA
465.587 98.9828 36.2079 10.3555 analysis

671.624 92.138 61.6584 10.3555 Amendments
735.712 92.138 9.78034 10.3555 to

671.624 105.695 15.2772 10.3555 the
689.385 105.695 44.4934 10.3555 proposals

103.08 126.665 8.60843 9.35244 to

132.96 126.665 25.2496 9.35244 assess

179.39 126.665 13.6004 9.35244 the

103.08 138.785 39.9107 9.35244 necessary
149.644 138.785 28.3581 9.35244 degree
184.685 138.785 8.3176 9.35244 of

103.08 151.025 15.2946 9.35244 loss
127.075 151.025 51.6466 9.35244 absorbency?
187.429 151.025 5.55768 9.35244 If

103.08 163.265 15.8115 9.35244 yes,
133.563 163.265 17.68 9.35244 how
165.843 163.265 27.1858 9.35244 should

103.08 175.505 22.3582 9.35244 these
129.112 175.505 10.2389 9.35244 be
143.026 175.505 30.9069 9.35244 defined
177.697 175.505 15.3075 9.35244 and

103.08 187.625 17.68 9.35244 how
126.357 187.625 27.1868 9.35244 should
159.23 187.625 18.0704 9.35244 they
182.988 187.625 10.2389 9.35244 be

103.08 199.865 19.2676 9.35244 used
128.274 199.865 7.50884 9.35244 in
141.709 199.865 51.305 9.35244 combination

103.08 212.105 17.9489 9.35244 with

136.798 212.105 13.6004 9.35244 the

166.075 212.105 27.0036 9.35244 capital

103.08 224.345 55.1346 9.35244 requirements

103.08 236.465 50.3279 9.35244 benchmark?
165.119 236.465 27.9059 9.35244 Should

103.08 248.705 18.5475 9.35244 such
124.436 248.705 49.6098 9.35244 benchmarks
176.75 248.705 16.1691 9.35244 also

103.08 260.946 21.7616 9.35244 allow
129.842 260.946 11.7548 9.35244 for
146.64 260.946 4.77084 9.35244 a
156.48 260.946 36.5203 9.35244 decrease

103.08 273.068 8.3166 9.35244 of
114.237 273.068 13.5994 9.35244 the
130.675 273.068 15.2936 9.35244 loss
148.793 273.068 44.1079 9.35244 absorption

103.08 285.308 31.8959 9.35244 amount

151.922 285.308 41.1069 9.35244 compared

103.08 297.549 17.9509 9.35244 with
126.12 297.545 13.5974 9.35244 the
144.717 297.545 48.2841 9.35244 institution’s

103.08 309.785 27.0045 9.35244 capital
132.364 309.785 59.8128 9.35244 requirements?

203.88 126.665 50.8139 9.35244 respondents
262.678 126.665 13.6562 9.35244 felt
284.396 126.665 21.9996 9.35244 there
314.516 126.665 15.8962 9.35244 was
338.395 126.665 10.5297 9.35244 no
356.993 126.665 20.3493 9.35244 need
385.431 126.665 11.7538 9.35244 for
405.226 126.665 28.7944 9.35244 further

203.88 138.785 52.0669 9.35244 benchmarks.

85.08 334.505 7.54968 9.35244 4.
103.078 334.505 11.3693 9.35244 Do
118.562 334.505 15.0705 9.35244 you
137.765 334.505 34.5532 9.35244 consider
176.406 334.505 16.7756 9.35244 that

103.08 346.625 14.5904 9.35244 any

140.041 346.625 8.3176 9.35244 of

170.641 346.625 22.3582 9.35244 these

103.08 358.865 50.6904 9.35244 components
162.352 358.865 8.43811 9.35244 of
179.388 358.865 13.5984 9.35244 the

103.08 371.105 27.4816 9.35244 overall

165.958 371.105 27.0045 9.35244 capital

103.08 383.225 51.2163 9.35244 requirement
160.077 383.225 13.2398 9.35244 are
179.034 383.225 13.8962 9.35244 not

103.08 395.466 48.2791 9.35244 appropriate

103.08 407.705 40.1378 9.35244 indicators
157.208 407.705 8.31859 9.35244 of
179.532 407.705 13.6004 9.35244 the

103.08 419.945 27.0006 9.35244 capital
134.283 419.945 34.869 9.35244 required
173.406 419.945 19.5545 9.35244 after

103.08 432.067 43.7672 9.35244 resolution,
150.722 432.067 17.8453 9.35244 and,
172.441 432.067 5.31764 9.35244 if
181.566 432.067 11.6024 9.35244 so,

103.08 444.308 21.5315 9.35244 why?

203.88 340.505 20.9768 9.35244 Most
228.963 340.505 50.9295 9.35244 respondents
283.922 340.505 44.9475 9.35244 considered
333.002 340.505 16.7726 9.35244 that
353.878 340.505 13.6004 9.35244 the
371.522 340.505 62.4731 9.35244 recapitalisation

203.88 352.746 31.8939 9.35244 amount
240 352.746 27.1858 9.35244 should
271.439 352.746 10.2389 9.35244 be
285.841 352.746 28.2685 9.35244 limited
318.362 352.746 8.48891 9.35244 to
331.085 352.746 13.5984 9.35244 the
348.847 352.746 38.9157 9.35244 minimum
391.928 352.746 42.0621 9.35244 regulatory

203.88 364.985 29.5135 9.35244 capital.
240.365 364.985 23.4409 9.35244 There
270.729 364.985 15.8952 9.35244 was
293.531 364.985 31.7774 9.35244 support
332.294 364.985 11.7558 9.35244 for
351.016 364.985 13.6004 9.35244 the
371.539 364.985 62.4731 9.35244 recapitalisation

203.88 377.225 31.8939 9.35244 amount
243.237 377.225 8.60843 9.35244 to
259.316 377.225 10.2389 9.35244 be
276.956 377.225 24.5474 9.35244 linked
308.993 377.225 8.60843 9.35244 to
325.193 377.225 13.5984 9.35244 the
346.191 377.225 38.8271 9.35244 preferred
392.508 377.225 41.3479 9.35244 resolution

203.88 389.345 35.5114 9.35244 strategy.
245.397 389.345 22.8403 9.35244 Some
274.194 389.345 33.3082 9.35244 industry
313.548 389.345 50.9305 9.35244 respondents
370.419 389.345 40.8679 9.35244 suggested
417.333 389.345 16.7766 9.35244 that

203.88 401.586 29.5314 9.35244 varying
236.875 401.586 35.8112 9.35244 amounts
276.108 401.586 8.43811 9.35244 of
287.984 401.586 26.9996 9.35244 capital
318.459 401.586 15.428 9.35244 and
337.413 401.586 45.5471 9.35244 bail-in-able
386.395 401.586 18.8144 9.35244 debt
408.833 401.586 25.148 9.35244 would

203.88 413.827 28.629 9.35244 remain
235.198 413.827 17.8553 9.35244 post
255.716 413.827 43.9057 9.35244 resolution.
302.271 413.827 29.7605 9.35244 Several
334.67 413.827 50.9295 9.35244 respondents
388.185 413.827 45.7851 9.35244 questioned

203.88 425.948 34.3132 9.35244 whether
245.517 425.948 22.1202 9.35244 some
274.797 425.948 28.9726 9.35244 buffers
311.035 425.948 25.2675 9.35244 would
343.553 425.948 10.2389 9.35244 be
360.952 425.948 48.2761 9.35244 appropriate
416.389 425.948 17.7358 9.35244 post

203.88 438.189 43.7911 9.35244 resolution.

444.84 334.505 14.44 9.35244 See
461.521 334.505 24.8801 9.35244 above

671.639 334.505 14.44 9.35244 See
688.32 334.505 24.8801 9.35244 above

85.08 469.025 7.54968 9.35244 5.
103.08 469.025 6.41424 9.35244 Is
116.521 469.025 5.61644 9.35244 it
129.242 469.025 48.2791 9.35244 appropriate
184.563 469.025 8.60942 9.35244 to

103.08 481.265 19.4798 9.35244 have
130.438 481.265 4.77084 9.35244 a
143.156 481.265 23.3193 9.35244 single
174.354 481.265 18.5963 9.35244 peer

103.08 493.385 23.9478 9.35244 group
134.997 493.385 8.3166 9.35244 of
151.194 493.385 25.1763 9.35244 G-SIIs,
184.318 493.385 8.75584 9.35244 or

103.08 505.625 27.1868 9.35244 should

149.161 505.625 14.8125 9.35244 this

182.759 505.625 10.2389 9.35244 be

103.08 517.865 44.1039 9.35244 subdivided
158.389 517.865 9.79068 9.35244 by
179.385 517.865 13.5984 9.35244 the

203.88 469.025 23.1102 9.35244 Many
230.636 469.025 33.3132 9.35244 industry
267.594 469.025 50.8099 9.35244 respondents
322.189 469.025 20.5604 9.35244 were
346.304 469.025 42.9067 9.35244 concerned
392.856 469.025 23.9737 9.35244 about
420.448 469.025 13.5984 9.35244 the

203.88 481.266 14.0805 9.35244 use
221.516 481.266 8.3176 9.35244 of
233.389 481.266 4.77084 9.35244 a
241.786 481.266 21.8732 9.35244 G-SIB
267.237 481.266 18.5963 9.35244 peer
289.432 481.266 26.5095 9.35244 group.
319.547 481.266 22.7178 9.35244 Some
345.821 481.266 24.0693 9.35244 noted
373.537 481.266 16.7726 9.35244 that
393.925 481.266 13.5964 9.35244 the
411.077 481.266 23.0235 9.35244 MREL

203.88 493.388 22.2676 9.35244 could
231.715 493.388 21.9588 9.35244 spiral
259.191 493.388 35.0901 9.35244 upwards
299.744 493.388 5.31764 9.35244 if
310.542 493.388 40.9884 9.35244 compared
357.098 493.388 17.9509 9.35244 with
380.64 493.385 24.9498 9.35244 peers.
411.118 493.385 22.8383 9.35244 Some

203.88 505.625 50.8139 9.35244 respondents
258.24 505.625 20.5624 9.35244 were
282.238 505.625 42.9097 9.35244 concerned
328.794 505.625 16.7766 9.35244 that
349.071 505.625 12.2518 9.35244 big
364.788 505.625 45.4096 9.35244 differences
413.619 505.625 7.50984 9.35244 in
424.655 505.625 9.43013 9.35244 G-

203.88 517.865 16.3742 9.35244 SIBs
223.436 517.865 31.5971 9.35244 balance
258.231 517.865 26.3332 9.35244 sheets
287.746 517.865 15.3075 9.35244 and
306.341 517.865 34.611 9.35244 business
344.134 517.865 29.6937 9.35244 models
377.011 517.865 25.147 9.35244 would
405.445 517.865 13.5605 9.35244 call
422.241 517.865 11.7558 9.35244 for

444.84 469.025 15.0386 9.35244 The
462.12 469.025 16.0874 9.35244 EBA
480.481 469.025 26.9338 9.35244 agrees
509.641 469.025 16.7756 9.35244 that
528.721 469.025 13.5984 9.35244 the
544.56 469.025 34.5104 9.35244 diversity
581.401 469.025 8.3176 9.35244 of
591.961 469.025 34.7315 9.35244 business
629.037 469.025 29.5732 9.35244 models

444.84 481.266 15.3075 9.35244 and
462.478 481.266 14.1312 9.35244 risk
478.918 481.266 30.4129 9.35244 profiles
511.677 481.266 25.5066 9.35244 within
539.514 481.266 14.5904 9.35244 any
556.435 481.266 18.5943 9.35244 peer
577.314 481.266 23.9478 9.35244 group
603.592 481.266 17.2318 9.35244 may
623.155 481.266 22.8692 9.35244 mean

444.84 493.388 16.7736 9.35244 that
463.918 493.388 5.61644 9.35244 it
471.839 493.388 6.1752 9.35244 is
480.24 493.388 13.8952 9.35244 not
496.44 493.388 48.2801 9.35244 appropriate
546.961 493.388 8.60843 9.35244 to
557.88 493.388 35.8002 9.35244 compare
595.921 493.388 9.3614 9.35244 all
607.562 493.388 41.0103 9.35244 members’

444.84 505.628 27.0006 9.35244 capital
474.12 505.628 22.8562 9.35244 levels
499.322 505.628 17.9499 9.35244 with
519.605 505.628 13.5994 9.35244 the
535.445 505.628 30.4268 9.35244 median
568.324 505.628 8.3176 9.35244 of
578.883 505.628 13.6004 9.35244 the
594.724 505.628 26.5095 9.35244 group.
623.524 505.628 15.0406 9.35244 The
640.806 505.628 19.8941 9.35244 draft

444.84 517.865 15.937 9.35244 text
463.081 517.865 13.9729 9.35244 has
479.281 517.865 20.3473 9.35244 been
501.959 517.865 38.4665 9.35244 amended
542.756 517.865 8.60942 9.35244 to
553.677 517.865 29.8272 9.35244 instead
585.835 517.865 29.6758 9.35244 require
617.752 517.865 10.0297 9.35244 an

671.64 469.025 31.2704 9.35244 Revised
705.243 469.025 15.936 9.35244 text
723.484 469.025 7.50884 9.35244 in

671.64 481.266 26.3203 9.35244 Article
700.201 481.266 5.04972 9.35244 2
707.516 481.266 44.8339 9.35244 (previously

671.64 493.388 26.3203 9.35244 Article
700.201 493.388 10.6502 9.35244 3),
713.162 493.388 41.83 9.35244 paragraph

671.64 505.628 5.04972 9.35244 9

85.08 37.8788 11.9675 7.54956 RTS
98.8782 37.8788 10.4737 7.54956 ON
111.119 37.8788 18.4944 7.54956 MREL

759.96 549.463 11.2387 10.3666 46

85.08 98.9828 49.3996 10.3555 Comments

203.87 98.9828 43.6323 10.3555 Summary
250.069 98.9828 9.36854 10.3555 of
261.825 98.9828 45.9198 10.3555 responses
310.173 98.9828 39.0485 10.3555 received

444.829 98.9828 18.3297 10.3555 EBA
465.587 98.9828 36.2079 10.3555 analysis

671.624 92.138 61.6584 10.3555 Amendments
735.712 92.138 9.78034 10.3555 to

671.624 105.695 15.2772 10.3555 the
689.385 105.695 44.4934 10.3555 proposals

103.08 126.665 18.9609 9.35244 level
132.119 126.665 8.31859 9.35244 of
150.478 126.665 13.6004 9.35244 the
174.118 126.665 18.8318 9.35244 G-SII

103.08 138.785 27.0006 9.35244 capital
132.36 138.785 29.5673 9.35244 buffer?

103.08 157.025 27.9069 9.35244 Should
145.917 157.025 13.5984 9.35244 the
174.356 157.025 18.5943 9.35244 peer

103.08 169.265 23.9478 9.35244 group
135.837 169.265 38.346 9.35244 approach
182.993 169.265 10.2389 9.35244 be

103.08 181.505 38.2295 9.35244 extended
144.477 181.505 8.60843 9.35244 to
156.235 181.505 25.5335 9.35244 O-SIIs,
184.915 181.505 8.13632 9.35244 at

103.08 193.625 13.6004 9.35244 the

137.396 193.625 26.7067 9.35244 option

184.91 193.625 8.3166 9.35244 of

103.08 205.865 41.2294 9.35244 resolution

103.08 218.105 48.7711 9.35244 authorities?
161.64 218.105 5.6772 9.35244 If
177.118 218.105 15.8095 9.35244 yes,

103.08 230.345 25.148 9.35244 would

179.522 230.345 13.5984 9.35244 the

103.08 242.465 48.2751 9.35244 appropriate

174.472 242.465 18.5953 9.35244 peer

103.08 254.705 23.9478 9.35244 group
129.598 254.705 10.2389 9.35244 be
142.316 254.705 13.5994 9.35244 the
158.395 254.705 23.9478 9.35244 group
184.912 254.705 8.3176 9.35244 of

103.08 266.946 23.2143 9.35244 O-SIIs
132.719 266.945 46.1487 9.35244 established
185.402 266.945 7.50984 9.35244 in

103.08 279.065 13.6004 9.35244 the
118.921 279.065 21.6401 9.35244 same
142.802 279.065 49.8568 9.35244 jurisdiction?

103.08 297.305 27.9069 9.35244 Should
145.917 297.305 13.5984 9.35244 the
174.356 297.305 18.5943 9.35244 peer

103.08 309.545 23.9478 9.35244 group
135.837 309.545 38.346 9.35244 approach
182.993 309.545 10.2389 9.35244 be

103.08 321.785 28.7944 9.35244 further
138.96 321.785 38.2305 9.35244 extended
184.323 321.785 8.60843 9.35244 to

103.08 333.905 22.3164 9.35244 other

144.124 333.905 22.0146 9.35244 types

184.805 333.905 8.3176 9.35244 of

103.08 346.145 46.4923 9.35244 institution?

203.88 126.665 35.6164 9.35244 different
242.399 126.665 62.5901 9.35244 recapitalisation
307.917 126.665 55.2501 9.35244 requirements
365.992 126.665 15.3075 9.35244 and
384.228 126.665 41.9455 9.35244 supported
429.101 126.665 4.77084 9.35244 a

203.88 138.785 18.5953 9.35244 peer
226.323 138.785 23.9478 9.35244 group
254.16 138.785 38.347 9.35244 approach
296.401 138.785 30.9069 9.35244 defined
331.198 138.785 9.79068 9.35244 by
344.883 138.785 48.2771 9.35244 comparable
396.96 138.785 25.7327 9.35244 G-SIBs
426.472 138.785 7.50884 9.35244 in

203.88 151.026 29.8601 9.35244 distinct
236.045 151.026 47.7443 9.35244 sub-groups.

203.88 169.265 5.76684 9.35244 A
214.321 169.265 34.3899 9.35244 minority
253.442 169.265 8.3176 9.35244 of
266.403 169.265 50.808 9.35244 respondents
321.838 169.265 42.0641 9.35244 supported
368.633 169.265 4.77084 9.35244 a
378.114 169.265 19.7178 9.35244 form
402.475 169.265 8.3176 9.35244 of
415.436 169.265 18.5943 9.35244 peer

203.88 181.505 30.0294 9.35244 review;
238.8 181.505 24.2367 9.35244 either
267.961 181.505 43.329 9.35244 comparing
316.199 181.505 18.0704 9.35244 with
339.236 181.505 9.3614 9.35244 all
353.517 181.505 25.7297 9.35244 G-SIBs
384.107 181.505 8.75683 9.35244 or
397.788 181.505 4.77084 9.35244 a
407.509 181.505 26.4966 9.35244 subset

203.87 193.627 24.0693 9.35244 based
233.388 193.627 10.5088 9.35244 on
249.347 193.627 26.8771 9.35244 similar
281.627 193.627 60.9629 9.35244 characteristics.
347.998 193.625 22.8403 9.35244 Some
376.197 193.625 25.5016 9.35244 stated
407.147 193.625 16.7726 9.35244 that
429.338 193.625 4.77084 9.35244 a

203.88 205.865 51.64 9.35244 case-by-case
260.4 205.865 38.346 9.35244 approach
303.716 205.865 24.1879 9.35244 based
332.874 205.865 10.5088 9.35244 on
348.353 205.865 34.61 9.35244 business
387.949 205.865 25.6799 9.35244 model
418.669 205.865 15.3085 9.35244 and

203.88 218.105 31.0872 9.35244 funding
237.237 218.105 17.2318 9.35244 may
256.799 218.105 10.2389 9.35244 be
269.279 218.105 50.7452 9.35244 appropriate.

203.88 236.345 22.7198 9.35244 Some
231.122 236.345 50.9305 9.35244 respondents
286.559 236.345 28.388 9.35244 argued
319.558 236.345 16.7756 9.35244 that
340.919 236.345 20.0495 9.35244 CET1
365.52 236.345 17.2318 9.35244 may
387.363 236.345 13.8952 9.35244 not
405.844 236.345 10.2389 9.35244 be
420.605 236.345 13.5984 9.35244 the

203.88 248.465 17.3752 9.35244 best
223.56 248.465 22.8702 9.35244 proxy
248.761 248.465 11.7558 9.35244 for
262.801 248.465 29.0165 9.35244 market
294.122 248.465 47.3857 9.35244 confidence.

203.88 266.705 23.1102 9.35244 Many
230.397 266.705 50.8099 9.35244 respondents
284.509 266.705 34.6249 9.35244 doubted
322.54 266.705 34.3142 9.35244 whether
360.339 266.705 18.5475 9.35244 such
382.292 266.705 10.0297 9.35244 an
395.759 266.705 38.349 9.35244 approach

203.88 278.946 25.151 9.35244 would
232.558 278.946 20.3742 9.35244 work
256.436 278.946 16.682 9.35244 well
276.593 278.946 11.7538 9.35244 for
291.827 278.946 23.3452 9.35244 O-SIIs
318.588 278.946 21.671 9.35244 given
343.786 278.946 13.6004 9.35244 the
360.823 278.946 34.6329 9.35244 diversity
398.98 278.946 8.3176 9.35244 of
410.736 278.946 23.2377 9.35244 O-SIIs

203.88 291.068 15.3075 9.35244 and
222.235 291.068 19.3154 9.35244 their
244.553 291.068 34.611 9.35244 business
282.229 291.068 29.5712 9.35244 models
314.745 291.068 15.429 9.35244 and
333.222 291.068 13.5994 9.35244 the
349.804 291.068 21.1192 9.35244 small
373.92 291.068 36.1717 9.35244 numbers
413.036 291.068 8.3176 9.35244 of
424.312 291.068 9.66419 9.35244 O-

203.89 303.308 13.4968 9.35244 SIIs
219.613 303.308 7.50884 9.35244 in
229.453 303.308 39.2394 9.35244 particular
270.979 303.308 51.5938 9.35244 jurisdictions.

444.84 126.665 46.8977 9.35244 assessment
494.041 126.665 8.31859 9.35244 of
504.601 126.665 34.4377 9.35244 whether
541.324 126.665 27.0006 9.35244 capital
570.604 126.665 22.8542 9.35244 levels
595.804 126.665 37.5691 9.35244 following

444.84 138.785 41.2274 9.35244 resolution
488.398 138.785 25.148 9.35244 would
515.877 138.785 10.2389 9.35244 be
528.356 138.785 48.2771 9.35244 appropriate
578.874 138.785 7.50884 9.35244 in
588.713 138.785 47.5879 9.35244 comparison
638.632 138.785 17.9489 9.35244 with

444.84 151.026 24.9498 9.35244 peers.
472.2 151.026 13.3165 9.35244 For
487.801 151.026 25.2884 9.35244 G-SIIs,
515.401 151.026 13.6004 9.35244 the
531.361 151.026 12.0964 9.35244 set
545.762 151.026 8.3176 9.35244 of
556.32 151.026 39.3091 9.35244 European
597.961 151.026 22.8512 9.35244 G-SIIs
623.038 151.026 13.9729 9.35244 has
639.237 151.026 20.3483 9.35244 been

444.84 163.267 34.2674 9.35244 retained
481.438 163.267 8.69408 9.35244 as
492.358 163.267 13.5994 9.35244 the
508.198 163.267 48.2761 9.35244 appropriate
558.715 163.267 18.5943 9.35244 peer
579.594 163.267 26.4866 9.35244 group,
608.391 163.267 8.69408 9.35244 as
619.311 163.267 28.7934 9.35244 further

444.84 175.508 49.3687 9.35244 subdivisions
496.436 175.508 8.3176 9.35244 of
506.996 175.508 14.8135 9.35244 this
524.036 175.508 24.0673 9.35244 group
550.434 175.508 25.148 9.35244 would
577.913 175.508 23.1351 9.35244 result
603.352 175.508 7.50884 9.35244 in
613.192 175.508 4.77084 9.35244 a
620.272 175.508 32.1509 9.35244 number

444.84 187.629 8.3176 9.35244 of
455.399 187.629 17.3523 9.35244 very
475.199 187.629 21.1182 9.35244 small
498.597 187.629 18.7158 9.35244 peer
519.598 187.629 30.3491 9.35244 groups.

85.08 370.865 7.54968 9.35244 6.
103.08 370.865 15.0386 9.35244 The

154.682 370.865 38.346 9.35244 approach

103.08 383.105 33.9138 9.35244 outlined
141.487 383.105 7.50884 9.35244 in
153.489 383.105 30.1738 9.35244 Articles
188.051 383.105 5.04972 9.35244 2

103.08 395.225 15.3095 9.35244 and
128.161 395.225 5.04972 9.35244 3
142.922 395.225 13.9211 9.35244 will
166.564 395.225 26.3801 9.35244 reflect

103.08 407.465 45.4106 9.35244 differences
157.072 407.465 35.8301 9.35244 between

103.08 419.705 52.0261 9.35244 consolidated

177.715 419.705 15.3075 9.35244 and

103.08 431.945 40.8729 9.35244 subsidiary

166.082 431.945 27.0036 9.35244 capital

103.08 444.065 57.5887 9.35244 requirements.

178.796 444.065 14.2 9.35244 Are

103.08 456.305 21.9977 9.35244 there
128.394 456.305 40.9177 9.35244 additional
172.668 456.305 20.3353 9.35244 ways

103.08 468.545 7.50884 9.35244 in
124.684 468.545 24.0723 9.35244 which
162.851 468.545 30.136 9.35244 specific

103.08 480.665 33.7724 9.35244 features

184.675 480.665 8.31859 9.35244 of

103.08 492.905 47.5749 9.35244 subsidiaries
156.597 492.905 25.6291 9.35244 within
188.273 492.905 4.77084 9.35244 a

103.08 505.145 32.1668 9.35244 banking
138.592 505.145 23.9478 9.35244 group
165.947 505.145 27.1858 9.35244 should

103.08 517.386 10.2399 9.35244 be
115.561 517.386 41.2095 9.35244 reflected?

203.88 373.505 23.1102 9.35244 Many
230.038 373.505 50.8099 9.35244 respondents
283.791 373.505 23.4687 9.35244 asked
310.308 373.505 11.7558 9.35244 for
325.307 373.505 21.6401 9.35244 more
349.906 373.505 33.2056 9.35244 detailed
386.16 373.505 47.9494 9.35244 explanation

203.88 385.746 8.3176 9.35244 of
214.439 385.746 20.3114 9.35244 how:

221.878 403.913 4.5816 9.1632 •
239.875 404.591 10.9889 9.35244 An
255.118 404.591 45.7194 9.35244 entity-level
305.041 404.591 23.0225 9.35244 MREL
332.401 404.591 27.1888 9.35244 should
363.844 404.591 10.2399 9.35244 be
378.247 404.591 12.0974 9.35244 set
394.57 404.591 11.7558 9.35244 for
410.651 404.591 23.3213 9.35244 single

239.875 416.712 21.4538 9.35244 point
264.111 416.712 8.3176 9.35244 of
275.15 416.712 21.5505 9.35244 entry
299.387 416.712 8.33453 9.35244 vs
310.426 416.712 33.6379 9.35244 multiple
346.783 416.712 21.4538 9.35244 point
371.02 416.712 8.3176 9.35244 of
382.058 416.712 21.5505 9.35244 entry
406.296 416.712 27.892 9.35244 groups

239.875 428.953 10.5088 9.35244 (in
254.276 428.953 41.7334 9.35244 particular,
299.879 428.953 42.8539 9.35244 suggesting
346.557 428.953 16.7736 9.35244 that
367.194 428.953 21.9977 9.35244 there
392.992 428.953 27.1868 9.35244 should
423.943 428.953 10.2389 9.35244 be

239.875 441.074 35.613 9.35244 different
278.869 441.074 41.3748 9.35244 treatment
323.623 441.074 8.3176 9.35244 of
335.257 441.074 43.9893 9.35244 ‘resolution
382.654 441.074 32.7315 9.35244 entities’
418.772 441.074 15.3095 9.35244 and

239.875 453.315 22.3164 9.35244 other
264.476 453.315 33.378 9.35244 entities)

221.868 471.482 4.5816 9.1632 •
239.865 472.159 28.0782 9.35244 Capital
279.826 472.159 55.2511 9.35244 requirements
347.025 472.159 12.0964 9.35244 set
371.147 472.159 17.3503 9.35244 only
400.428 472.159 8.13732 9.35244 at
420.471 472.159 13.6004 9.35244 the

239.865 484.28 52.033 9.35244 consolidated
297.706 484.28 19.0814 9.35244 level
322.543 484.28 17.7517 9.35244 (e.g.
346.185 484.28 19.0654 9.35244 G-SII
371.018 484.28 31.9338 9.35244 buffers)
408.814 484.28 25.151 9.35244 would

239.865 496.521 23.2526 9.35244 affect
265.541 496.521 45.8439 9.35244 entity-level
313.665 496.521 23.0225 9.35244 MREL
338.985 496.521 55.2551 9.35244 requirements

444.84 370.865 15.0416 9.35244 The
464.402 370.865 16.0864 9.35244 EBA
485.044 370.865 26.8143 9.35244 agrees
516.365 370.865 16.7756 9.35244 that
537.726 370.865 5.61744 9.35244 it
547.928 370.865 25.2705 9.35244 would
577.811 370.865 10.2399 9.35244 be
592.573 370.865 28.3193 9.35244 helpful
625.453 370.865 8.60942 9.35244 to
638.655 370.865 22.2387 9.35244 make

444.84 383.106 28.8999 9.35244 explicit
479.043 383.106 16.7766 9.35244 that
501.122 383.106 27.0045 9.35244 capital
533.404 383.106 55.0161 9.35244 requirements
593.766 383.106 12.0964 9.35244 set
611.165 383.106 17.3523 9.35244 only
633.844 383.106 8.13632 9.35244 at
647.282 383.106 13.5994 9.35244 the

444.84 395.225 52.0261 9.35244 consolidated
500.999 395.225 19.0804 9.35244 level
524.162 395.225 20.4678 9.35244 need
548.764 395.225 13.8962 9.35244 not
566.883 395.225 10.2389 9.35244 be
581.166 395.225 22.8682 9.35244 taken
608.167 395.225 16.1681 9.35244 into
628.45 395.225 32.374 9.35244 account

444.84 407.465 11.7538 9.35244 for
458.879 407.465 13.6004 9.35244 the
474.72 407.465 23.0225 9.35244 MREL
500.04 407.465 46.8947 9.35244 assessment
549.239 407.465 11.7538 9.35244 for
563.396 407.465 47.5749 9.35244 subsidiaries

444.84 425.705 15.0406 9.35244 The
466.081 425.705 16.0864 9.35244 EBA
488.392 425.705 16.1701 9.35244 also
510.828 425.705 38.4576 9.35244 considers
555.467 425.705 16.7766 9.35244 that
578.502 425.705 13.6004 9.35244 the
598.303 425.705 62.4731 9.35244 recapitalisation

444.84 437.945 31.8939 9.35244 amount
479.277 437.945 11.7558 9.35244 for
493.556 437.945 47.571 9.35244 subsidiaries
543.592 437.945 17.2418 9.35244 may
563.403 437.945 17.8015 9.35244 take
583.684 437.945 32.376 9.35244 account
618.603 437.945 8.3166 9.35244 of
629.402 437.945 13.5994 9.35244 the
645.481 437.945 15.3374 9.35244 fact

444.84 450.067 16.7766 9.35244 that
466.201 450.067 22.4508 9.35244 being
493.203 450.067 4.77084 9.35244 a
502.564 450.067 34.4327 9.35244 member
541.563 450.067 8.3176 9.35244 of
554.402 450.067 4.77084 9.35244 a
563.763 450.067 23.9488 9.35244 group
592.325 450.067 34.855 9.35244 provides
631.688 450.067 29.0145 9.35244 market

444.84 462.308 44.6865 9.35244 confidence
496.329 462.308 41.4117 9.35244 (providing
544.573 462.308 16.7736 9.35244 that
568.2 462.305 13.6004 9.35244 the
588.603 462.305 23.9488 9.35244 group
619.445 462.305 25.0125 9.35244 meets
651.246 462.305 9.53471 9.35244 its

444.84 474.545 52.033 9.35244 consolidated
499.205 474.545 26.0574 9.35244 MREL)

444.84 492.665 15.0386 9.35244 The
463.076 492.665 58.012 9.35244 circumstances
524.27 492.665 24.2317 9.35244 under
551.743 492.665 24.1879 9.35244 which
579.217 492.665 23.0225 9.35244 MREL
605.494 492.665 55.2491 9.35244 requirements

444.84 504.905 17.2318 9.35244 may
465.717 504.905 10.2389 9.35244 be
479.512 504.905 28.7485 9.35244 waived
511.906 504.905 11.7558 9.35244 for
527.261 504.905 39.596 9.35244 individual
570.452 504.905 30.2933 9.35244 entities
604.286 504.905 13.2398 9.35244 are
621.081 504.905 39.5462 9.35244 described

444.84 517.145 7.50884 9.35244 in
454.921 517.145 13.6004 9.35244 the
471 517.145 18.9609 9.35244 level
492.48 517.145 5.04972 9.35244 1
500.039 517.145 15.936 9.35244 text
518.519 517.145 15.3075 9.35244 and
536.396 517.145 13.2398 9.35244 are
552.116 517.145 30.6668 9.35244 beyond
585.353 517.145 13.5994 9.35244 the
601.432 517.145 23.5584 9.35244 scope
627.471 517.145 8.3176 9.35244 of
638.27 517.145 22.4787 9.35244 these

671.64 370.865 14.44 9.35244 See
688.321 370.865 26.4398 9.35244 Article
717.002 370.865 7.52976 9.35244 5,

671.64 383.106 41.831 9.35244 paragraph
715.804 383.106 5.04972 9.35244 4

671.64 437.697 14.44 9.35244 See
688.321 437.697 26.4398 9.35244 Article
717.002 437.697 7.52976 9.35244 2,

671.64 449.938 41.831 9.35244 paragraph
715.804 449.938 10.0895 9.35244 11

85.08 37.8788 11.9675 7.54956 RTS
98.8782 37.8788 10.4737 7.54956 ON
111.119 37.8788 18.4944 7.54956 MREL

759.96 549.463 11.2387 10.3666 47

85.08 98.9828 49.3996 10.3555 Comments

203.87 98.9828 43.6323 10.3555 Summary
250.069 98.9828 9.36854 10.3555 of
261.825 98.9828 45.9198 10.3555 responses
310.173 98.9828 39.0485 10.3555 received

444.829 98.9828 18.3297 10.3555 EBA
465.587 98.9828 36.2079 10.3555 analysis

671.624 92.138 61.6584 10.3555 Amendments
735.712 92.138 9.78034 10.3555 to

671.624 105.695 15.2772 10.3555 the
689.385 105.695 44.4934 10.3555 proposals

203.88 126.665 16.8384 9.35244 One
224.154 126.665 46.8927 9.35244 respondent
274.545 126.665 25.5056 9.35244 added
303.577 126.665 16.7746 9.35244 that
323.851 126.665 20.1999 9.35244 large
347.486 126.665 39.9257 9.35244 exposure,
390.918 126.665 43.1457 9.35244 intragroup

203.88 138.785 26.9996 9.35244 capital
233.877 138.785 15.3075 9.35244 and
252.232 138.785 34.6 9.35244 leverage
289.79 138.785 19.169 9.35244 ratio
311.988 138.785 49.7303 9.35244 benchmarks
364.784 138.785 27.1858 9.35244 should
395.017 138.785 13.8952 9.35244 not
411.934 138.785 22.149 9.35244 apply

203.88 151.026 8.60544 9.35244 to
214.796 151.026 13.6004 9.35244 the
230.633 151.026 43.1517 9.35244 intragroup
276.116 151.026 23.0225 9.35244 MREL

203.88 169.265 16.8384 9.35244 One
225 169.265 47.0102 9.35244 respondent
276.356 169.265 28.388 9.35244 argued
309.116 169.265 16.7756 9.35244 that
330.239 169.265 11.7558 9.35244 for
346.321 169.265 23.4389 9.35244 single
374.043 169.265 21.4538 9.35244 point
399.842 169.265 8.3176 9.35244 of
412.444 169.265 21.5505 9.35244 entry

203.88 181.506 20.657 9.35244 (SPE)
227.396 181.506 20.8144 9.35244 firms
251.155 181.506 17.9489 9.35244 with
272.033 181.506 4.77084 9.35244 a
279.712 181.506 32.123 9.35244 HoldCo,
314.744 181.506 13.7199 9.35244 the
331.318 181.506 23.0235 9.35244 MREL
357.358 181.506 27.1868 9.35244 should
387.473 181.506 10.2389 9.35244 be
400.672 181.506 12.0964 9.35244 set
415.79 181.506 10.5098 9.35244 on
429.228 181.506 4.77084 9.35244 a

203.88 193.628 79.0286 9.35244 group-consolidated
285.717 193.628 22.668 9.35244 basis.
311.154 193.628 22.2546 9.35244 Firms
336.113 193.628 27.1868 9.35244 should
366.108 193.628 10.2389 9.35244 be
379.066 193.628 17.3184 9.35244 able
399.103 193.628 8.60942 9.35244 to
410.502 193.628 23.5594 9.35244 waive

203.88 205.868 13.6004 9.35244 the
221.161 205.868 23.0235 9.35244 MREL
247.915 205.868 11.7558 9.35244 for
263.39 205.868 18.2925 9.35244 subs
285.343 205.868 5.31764 9.35244 if
294.338 205.868 32.5891 9.35244 covered
330.692 205.868 9.79068 9.35244 by
344.126 205.868 13.5984 9.35244 the
361.399 205.868 23.9877 9.35244 group
389.033 205.868 11.7558 9.35244 (or
404.508 205.868 21.0953 9.35244 meet
429.343 205.868 4.77084 9.35244 a

203.88 218.109 23.0375 9.35244 lower
229.202 218.109 28.6699 9.35244 MREL).

203.88 236.345 16.8384 9.35244 One
231.474 236.345 46.8917 9.35244 respondent
289.186 236.345 25.5086 9.35244 stated
325.665 236.345 16.7756 9.35244 that
353.28 236.345 43.1517 9.35244 intragroup
407.279 236.345 26.884 9.35244 capital

203.88 248.465 57.5698 9.35244 requirements,
265.801 248.465 20.2009 9.35244 large
290.283 248.465 37.6 9.35244 exposure
332.166 248.465 19.8543 9.35244 rules
356.289 248.465 15.3085 9.35244 and
375.971 248.465 34.6 9.35244 leverage
414.854 248.465 19.168 9.35244 ratio

203.88 260.706 27.1868 9.35244 should
233.397 260.706 13.8952 9.35244 not
249.597 260.706 22.149 9.35244 apply
273.957 260.706 8.60843 9.35244 to
284.877 260.706 13.6004 9.35244 the
300.721 260.706 23.0215 9.35244 MREL

203.88 278.945 16.8384 9.35244 One
228.357 278.945 47.0122 9.35244 respondent
283.072 278.945 25.5096 9.35244 stated
316.31 278.945 16.8932 9.35244 that
340.92 278.945 21.9977 9.35244 there
370.677 278.945 27.1868 9.35244 should
405.593 278.945 10.2389 9.35244 be
423.471 278.945 10.5277 9.35244 no

203.88 291.065 52.0271 9.35244 consolidated
260.16 291.065 51.3338 9.35244 requirement
315.72 291.065 11.8763 9.35244 for
331.803 291.065 4.77084 9.35244 a
340.806 291.065 23.9438 9.35244 group
369.007 291.065 17.9489 9.35244 with
391.211 291.065 4.77084 9.35244 a
400.334 291.065 33.6409 9.35244 multiple

203.89 303.306 21.4568 9.35244 point
232.209 303.306 8.3176 9.35244 of
247.331 303.306 21.5475 9.35244 entry
275.769 303.306 24.6181 9.35244 (MPE)
307.212 303.306 41.345 9.35244 resolution
355.451 303.306 32.9447 9.35244 strategy
395.28 303.305 11.7558 9.35244 for
413.882 303.305 20.1889 9.35244 TLAC

203.88 315.545 47.1108 9.35244 consistency

203.88 333.785 16.8384 9.35244 One
224.881 333.785 47.0122 9.35244 respondent
276.12 333.785 25.5096 9.35244 stated
305.882 333.785 16.7756 9.35244 that
327.004 333.785 5.61744 9.35244 it
336.847 333.785 6.1742 9.35244 is
347.17 333.785 10.5078 9.35244 up
361.93 333.785 8.60942 9.35244 to
374.774 333.785 13.7199 9.35244 the
392.657 333.785 41.3499 9.35244 resolution

203.88 345.907 37.6249 9.35244 authority
244.676 345.907 8.60843 9.35244 to
256.432 345.907 17.682 9.35244 take
277.192 345.907 16.1691 9.35244 into
296.508 345.907 32.376 9.35244 account
332.024 345.907 13.5994 9.35244 the
348.701 345.907 23.9478 9.35244 group
375.817 345.907 26.4976 9.35244 aspect
405.455 345.907 11.7538 9.35244 for
420.331 345.907 13.7199 9.35244 the

203.88 358.148 33.3969 9.35244 purpose
240.355 358.148 8.3176 9.35244 of
251.752 358.148 13.5994 9.35244 the
268.441 358.148 25.5484 9.35244 MREL.
297.117 358.148 27.6539 9.35244 Others
327.954 358.148 28.39 9.35244 argued
359.513 358.148 16.7766 9.35244 that
379.431 358.148 5.61644 9.35244 it
388.188 358.148 6.1742 9.35244 is
397.426 358.148 13.8972 9.35244 not
414.464 358.148 19.679 9.35244 clear

203.88 370.388 17.681 9.35244 how
225.364 370.388 4.77084 9.35244 a
233.999 370.388 23.9508 9.35244 group
261.84 370.388 23.0215 9.35244 MREL
288.723 370.388 13.9211 9.35244 will
306.483 370.388 10.2409 9.35244 be
320.528 370.388 14.6103 9.35244 set,
339.012 370.388 13.8962 9.35244 but
356.756 370.388 5.61644 9.35244 it
366.238 370.388 17.2318 9.35244 may
387.24 370.388 20.3483 9.35244 need
411.477 370.388 8.60942 9.35244 to
423.957 370.388 10.2389 9.35244 be

203.88 382.629 32.4726 9.35244 clarified
238.684 382.629 7.50884 9.35244 in
248.525 382.629 13.6004 9.35244 the
264.366 382.629 17.3922 9.35244 RTS.

444.84 126.665 36.598 9.35244 technical
483.719 126.665 42.4665 9.35244 standards.

85.08 407.225 7.54968 9.35244 7.
103.08 407.225 11.3693 9.35244 Do
122.397 407.225 15.0685 9.35244 you
145.435 407.225 22.8403 9.35244 agree
176.274 407.225 16.7776 9.35244 that

103.08 419.465 21.9977 9.35244 there
129.002 419.465 27.1858 9.35244 should
160.202 419.465 10.2389 9.35244 be
174.364 419.465 4.77084 9.35244 a
183.128 419.455 9.92016 9.05364 de

103.08 431.696 31.7146 9.05364 minimis
148.438 431.706 44.5869 9.35244 derogation

103.08 443.945 19.7168 9.35244 from
131.643 443.945 14.934 9.35244 this
155.407 443.945 37.5064 9.35244 provision

103.08 456.065 11.7558 9.35244 for
117.599 456.065 36.5492 9.35244 excluded
156.958 456.065 36.0552 9.35244 liabilities

103.08 468.305 24.0723 9.35244 which
138 468.305 32.3829 9.35244 account
181.202 468.305 11.7558 9.35244 for

103.08 480.545 15.0545 9.35244 less
124.564 480.545 18.669 9.35244 than
149.767 480.545 17.2019 9.35244 10%
173.414 480.545 8.3176 9.35244 of
188.175 480.545 4.77084 9.35244 a

103.08 492.665 21.5505 9.35244 given

150.478 492.665 42.4356 9.35244 insolvency

103.08 504.905 23.6948 9.35244 class?

203.88 407.225 23.4399 9.35244 There
229.679 407.225 15.7756 9.35244 was
247.801 407.225 31.7764 9.35244 support
281.882 407.225 11.7538 9.35244 for
295.92 407.225 13.6004 9.35244 the
311.762 407.225 38.9496 9.35244 threshold
353.043 407.225 17.8503 9.35244 and,
373.204 407.225 19.7158 9.35244 from
395.161 407.225 22.1182 9.35244 some

203.88 419.466 53.2432 9.35244 respondents,
259.434 419.466 11.7558 9.35244 for
273.475 419.466 4.77084 9.35244 a
280.555 419.466 28.7934 9.35244 further
311.633 419.466 33.9985 9.35244 increase

203.88 437.703 22.7178 9.35244 Some
228.839 437.703 50.9344 9.35244 respondents
281.999 437.703 28.5095 9.35244 argued
312.84 437.703 16.7766 9.35244 that
331.921 437.703 13.6004 9.35244 the
347.762 437.703 28.0543 9.35244 Impact
378.121 437.703 47.8548 9.35244 Assessment

203.88 449.944 30.4537 9.35244 doesn’t
236.637 449.944 30.9975 9.35244 provide
269.876 449.944 30.6668 9.35244 enough
302.873 449.944 47.8279 9.35244 justification
353.032 449.944 11.7558 9.35244 for
367.073 449.944 13.5994 9.35244 the
382.913 449.934 9.92016 9.05364 de
395.154 449.934 31.7097 9.05364 minimis

203.88 462.065 47.1277 9.35244 derogation,
253.318 462.065 8.75484 9.35244 or
264.358 462.065 23.3522 9.35244 asked
290.042 462.065 11.7548 9.35244 for
304.082 462.065 28.7954 9.35244 further
335.162 462.065 47.7084 9.35244 justification
385.202 462.065 8.3166 9.35244 of
395.761 462.065 13.5994 9.35244 the
411.602 462.065 17.2009 9.35244 10%

203.88 474.306 21.4698 9.35244 level.

203.88 492.543 22.7198 9.35244 Some
228.841 492.543 50.9285 9.35244 respondents
281.996 492.543 38.7066 9.35244 proposed
323.033 492.543 4.77084 9.35244 a
330.115 492.543 27.2366 9.35244 NCWO
359.639 492.543 31.7346 9.35244 analysis
393.601 492.543 27.1858 9.35244 should

203.88 504.664 12.0964 9.35244 set
218.281 504.664 13.5984 9.35244 the
234.121 504.664 20.7497 9.35244 limit.
257.161 504.664 22.8403 9.35244 Some
282.242 504.664 50.9275 9.35244 respondents
335.397 504.664 27.6938 9.35244 sought
365.395 504.664 47.5879 9.35244 clarification
415.314 504.664 16.7756 9.35244 that

203.88 516.905 13.6004 9.35244 the
219.716 516.895 9.92016 9.05364 de
231.957 516.895 31.7097 9.05364 minimis
265.921 516.905 27.1868 9.35244 should
295.438 516.905 13.8952 9.35244 not
311.638 516.905 23.2526 9.35244 affect
337.195 516.905 29.7505 9.35244 NCWO.

444.832 407.225 15.0406 9.35244 The
462.114 407.225 16.0864 9.35244 EBA
480.471 407.225 22.8542 9.35244 notes
505.552 407.225 19.2905 9.35244 that,
527.154 407.225 25.7207 9.35244 where
555.115 407.225 36.5522 9.35244 excluded
593.999 407.225 35.9347 9.35244 liabilities

444.832 419.466 28.629 9.35244 exceed
475.792 419.466 13.5984 9.35244 the
491.63 419.466 38.586 9.35244 proposed
532.547 419.466 41.6069 9.35244 threshold,
576.465 419.466 41.2274 9.35244 resolution

444.832 431.707 44.2114 9.35244 authorities
491.271 431.707 13.2398 9.35244 are
506.752 431.707 17.3503 9.35244 only
526.433 431.707 34.865 9.35244 required
563.628 431.707 8.60843 9.35244 to
574.548 431.707 25.3741 9.35244 assess
602.15 431.707 34.3132 9.35244 whether

444.832 443.948 21.9996 9.35244 there
469.073 443.948 6.1742 9.35244 is
477.473 443.948 4.77084 9.35244 a
484.555 443.948 14.2518 9.35244 risk
501.117 443.948 8.3166 9.35244 of
511.677 443.948 4.77084 9.35244 a
518.758 443.948 27.9079 9.35244 breach
548.999 443.948 8.3166 9.35244 of
559.559 443.948 13.7199 9.35244 the
575.519 443.948 11.7289 9.35244 No
589.559 443.948 33.354 9.35244 Creditor
625.197 443.948 26.5583 9.35244 Worse

444.832 456.069 12.6353 9.35244 Off
459.709 456.069 42.827 9.35244 safeguard.
504.826 456.069 23.4399 9.35244 There
530.507 456.069 6.29372 9.35244 is
539.028 456.069 10.5287 9.35244 no
551.868 456.069 41.2912 9.35244 automatic
595.428 456.069 27.8143 9.35244 impact
625.546 456.069 10.5088 9.35244 on
638.386 456.069 13.6004 9.35244 the

444.832 468.31 18.9609 9.35244 level
466.073 468.31 8.31859 9.35244 of
476.635 468.31 13.6004 9.35244 the
492.476 468.31 25.5484 9.35244 MREL.
520.315 468.31 50.0121 9.35244 Accordingly,
572.638 468.31 13.6004 9.35244 the
588.479 468.31 16.0874 9.35244 EBA
606.838 468.31 38.4585 9.35244 considers

444.832 480.551 16.7766 9.35244 that
463.913 480.551 4.77084 9.35244 a
470.994 480.551 51.3966 9.35244 conservative
524.632 480.551 19.0824 9.35244 level
545.994 480.551 8.3176 9.35244 of
556.556 480.551 14.934 9.35244 this
573.711 480.551 38.9446 9.35244 threshold
614.987 480.551 6.1742 9.35244 is

444.832 492.672 50.7492 9.35244 appropriate.

444.84 510.905 15.0386 9.35244 The
462.12 510.905 39.0671 9.35244 threshold
503.517 510.905 19.3732 9.35244 does
525.117 510.905 13.8952 9.35244 not
541.316 510.905 23.3771 9.35244 affect
566.996 510.905 13.5994 9.35244 the
582.836 510.905 44.0909 9.35244 safeguards
629.154 510.905 11.7558 9.35244 for

444.84 523.145 36.1717 9.35244 creditors
483.239 523.145 15.3075 9.35244 and
500.877 523.145 52.8517 9.35244 shareholders
555.955 523.145 36.3052 9.35244 provided
594.591 523.145 9.79068 9.35244 by
606.712 523.145 13.5994 9.35244 the
622.552 523.145 18.9609 9.35244 level
643.793 523.145 5.04972 9.35244 1

671.64 407.225 22.0026 9.35244 None

85.08 37.8788 11.9675 7.54956 RTS
98.8782 37.8788 10.4737 7.54956 ON
111.119 37.8788 18.4944 7.54956 MREL

759.96 549.463 11.2387 10.3666 48

85.08 98.9828 49.3996 10.3555 Comments

203.87 98.9828 43.6323 10.3555 Summary
250.069 98.9828 9.36854 10.3555 of
261.825 98.9828 45.9198 10.3555 responses
310.173 98.9828 39.0485 10.3555 received

444.829 98.9828 18.3297 10.3555 EBA
465.587 98.9828 36.2079 10.3555 analysis

671.624 92.138 61.6584 10.3555 Amendments
735.712 92.138 9.78034 10.3555 to

671.624 105.695 15.2772 10.3555 the
689.385 105.695 44.4934 10.3555 proposals

444.84 126.665 18.4728 9.35244 text.

85.08 151.385 7.54968 9.35244 8.
103.08 151.385 11.3693 9.35244 Do
122.397 151.385 15.0685 9.35244 you
145.435 151.385 22.8403 9.35244 agree
176.274 151.385 16.7776 9.35244 that

103.08 163.505 41.2294 9.35244 resolution
148.803 163.505 44.2154 9.35244 authorities

103.08 175.746 27.1868 9.35244 should
132.956 175.746 18.2109 9.35244 seek
153.835 175.746 8.60942 9.35244 to
165.115 175.746 27.878 9.35244 ensure

103.08 187.985 16.7736 9.35244 that

157.911 187.985 35.0492 9.35244 systemic

103.08 200.225 45.7702 9.35244 institutions

173.516 200.225 19.4788 9.35244 have

103.08 212.345 37.5323 9.35244 sufficient
150.955 212.345 23.0235 9.35244 MREL
184.313 212.345 8.60942 9.35244 to

103.08 224.585 22.2377 9.35244 make
132.001 224.585 5.61644 9.35244 it
144.364 224.585 33.2793 9.35244 possible
184.327 224.585 8.60843 9.35244 to

103.08 236.825 25.9807 9.35244 access

151.565 236.825 41.3499 9.35244 resolution

103.08 248.945 22.7307 9.35244 funds
135.478 248.945 11.7558 9.35244 for
156.959 248.945 13.5984 9.35244 the
180.237 248.945 12.8404 9.35244 full

103.08 261.185 23.2018 9.35244 range
136.918 261.185 8.31859 9.35244 of
155.876 261.185 37.094 9.35244 financing

103.08 273.425 37.2514 9.35244 purposes
144.836 273.425 36.0681 9.35244 specified
185.396 273.425 7.50884 9.35244 in

103.08 285.665 13.6004 9.35244 the
118.921 285.665 27.0484 9.35244 BRRD?

203.88 151.385 23.1102 9.35244 Many
229.321 151.385 50.8099 9.35244 respondents
282.357 151.385 28.149 9.35244 agreed
312.836 151.385 18.0694 9.35244 with
333.236 151.385 13.5994 9.35244 the
349.076 151.385 20.3503 9.35244 need
371.758 151.385 8.60942 9.35244 to
382.679 151.385 27.7605 9.35244 ensure

203.88 163.507 37.5402 9.35244 sufficient
243.725 163.507 23.0215 9.35244 MREL
269.044 163.507 7.50884 9.35244 in
278.885 163.507 35.1727 9.35244 systemic
316.328 163.507 48.3309 9.35244 institutions,
366.97 163.507 46.0361 9.35244 particularly

203.88 175.748 19.7178 9.35244 from
225.841 175.748 13.5984 9.35244 the
241.679 175.748 44.332 9.35244 authorities
288.238 175.748 15.3075 9.35244 and
305.876 175.748 33.1887 9.35244 industry
341.396 175.748 21.8781 9.35244 trade
365.515 175.748 29.387 9.35244 bodies.

203.88 193.984 23.4399 9.35244 There
229.679 193.984 15.7756 9.35244 was
247.682 193.984 32.7086 9.35244 concern
282.722 193.984 19.8363 9.35244 from
304.8 193.984 22.1192 9.35244 some
329.16 193.984 50.8149 9.35244 respondents
382.201 193.984 23.9767 9.35244 about
408.478 193.984 21.3074 9.35244 ‘hard

203.88 206.225 27.5713 9.35244 wiring’
233.76 206.225 13.6004 9.35244 the
249.601 206.225 12.1622 9.35244 8%
264.005 206.225 53.8687 9.35244 requirement.
320.163 206.225 7.8694 9.35244 In
330.364 206.225 36.093 9.35244 contrast,
368.768 206.225 13.6004 9.35244 the
384.609 206.225 16.0874 9.35244 EBA
402.97 206.225 16.2428 9.35244 BSG

203.89 218.346 48.4255 9.35244 emphasised
254.646 218.346 16.7756 9.35244 that
273.726 218.346 14.8125 9.35244 this
290.766 218.346 62.2948 9.35244 burden-sharing
355.331 218.346 51.2133 9.35244 requirement
408.848 218.346 6.1752 9.35244 is
417.249 218.346 4.77084 9.35244 a

203.89 230.587 28.3203 9.35244 central
234.491 230.587 20.3961 9.35244 pillar
257.171 230.587 8.3176 9.35244 of
267.73 230.587 13.5994 9.35244 the
283.57 230.587 22.4459 9.35244 BRRD
308.291 230.587 44.7284 9.35244 framework
355.328 230.587 16.7766 9.35244 that
374.409 230.587 30.5493 9.35244 needed
407.29 230.587 8.60843 9.35244 to
418.21 230.587 10.2399 9.35244 be

203.89 242.828 36.4267 9.35244 reflected
242.648 242.828 7.50884 9.35244 in
252.49 242.828 13.5994 9.35244 the
268.331 242.828 25.5295 9.35244 MREL,
296.171 242.828 13.8952 9.35244 not
312.37 242.828 17.3503 9.35244 only
332.051 242.828 11.7558 9.35244 for
346.092 242.828 35.0552 9.35244 systemic
383.415 242.828 23.8124 9.35244 banks

203.89 260.945 22.7198 9.35244 Some
228.851 260.945 50.9285 9.35244 respondents
282.006 260.945 24.0673 9.35244 noted
308.404 260.945 16.7746 9.35244 that
327.484 260.945 13.8952 9.35244 not
343.684 260.945 36.855 9.35244 including
382.809 260.945 24.0544 9.35244 losses

203.89 273.186 26.9189 9.35244 before
233.05 273.186 41.3469 9.35244 resolution
276.727 273.186 7.50884 9.35244 in
286.567 273.186 13.5994 9.35244 the
302.406 273.186 12.1622 9.35244 8%
316.807 273.186 39.0681 9.35244 threshold
358.206 273.186 17.2318 9.35244 may
377.769 273.186 12.3365 9.35244 act
392.41 273.186 8.69408 9.35244 as
403.33 273.186 10.0287 9.35244 an

203.89 285.427 34.36 9.35244 ‘adverse
240.491 285.427 39.5701 9.35244 incentive’
282.375 285.427 11.7538 9.35244 for
296.413 285.427 13.6004 9.35244 the
312.255 285.427 41.4615 9.35244 resolution
356.048 285.427 37.6309 9.35244 authority
395.888 285.427 8.60544 9.35244 to

203.89 297.668 41.5113 9.35244 intervene.

444.852 151.385 15.0386 9.35244 The
462.132 151.385 22.4947 9.35244 EBA’s
486.972 151.385 18.8812 9.35244 view
508.092 151.385 6.29472 9.35244 is
516.613 151.385 16.7756 9.35244 that
535.693 151.385 41.3469 9.35244 resolution
579.371 151.385 44.2104 9.35244 authorities
625.808 151.385 27.1868 9.35244 should

444.852 163.507 34.5542 9.35244 consider
481.69 163.507 13.5994 9.35244 the
497.531 163.507 62.2878 9.35244 burden-sharing
562.088 163.507 56.0897 9.35244 preconditions
620.404 163.507 11.7558 9.35244 for
634.445 163.507 14.198 9.35244 use
650.884 163.507 8.3176 9.35244 of

444.852 175.748 13.5984 9.35244 the
460.691 175.748 41.2284 9.35244 resolution
504.25 175.748 18.7866 9.35244 fund
525.367 175.748 46.2662 9.35244 established
573.964 175.748 9.79068 9.35244 by
586.085 175.748 13.5984 9.35244 the
601.924 175.748 18.8403 9.35244 level
623.045 175.748 5.04972 9.35244 1
630.366 175.748 15.936 9.35244 text

444.852 187.988 22.5116 9.35244 when
469.695 187.988 27.8511 9.35244 setting
499.817 187.988 13.6004 9.35244 the
515.648 187.988 25.5494 9.35244 MREL.
543.486 187.988 15.0406 9.35244 The
560.767 187.988 16.2069 9.35244 EBA
579.245 187.988 22.7347 9.35244 notes
604.206 187.988 16.7766 9.35244 that
623.288 187.988 26.3203 9.35244 Article
651.968 187.988 5.04972 9.35244 6

444.842 200.229 8.3176 9.35244 of
455.401 200.229 13.6004 9.35244 the
471.242 200.229 19.8941 9.35244 draft
493.447 200.229 40.0113 9.35244 standards
535.684 200.229 31.2545 9.35244 clarifies
569.285 200.229 16.7746 9.35244 that
588.364 200.229 14.8135 9.35244 this
605.403 200.229 6.1742 9.35244 is
613.805 200.229 10.0287 9.35244 an

444.842 212.351 46.8947 9.35244 assessment
494.041 212.351 9.79068 9.35244 by
506.162 212.351 13.5984 9.35244 the
522.001 212.351 41.2274 9.35244 resolution
565.559 212.351 40.1697 9.35244 authority,
608.04 212.351 25.1938 9.35244 rather
635.519 212.351 18.668 9.35244 than

444.842 224.591 10.0287 9.35244 an
457.203 224.591 35.0791 9.35244 absolute
494.523 224.591 17.9907 9.35244 test.
514.804 224.591 22.8373 9.35244 Some
539.883 224.591 51.6526 9.35244 clarifications
593.761 224.591 8.60942 9.35244 to
604.682 224.591 13.5994 9.35244 the
620.523 224.591 15.938 9.35244 text
638.764 224.591 8.31859 9.35244 of

444.842 236.832 14.8125 9.35244 this
461.881 236.832 25.3602 9.35244 article
489.481 236.832 19.5983 9.35244 have
511.32 236.832 20.3483 9.35244 been
533.999 236.832 44.5859 9.35244 introduced

671.641 151.395 14.44 9.35244 See
688.322 151.395 26.4398 9.35244 Article
717.003 151.395 5.04972 9.35244 6

85.08 322.385 7.54968 9.35244 9.
103.08 322.385 6.41424 9.35244 Is
116.044 322.385 14.8145 9.35244 this
137.408 322.385 18.2168 9.35244 limit
162.252 322.385 10.5098 9.35244 on
179.416 322.385 13.5994 9.35244 the

103.08 334.505 39.1876 9.35244 transition

166.56 334.505 26.4677 9.35244 period

103.08 346.745 52.8507 9.35244 appropriate?

203.88 325.385 23.4399 9.35244 There
229.68 325.385 15.7756 9.35244 was
247.803 325.385 22.1152 9.35244 some
272.159 325.385 31.7734 9.35244 support
306.237 325.385 11.7558 9.35244 for
320.278 325.385 4.77084 9.35244 a
327.479 325.385 25.9149 9.35244 longer
355.678 325.385 39.1886 9.35244 transition
397.198 325.385 26.4677 9.35244 period
425.996 325.385 8.04967 9.35244 (6

203.88 337.626 21.654 9.35244 years
227.761 337.626 44.0471 9.35244 suggested)

444.842 322.387 15.0386 9.35244 The
462.122 322.387 16.0874 9.35244 EBA
480.483 322.387 38.5731 9.35244 considers
521.282 322.387 16.7756 9.35244 that
540.362 322.387 10.5277 9.35244 no
553.201 322.387 26.0494 9.35244 strong
581.52 322.387 36.3978 9.35244 evidence
620.159 322.387 16.7746 9.35244 that
639.238 322.387 13.5994 9.35244 the

444.842 334.509 38.587 9.35244 proposed
485.76 334.509 39.1876 9.35244 transition
527.278 334.509 26.4677 9.35244 period
556.077 334.509 6.1742 9.35244 is
564.478 334.509 55.9553 9.35244 inappropriate
622.674 334.509 13.9729 9.35244 has
638.874 334.509 20.3473 9.35244 been

444.842 346.75 38.7504 9.35244 provided.
485.883 346.75 15.0396 9.35244 The
503.164 346.75 16.0874 9.35244 EBA
521.642 346.75 13.9211 9.35244 will
537.843 346.75 34.8002 9.35244 consider
574.928 346.75 14.8145 9.35244 this
591.968 346.75 20.3204 9.35244 issue
614.529 346.75 21.7895 9.35244 again
638.651 346.75 8.69408 9.35244 as

444.842 358.99 16.8971 9.35244 part
464.044 358.99 8.3166 9.35244 of
474.604 358.99 9.53471 9.35244 its
486.365 358.99 25.7755 9.35244 report
514.444 358.99 10.5078 9.35244 on
527.284 358.99 13.5994 9.35244 the
543.118 358.99 23.0215 9.35244 MREL
568.437 358.99 7.50884 9.35244 in
578.278 358.99 22.669 9.35244 2016.

671.631 322.387 22.0026 9.35244 None

85.08 383.705 12.5894 9.35244 10.
103.078 383.705 27.9069 9.35244 Should
134.63 383.705 13.5994 9.35244 the
151.785 383.705 41.2274 9.35244 resolution

103.08 395.825 37.6309 9.35244 authority
147.119 395.825 16.1701 9.35244 also
169.684 395.825 12.0954 9.35244 set
188.167 395.825 4.77084 9.35244 a

103.08 408.065 46.32 9.35244 transitional
152.038 408.065 26.4677 9.35244 period
181.196 408.065 11.7548 9.35244 for

103.08 420.305 13.6004 9.35244 the
123.721 420.305 23.0225 9.35244 MREL
153.842 420.305 8.3166 9.35244 of
169.201 420.305 23.8173 9.35244 banks

103.08 432.425 24.0663 9.35244 which
130.314 432.425 13.2398 9.35244 are
146.631 432.425 46.4455 9.35244 undergoing

103.08 444.666 8.75584 9.35244 or
116.043 444.666 19.4788 9.35244 have
139.685 444.666 44.4355 9.35244 undergone
188.284 444.666 4.77084 9.35244 a

103.08 456.907 41.2294 9.35244 resolution
146.642 456.907 35.6946 9.35244 process?

203.88 408.065 23.4399 9.35244 There
231.244 408.065 15.8962 9.35244 was
251.046 408.065 25.9199 9.35244 strong
280.794 408.065 31.7724 9.35244 support
316.434 408.065 11.8753 9.35244 for
332.158 408.065 4.77084 9.35244 a
340.8 408.065 39.1876 9.35244 transition
383.882 408.065 26.4677 9.35244 period
414.239 408.065 19.676 9.35244 after

203.88 420.306 41.2284 9.35244 resolution
249.602 420.306 27.3561 9.35244 (either
281.525 420.306 5.04972 9.35244 2
291.008 420.306 21.7746 9.35244 years
317.171 420.306 8.75683 9.35244 or
330.494 420.306 5.04972 9.35244 4
339.975 420.306 21.7746 9.35244 years
366.255 420.306 20.3752 9.35244 most
391.213 420.306 42.7772 9.35244 commonly

203.88 432.428 43.9326 9.35244 suggested)

444.842 383.703 15.0386 9.35244 The
462.122 383.703 16.0874 9.35244 EBA
480.483 383.703 26.9338 9.35244 agrees
509.643 383.703 16.7756 9.35244 that
528.723 383.703 14.8125 9.35244 this
545.762 383.703 6.1742 9.35244 is
554.162 383.703 40.0302 9.35244 necessary
596.523 383.703 8.60942 9.35244 to
607.444 383.703 27.5175 9.35244 enable
637.203 383.703 13.6004 9.35244 the

444.842 395.825 23.0215 9.35244 MREL
470.162 395.825 8.60942 9.35244 to
481.083 395.825 10.2399 9.35244 be
493.564 395.825 26.8571 9.35244 rebuilt
522.725 395.825 37.4516 9.35244 following
562.447 395.825 4.77084 9.35244 a
569.647 395.825 41.2294 9.35244 resolution

671.641 383.703 14.44 9.35244 See
688.322 383.703 26.4398 9.35244 Article
717.003 383.703 7.52976 9.35244 8,

671.641 395.825 41.831 9.35244 paragraph
715.805 395.825 5.04972 9.35244 1

85.08 481.625 12.5894 9.35244 11.
103.08 481.625 31.4109 9.35244 Overall,

150.965 481.625 10.5287 9.35244 do

177.967 481.625 15.0675 9.35244 you

103.08 493.865 34.5542 9.35244 consider
150.117 493.865 16.7756 9.35244 that
179.397 493.865 13.5984 9.35244 the

103.08 505.985 19.8961 9.35244 draft
129.36 505.985 14.7717 9.35244 RTS
150.6 505.985 22.4757 9.35244 strike
179.4 505.985 13.5964 9.35244 the

103.08 518.225 48.2791 9.35244 appropriate
161.518 518.225 31.6011 9.35244 balance

203.88 481.625 14.44 9.35244 See
220.561 481.625 24.8801 9.35244 above

444.842 481.625 14.44 9.35244 See
461.523 481.625 24.8801 9.35244 above

671.641 481.625 14.44 9.35244 See
688.322 481.625 24.8801 9.35244 above

85.08 37.8788 11.9675 7.54956 RTS
98.8782 37.8788 10.4737 7.54956 ON
111.119 37.8788 18.4944 7.54956 MREL

759.96 549.463 11.2387 10.3666 49

85.08 98.9828 49.3996 10.3555 Comments

203.87 98.9828 43.6323 10.3555 Summary
250.069 98.9828 9.36854 10.3555 of
261.825 98.9828 45.9198 10.3555 responses
310.173 98.9828 39.0485 10.3555 received

444.829 98.9828 18.3297 10.3555 EBA
465.587 98.9828 36.2079 10.3555 analysis

671.624 92.138 61.6584 10.3555 Amendments
735.712 92.138 9.78034 10.3555 to

671.624 105.695 15.2772 10.3555 the
689.385 105.695 44.4934 10.3555 proposals

103.08 126.665 35.8301 9.35244 between
142.8 126.665 13.6004 9.35244 the
160.201 126.665 20.3493 9.35244 need
184.44 126.665 8.60942 9.35244 to

103.08 138.785 23.4966 9.35244 adapt
133.678 138.785 13.5964 9.35244 the
154.315 138.785 23.0225 9.35244 MREL
184.439 138.785 8.60544 9.35244 to

103.08 151.025 13.5974 9.35244 the
121.795 151.025 57.7809 9.35244 circumstances
184.681 151.025 8.31859 9.35244 of

103.07 163.266 39.4814 9.35244 individual
147.232 163.266 45.7752 9.35244 institutions

103.08 175.505 15.3075 9.35244 and

150.24 175.505 42.8489 9.35244 promoting

103.08 187.625 47.1098 9.35244 consistency
161.036 187.625 7.50884 9.35244 in
179.392 187.625 13.5984 9.35244 the

103.08 199.865 27.7296 9.35244 setting
138.358 199.865 8.43811 9.35244 of
154.318 199.865 38.6747 9.35244 adequate

103.08 212.105 22.8552 9.35244 levels
129.237 212.105 8.43712 9.35244 of
140.993 212.105 23.0215 9.35244 MREL
167.388 212.105 25.6181 9.35244 across

103.08 224.346 41.2294 9.35244 resolution

103.08 236.468 48.7721 9.35244 authorities?

85.08 261.185 12.5894 9.35244 12.
103.08 261.185 14.2 9.35244 Are
123.724 261.185 21.9987 9.35244 there
152.167 261.185 40.9167 9.35244 additional

103.08 273.425 26.6111 9.35244 issues,
134.88 273.425 13.8972 9.35244 not
153.96 273.425 38.9466 9.35244 identified

103.08 285.666 7.50884 9.35244 in
114.6 285.666 14.8155 9.35244 this
133.325 285.666 31.6539 9.35244 section,
168.972 285.666 24.0723 9.35244 which

103.08 297.788 27.1868 9.35244 should
134.161 297.788 10.2389 9.35244 be
148.204 297.788 44.7094 9.35244 considered

103.08 310.025 7.50884 9.35244 in
118.439 310.025 13.6004 9.35244 the
139.799 310.025 17.6412 9.35244 final
165.237 310.025 27.8193 9.35244 impact

103.08 322.265 51.531 9.35244 assessment?

203.88 310.025 23.4389 9.35244 There
230.158 310.025 15.7746 9.35244 was
248.637 310.025 47.3469 9.35244 widespread
298.793 310.025 31.7724 9.35244 support
333.347 310.025 11.7568 9.35244 for
347.866 310.025 4.77084 9.35244 a
355.425 310.025 26.4936 9.35244 robust
384.702 310.025 49.3568 9.35244 quantitative

203.88 322.266 27.8153 9.35244 impact
234.956 322.266 46.8947 9.35244 assessment
285.111 322.266 24.0683 9.35244 which
312.466 322.266 27.3083 9.35244 should
343.061 322.266 29.5563 9.35244 include
375.815 322.266 27.8153 9.35244 impact
406.891 322.266 10.5098 9.35244 on
420.687 322.266 13.4789 9.35244 the

203.88 334.507 18.8403 9.35244 local
225.001 334.507 33.0533 9.35244 markets
260.281 334.507 15.3075 9.35244 and
277.92 334.507 31.0862 9.35244 funding
311.276 334.507 47.7472 9.35244 differences.

444.842 261.182 15.0386 9.35244 The
462.122 261.182 16.0874 9.35244 EBA
480.483 261.182 16.4081 9.35244 has,
499.203 261.182 37.5691 9.35244 following
539.042 261.182 13.5994 9.35244 the
554.881 261.182 50.5848 9.35244 consultation
607.797 261.182 29.0065 9.35244 period,

444.842 273.422 36.6687 9.35244 gathered
483.846 273.422 40.9207 9.35244 additional
527.046 273.422 18.2119 9.35244 data
547.569 273.422 19.7168 9.35244 from
569.529 273.422 4.77084 9.35244 a
576.61 273.422 29.0812 9.35244 sample
607.932 273.422 8.3166 9.35244 of
618.492 273.422 23.8164 9.35244 banks
644.534 273.422 8.60843 9.35244 to

444.842 285.663 47.0132 9.35244 cross-check
494.164 285.663 13.6004 9.35244 the
510.006 285.663 47.2224 9.35244 conclusions
559.454 285.663 8.3176 9.35244 of
570.015 285.663 13.6004 9.35244 the
585.856 285.663 27.8203 9.35244 impact

444.832 297.785 46.8947 9.35244 assessment
494.031 297.785 24.0683 9.35244 based
520.43 297.785 10.5088 9.35244 on
533.269 297.785 24.6092 9.35244 public
560.146 297.785 20.7487 9.35244 data.
583.186 297.785 23.9189 9.35244 These
609.346 297.785 27.1729 9.35244 results
638.745 297.785 13.2408 9.35244 are

444.832 310.025 30.9089 9.35244 broadly
478.072 310.025 41.6139 9.35244 consistent
521.99 310.025 17.9489 9.35244 with
542.27 310.025 13.5994 9.35244 the
558.109 310.025 27.9348 9.35244 impact
588.349 310.025 46.8947 9.35244 assessment

444.832 322.266 24.0673 9.35244 based
471.23 322.266 10.5088 9.35244 on
484.07 322.266 24.6092 9.35244 public
510.947 322.266 18.2099 9.35244 data
531.466 322.266 15.3075 9.35244 and
548.986 322.266 13.2398 9.35244 are
564.467 322.266 49.7472 9.35244 summarised
616.545 322.266 7.50884 9.35244 in
626.384 322.266 13.5994 9.35244 the

444.832 334.507 27.8143 9.35244 impact
474.951 334.507 46.8957 9.35244 assessment
524.151 334.507 31.7903 9.35244 section.

444.832 352.624 15.0396 9.35244 The
462.113 352.624 16.0864 9.35244 EBA
480.473 352.624 31.0144 9.35244 expects
513.714 352.624 8.60843 9.35244 to
524.634 352.624 29.4647 9.35244 publish
556.429 352.624 21.7596 9.35244 more
580.43 352.624 33.0672 9.35244 detailed
615.828 352.624 31.8551 9.35244 analysis
649.91 352.624 8.3176 9.35244 of

444.832 364.865 22.3582 9.35244 these
469.431 364.865 20.7288 9.35244 data,
492.47 364.865 36.846 9.35244 including
531.586 364.865 28.7944 9.35244 further
562.665 364.865 49.8508 9.35244 breakdowns
614.742 364.865 9.79068 9.35244 by

444.832 377.106 34.7345 9.35244 business
481.793 377.106 28.1679 9.35244 model,
512.271 377.106 8.13632 9.35244 at
522.712 377.106 4.77084 9.35244 a
529.792 377.106 25.3582 9.35244 future
557.391 377.106 20.9708 9.35244 date,
580.673 377.106 8.69408 9.35244 as
591.593 377.106 16.682 9.35244 well
610.555 377.106 8.69508 9.35244 as
621.476 377.106 8.60843 9.35244 to

444.832 389.227 34.5542 9.35244 consider
481.67 389.227 22.4797 9.35244 these
506.39 389.227 24.2934 9.35244 issues
532.911 389.227 28.7934 9.35244 further
563.989 389.227 7.62936 9.35244 in
573.949 389.227 9.53371 9.35244 its
585.71 389.227 25.7755 9.35244 report
613.789 389.227 10.5088 9.35244 on
626.628 389.227 13.6004 9.35244 the

444.832 401.468 23.0215 9.35244 MREL
470.152 401.468 7.50884 9.35244 in
479.993 401.468 22.669 9.35244 2016.

85.08 37.8787 11.9675 7.54956 RTS
98.8782 37.8787 10.4737 7.54956 ON
111.119 37.8787 18.4944 7.54956 MREL

512.88 796.543 11.2387 10.3666 50
