594.96 842.04
85.08 134.863 11.2376 10.3666 26
98.88 134.863 20.4958 10.3666 June
121.794 134.863 22.2776 10.3666 2014

85.08 157.303 75.5611 10.3666 EBA/CP/2014/10

85.08 349.183 136.434 24.4516 Consultation
227.879 349.183 61.983 24.4516 Paper

85.08 409.553 33.3021 14.9864 Draft
122.04 409.553 67.348 14.9864 regulatory
192.965 409.553 58.7296 14.9864 technical
255.354 409.553 63.9453 14.9864 standards

85.08 429.113 16.774 14.9864 on
105.482 429.113 21.7487 14.9864 the
130.809 429.113 67.8555 14.9864 sequential
202.337 429.113 104.375 14.9864 implementation
310.339 429.113 13.2628 14.9864 of
327.375 429.113 21.7471 14.9864 the
352.702 429.113 21.4024 14.9864 IRB
377.64 429.113 62.8553 14.9864 Approach
444.23 429.113 24.4539 14.9864 and

85.08 448.673 72.4153 14.9864 permanent
161.155 448.673 42.0482 14.9864 partial
206.876 448.673 22.5818 14.9864 use
233.037 448.673 38.794 14.9864 under
275.381 448.673 21.7439 14.9864 the
300.703 448.673 85.1673 14.9864 Standardised
389.493 448.673 62.9734 14.9864 Approach
456.089 448.673 38.6759 14.9864 under

85.08 468.233 48.4769 14.9864 Articles
137.167 468.233 46.0973 14.9864 148(6),
186.962 468.233 42.0466 14.9864 150(3)
232.579 468.233 24.4587 14.9864 and
260.761 468.233 42.1488 14.9864 152(5)
306.48 468.233 13.2675 14.9864 of
323.521 468.233 69.817 14.9864 Regulation
396.964 468.233 27.6395 14.9864 (EU)
428.277 468.233 18.8504 14.9864 No
450.717 468.233 62.9319 14.9864 575/2013

85.08 487.673 49.8511 14.9864 (Capital
138.595 487.673 91.3056 14.9864 Requirements
233.506 487.673 77.8017 14.9864 Regulation–
314.883 487.673 30.7437 14.9864 CRR)

85.08 119.503 96.5615 24.4516 Contents

85.08 176.743 8.58912 10.3555 1.
100.68 176.743 53.6102 10.3555 Responding
156.854 176.743 9.78034 10.3555 to
169.092 176.743 16.7653 10.3555 this
188.293 176.743 57.0569 10.3555 consultation

518.157 176.743 5.59728 10.3555 3

85.08 196.184 8.58912 10.3555 2.
100.68 196.184 43.8332 10.3555 Executive
146.997 196.184 42.674 10.3555 summary

518.157 196.184 5.59728 10.3555 4

85.08 215.626 8.58912 10.3555 3.
100.68 215.626 54.2969 10.3555 Background
157.449 215.626 17.2125 10.3555 and
177.135 215.626 41.4375 10.3555 rationale

518.157 215.626 5.59728 10.3555 6

85.08 235.067 8.58912 10.3555 4.
100.68 235.067 23.6311 10.3555 Draft
126.837 235.067 47.4764 10.3555 regulatory
176.878 235.067 41.124 10.3555 technical
220.446 235.067 45.0973 10.3555 standards
268.096 235.067 11.7962 10.3555 on
282.365 235.067 15.2772 10.3555 the
300.126 235.067 47.7292 10.3555 sequential
350.416 235.067 73.8521 10.3555 implementation
426.742 235.067 9.36854 10.3555 of
438.618 235.067 15.2772 10.3555 the
456.262 235.067 15.3136 10.3555 IRB
474.023 235.067 44.3366 10.3555 Approach

85.08 248.503 17.2125 10.3555 and
104.765 248.503 50.8834 10.3555 permanent
158.175 248.503 29.9548 10.3555 partial
190.691 248.503 15.8777 10.3555 use
208.932 248.503 27.0922 10.3555 under
238.582 248.503 15.2772 10.3555 the
256.342 248.503 60.062 10.3555 Standardised
318.877 248.503 44.2174 10.3555 Approach
365.568 248.503 27.0922 10.3555 under
395.218 248.503 34.404 10.3555 Articles
432.001 248.503 32.1319 10.3555 148(6),
466.556 248.503 29.1246 10.3555 150(3)

85.08 261.828 17.2125 10.3555 and
104.764 261.828 29.2483 10.3555 152(5)
136.565 261.828 9.36965 10.3555 of
148.443 261.828 49.3654 10.3555 Regulation
200.161 261.828 19.405 10.3555 (EU)
221.998 261.828 13.259 10.3555 No
237.719 261.828 43.7615 10.3555 575/2013
283.92 261.828 35.2408 10.3555 (Capital
321.601 261.828 64.4085 10.3555 Requirements
388.444 261.828 49.3676 10.3555 Regulation
440.158 261.828 5.49792 10.3555 –
448.197 261.828 21.6804 10.3555 CRR)

512.527 261.828 11.2387 10.3555 11

85.091 281.269 8.58912 10.3555 5.
100.691 281.269 67.0415 10.3555 Accompanying
170.297 281.269 50.858 10.3555 documents

512.527 281.269 11.2387 10.3555 17

85.091 300.832 13.9976 10.3666 5.1
111.488 300.832 23.014 10.3666 Draft
136.919 300.832 53.9735 10.3666 cost-benefit
193.315 300.832 69.9207 10.3666 analysis/impact
265.654 300.832 51.6959 10.3666 assessment

512.527 300.832 11.2387 10.3666 17

85.091 318.353 13.9976 10.3666 5.2
111.488 318.353 42.4576 10.3666 Overview
156.367 318.353 9.2471 10.3666 of
168.127 318.353 43.4358 10.3666 questions
214.087 318.353 12.9731 10.3666 for
229.442 318.353 55.5952 10.3666 consultation

512.538 318.353 11.2387 10.3666 26

518.544 796.55 5.59728 10.3666 2

85.08 119.503 19.9987 24.4516 1.
121.093 119.503 125.653 24.4516 Responding
253.082 119.503 22.4829 24.4516 to
281.883 119.503 39.3412 24.4516 this
327.601 119.503 133.45 24.4516 consultation

85.08 176.743 16.6583 10.3666 The
105.602 176.743 17.7876 10.3666 EBA
127.2 176.743 29.1511 10.3666 invites
160.196 176.743 47.2766 10.3666 comments
211.199 176.743 11.6759 10.3666 on
226.68 176.743 10.3224 10.3666 all
240.833 176.743 43.311 10.3666 proposals
287.99 176.743 15.2186 10.3666 put
307.072 176.743 35.678 10.3666 forward
346.556 176.743 8.31312 10.3666 in
358.675 176.743 16.3138 10.3666 this
378.835 176.743 26.1714 10.3666 paper
408.837 176.743 19.5651 10.3666 and,
432.244 176.743 8.31312 10.3666 in
444.242 176.743 45.9518 10.3666 particular,
493.924 176.743 11.6759 10.3666 on
509.407 176.743 14.8598 10.3666 the

85.08 192.221 33.3408 10.3666 specific
120.948 192.221 43.4347 10.3666 questions
166.786 192.221 54.8754 10.3666 summarised
224.143 192.221 8.31312 10.3666 in
234.959 192.221 33.0372 10.3666 Section
270.353 192.221 16.8216 10.3666 5.2.

85.069 219.578 48.597 10.3666 Comments
136.186 219.578 14.4944 10.3666 are
153.103 219.578 22.6585 10.3666 most
178.301 219.578 31.0809 10.3666 helpful
211.888 219.578 5.88432 10.3666 if
220.278 219.578 22.8793 10.3666 they:

85.069 239.715 5.05632 10.6536 

121.07 241.062 36.8758 10.3666 respond
160.427 241.062 9.41822 10.3666 to
172.307 241.062 14.978 10.3666 the
189.824 241.062 39.1567 10.3666 question
231.462 241.062 31.0379 10.3666 stated;

85.069 253.151 5.05632 10.6536 

121.07 254.497 35.731 10.3666 indicate
159.341 254.497 14.9791 10.3666 the
176.738 254.497 33.3397 10.3666 specific
212.486 254.497 23.6157 10.3666 point
238.521 254.497 9.41822 10.3666 to
250.518 254.497 26.6726 10.3666 which
279.552 254.497 5.28816 10.3666 a
287.346 254.497 42.939 10.3666 comment
332.824 254.497 33.438 10.3666 relates;

85.069 266.586 5.05632 10.6536 

121.07 267.933 33.6312 10.3666 contain
157.182 267.933 5.28816 10.3666 a
164.859 267.933 21.8482 10.3666 clear
189.092 267.933 43.1532 10.3666 rationale;

85.08 280.022 5.05632 10.6536 

121.081 281.369 34.298 10.3666 provide
157.798 281.369 40.1779 10.3666 evidence
200.397 281.369 9.53856 10.3666 to
212.394 281.369 34.8985 10.3666 support
249.831 281.369 14.978 10.3666 the
267.231 281.369 25.1966 10.3666 views
294.831 281.369 89.6172 10.3666 expressed/rationale
386.988 281.369 45.5577 10.3666 proposed;
434.984 281.369 16.836 10.3666 and

85.091 293.458 5.05632 10.6536 

121.092 294.804 37.897 10.3666 describe
161.529 294.804 15.9175 10.3666 any
180.003 294.804 48.449 10.3666 alternative
230.991 294.804 46.4 10.3666 regulatory
279.828 294.804 33.2348 10.3666 choices
315.466 294.804 14.978 10.3666 the
332.983 294.804 17.7865 10.3666 EBA
353.135 294.804 29.9129 10.3666 should
385.528 294.804 41.0611 10.3666 consider.

85.08 320.736 56.7228 11.256 Submission
144.599 320.736 10.152 11.256 of
157.439 320.736 50.148 11.256 responses

85.08 346.903 11.2177 10.3666 To
100.08 346.903 30.8182 10.3666 submit
134.64 346.903 20.413 10.3666 your
158.76 346.903 49.9196 10.3666 comments,
212.4 346.903 19.4238 10.3666 click
235.44 346.903 11.6759 10.3666 on
250.8 346.903 14.978 10.3666 the
269.52 346.903 24.0363 10.3666 ‘send
297.24 346.903 20.4119 10.3666 your
321.36 346.903 50.0421 10.3666 comments’
375.123 346.903 30.5168 10.3666 button
409.203 346.903 11.6759 10.3666 on
424.563 346.903 14.978 10.3666 the
443.284 346.903 55.5952 10.3666 consultation
502.564 346.903 21.6936 10.3666 page

85.08 360.338 10.7607 10.3666 by
98.3942 360.338 53.3011 10.3555 26.09.2014.
154.914 360.338 28.778 10.3666 Please
187.07 360.338 20.6183 10.3666 note
210.946 360.338 18.4589 10.3666 that
232.663 360.338 47.2766 10.3666 comments
283.299 360.338 45.7575 10.3666 submitted
332.376 360.338 21.7333 10.3666 after
357.333 360.338 16.3171 10.3666 this
376.889 360.338 41.4 10.3666 deadline,
421.53 360.338 9.73286 10.3666 or
434.485 360.338 45.7564 10.3666 submitted
483.445 360.338 12.8484 10.3666 via
499.525 360.338 24.7329 10.3666 other

85.069 373.664 29.7561 10.3666 means
117.228 373.664 19.0418 10.3666 may
138.826 373.664 15.2175 10.3666 not
156.583 373.664 11.2586 10.3666 be
170.26 373.664 48.1421 10.3666 processed.

85.08 399.576 56.244 11.256 Publication
144 399.576 10.272 11.256 of
156.96 399.576 50.028 11.256 responses

85.08 425.743 28.7724 10.3666 Please
117.231 425.743 29.2339 10.3666 clearly
149.859 425.743 35.6117 10.3666 indicate
188.849 425.743 8.31312 10.3666 in
200.367 425.743 14.8576 10.3666 the
218.603 425.743 55.7078 10.3666 consultation
277.512 425.743 21.7764 10.3666 form
302.704 425.743 5.88432 10.3666 if
311.817 425.743 16.4761 10.3666 you
331.613 425.743 20.5532 10.3666 wish
355.486 425.743 20.413 10.3666 your
379.244 425.743 47.355 10.3666 comments
429.837 425.743 9.53856 10.3666 to
442.553 425.743 11.2575 10.3666 be
457.192 425.743 41.1969 10.3666 disclosed
501.587 425.743 9.73286 10.3666 or
514.667 425.743 9.41822 10.3666 to

85.08 439.178 11.2586 10.3666 be
99.3636 439.178 33.2757 10.3666 treated
135.606 439.178 9.59376 10.3666 as
148.206 439.178 55.9275 10.3666 confidential.
206.991 439.178 6.39216 10.3666 A
216.354 439.178 53.2768 10.3666 confidential
272.623 439.178 40.6592 10.3666 response
316.185 439.178 19.0385 10.3666 may
338.265 439.178 11.2575 10.3666 be
352.548 439.178 45.6394 10.3666 requested
401.154 439.178 21.6572 10.3666 from
425.874 439.178 10.0773 10.3666 us
438.957 439.178 8.31312 10.3666 in
450.118 439.178 51.2135 10.3666 accordance
504.356 439.178 19.8367 10.3666 with

85.08 452.614 14.978 10.3666 the
103.083 452.614 24.7164 10.3666 EBA’s
130.807 452.614 21.9564 10.3666 rules
155.526 452.614 11.6759 10.3666 on
170.169 452.614 26.9895 10.3666 public
200.171 452.614 28.6775 10.3666 access
231.734 452.614 9.41822 10.3666 to
244.217 452.614 52.822 10.3666 documents.
299.897 452.614 15.3379 10.3666 We
318.017 452.614 19.0407 10.3666 may
340.101 452.614 32.4984 10.3666 consult
375.503 452.614 16.5953 10.3666 you
395.066 452.614 5.88763 10.3666 if
403.828 452.614 13.418 10.3666 we
420.151 452.614 32.3781 10.3666 receive
455.554 452.614 20.5565 10.3666 such
478.954 452.614 5.28816 10.3666 a
487.236 452.614 37.101 10.3666 request.

85.08 466.05 17.1208 10.3666 Any
105.96 466.05 36.8758 10.3666 decision
146.52 466.05 13.418 10.3666 we
163.559 466.05 24.5784 10.3666 make
191.88 466.05 15.2186 10.3666 not
210.721 466.05 9.53746 10.3666 to
224.04 466.05 35.3777 10.3666 disclose
263.045 466.05 14.978 10.3666 the
281.765 466.05 40.7773 10.3666 response
326.285 466.05 6.71674 10.3666 is
336.726 466.05 32.0072 10.3666 eligible
372.475 466.05 13.089 10.3666 for
389.274 466.05 30.0939 10.3666 review
423.125 466.05 10.7607 10.3666 by
437.524 466.05 14.8587 10.3666 the
456.124 466.05 24.8367 10.3666 EBA’s
484.685 466.05 26.676 10.3666 Board
515.046 466.05 9.2471 10.3666 of

85.08 479.485 31.2079 10.3666 Appeal
118.797 479.485 16.836 10.3666 and
138.115 479.485 14.978 10.3666 the
155.632 479.485 43.1156 10.3666 European
201.112 479.485 60.3822 10.3666 Ombudsman.

85.08 505.416 23.568 11.256 Data
111.36 505.416 52.524 11.256 protection

85.08 531.583 16.6583 10.3666 The
105.116 531.583 46.9553 10.3666 protection
155.277 531.583 9.2471 10.3666 of
167.872 531.583 47.6354 10.3666 individuals
218.868 531.583 19.8356 10.3666 with
242.025 531.583 29.3123 10.3666 regard
274.658 531.583 9.41822 10.3666 to
287.374 531.583 14.978 10.3666 the
305.61 531.583 47.5603 10.3666 processing
356.366 531.583 9.2471 10.3666 of
368.961 531.583 38.7681 10.3666 personal
410.958 531.583 20.0475 10.3666 data
434.233 531.583 10.7607 10.3666 by
448.152 531.583 14.978 10.3666 the
466.509 531.583 17.6717 10.3666 EBA
487.505 531.583 6.83707 10.3666 is
497.581 531.583 26.676 10.3666 based

85.08 545.018 11.6759 10.3666 on
107.517 545.018 48.0317 10.3666 Regulation
158.032 545.018 17.8616 10.3666 (EC)
186.702 545.018 12.9069 10.3666 No
210.351 545.018 37.7568 10.3666 45/2001
258.826 545.018 9.2471 10.3666 of
278.866 545.018 14.978 10.3666 the
304.542 545.018 43.1156 10.3666 European
358.297 545.018 48.9293 10.3666 Parliament
418.045 545.018 16.8338 10.3666 and
445.519 545.018 9.2471 10.3666 of
465.553 545.018 14.978 10.3666 the
491.231 545.018 33.0052 10.3666 Council

85.069 558.454 9.2471 10.3666 of
96.8266 558.454 11.1173 10.3666 18
110.384 558.454 46.3327 10.3666 December
159.103 558.454 22.3968 10.3666 2000
187.185 558.454 9.59597 10.3666 as
202.425 558.454 60.0355 10.3666 implemented
268.067 558.454 10.7618 10.3666 by
284.509 558.454 14.978 10.3666 the
305.15 558.454 17.7921 10.3666 EBA
328.431 558.454 8.31533 10.3666 in
342.353 558.454 10.5576 10.3666 its
358.555 558.454 62.44 10.3666 implementing
426.592 558.454 21.8371 10.3666 rules
454.074 558.454 37.7148 10.3666 adopted
497.395 558.454 10.7607 10.3666 by
513.836 558.454 10.4361 10.3666 its

85.0579 571.89 60.2122 10.3666 Management
148.407 571.89 29.4216 10.3666 Board.
181.041 571.89 33.3728 10.3666 Further
217.635 571.89 53.1962 10.3666 information
273.794 571.89 11.6759 10.3666 on
288.67 571.89 20.0486 10.3666 data
311.825 571.89 46.9553 10.3666 protection
361.865 571.89 15.7552 10.3666 can
380.82 571.89 11.2586 10.3666 be
395.215 571.89 26.4353 10.3666 found
424.849 571.89 26.5335 10.3666 under
454.604 571.89 14.978 10.3666 the
472.176 571.89 20.8855 10.3666 legal
496.298 571.89 27.812 10.3666 notice

85.0579 585.325 32.3163 10.3666 section
119.856 585.325 9.2471 10.3666 of
131.493 585.325 14.9791 10.3666 the
148.891 585.325 17.7921 10.3666 EBA
169.05 585.325 37.9379 10.3666 website.

518.499 796.532 5.59728 10.3666 3

85.08 119.503 19.9987 24.4516 2.
121.093 119.503 102.129 24.4516 Executive
229.576 119.503 100.228 24.4516 summary

85.08 176.743 16.6583 10.3666 The
105.116 176.743 30.9595 10.3666 Capital
139.304 176.743 62.8772 10.3666 Requirements
205.425 176.743 48.1476 10.3666 Regulation
256.776 176.743 24.5861 10.3666 (CRR)
284.614 176.743 16.8327 10.3666 and
304.767 176.743 14.978 10.3666 the
322.888 176.743 30.9584 10.3666 Capital
357.192 176.743 62.8772 10.3666 Requirements
423.312 176.743 40.0531 10.3666 Directive
466.625 176.743 25.3059 10.3666 (CRD)
493.56 176.743 30.6713 10.3666 specify

85.08 190.178 46.4453 10.3666 prudential
134.87 190.178 60.8381 10.3666 requirements
199.068 190.178 12.9731 10.3666 for
215.386 190.178 26.1527 10.3666 banks
244.899 190.178 16.8327 10.3666 and
264.937 190.178 24.7329 10.3666 other
292.894 190.178 37.5559 10.3666 financial
333.795 190.178 53.2073 10.3666 institutions,
390.358 190.178 26.676 10.3666 which
420.358 190.178 21.4573 10.3666 have
445.072 190.178 22.5956 10.3666 been
470.994 190.178 8.31643 10.3666 in
482.63 190.178 15.5785 10.3666 use
501.587 190.178 22.6574 10.3666 since

85.069 203.614 5.59728 10.3666 1
93.2275 203.614 34.3984 10.3666 January
130.068 203.614 25.2264 10.3666 2014.
160.185 203.614 16.6572 10.3666 The
181.778 203.614 17.8749 10.3666 CRR
204.579 203.614 37.9114 10.3666 contains
247.413 203.614 33.3408 10.3666 specific
285.679 203.614 44.2704 10.3666 mandates
334.994 203.614 13.089 10.3666 for
352.984 203.614 14.978 10.3666 the
372.905 203.614 17.7865 10.3666 EBA
395.694 203.614 9.41822 10.3666 to
410.215 203.614 35.7928 10.3666 develop
450.886 203.614 21.9332 10.3666 draft
477.875 203.614 46.3415 10.3666 regulatory

85.0579 217.05 40.4428 10.3666 technical
129.461 217.05 44.0308 10.3666 standards
177.458 217.05 23.025 10.3666 (RTS)
204.338 217.05 9.53856 10.3666 to
217.902 217.05 31.0345 10.3666 specify
252.94 217.05 14.8576 10.3666 the
271.783 217.05 46.6738 10.3666 conditions
322.301 217.05 9.2471 10.3666 of
335.5 217.05 49.5862 10.3666 application
389.013 217.05 9.2471 10.3666 of
402.213 217.05 49.776 10.3666 permanent
455.974 217.05 16.8338 10.3666 and
476.735 217.05 47.4808 10.3666 temporary

85.0579 230.485 19.9162 10.3666 uses
108.338 230.485 9.2471 10.3666 of
120.812 230.485 14.978 10.3666 the
139.176 230.485 58.5893 10.3666 Standardised
201.088 230.485 43.236 10.3666 Approach
247.644 230.485 18.1045 10.3666 (SA)
269.12 230.485 10.7618 10.3666 by
283.277 230.485 50.2762 10.3666 institutions
336.912 230.485 18.4578 10.3666 that
358.748 230.485 21.4584 10.3666 have
383.585 230.485 38.1962 10.3666 received
425.101 230.485 49.139 10.3666 permission
477.56 230.485 9.41822 10.3666 to
490.396 230.485 15.5774 10.3666 use
509.236 230.485 14.978 10.3666 the

85.0469 243.811 14.766 10.3666 IRB
102.323 243.811 43.3563 10.3666 Approach
148.16 243.811 18.0051 10.3666 (IRB
168.677 243.811 56.421 10.3666 institutions).

85.08 269.736 25.764 11.256 Main
113.64 269.736 41.508 11.256 features
157.8 269.736 10.272 11.256 of
170.76 269.736 16.716 11.256 the
190.2 269.736 24.5628 11.256 draft
217.559 269.736 18.396 11.256 RTS

85.08 295.903 29.1346 10.3666 Article
116.632 295.903 29.0242 10.3666 148(1)
148.185 295.903 9.2471 10.3666 of
159.942 295.903 14.8598 10.3666 the
177.341 295.903 17.8749 10.3666 CRR
197.743 295.903 38.3949 10.3666 provides
238.659 295.903 18.4556 10.3666 that
259.652 295.903 50.3888 10.3666 institutions
312.561 295.903 16.8338 10.3666 and
331.756 295.903 16.0378 10.3666 any
350.35 295.903 29.8566 10.3666 parent
382.746 295.903 54.1589 10.3666 undertaking
439.382 295.903 16.7135 10.3666 and
458.576 295.903 10.5531 10.3666 its
471.65 295.903 52.4268 10.3666 subsidiaries

85.0579 309.338 20.4019 10.3666 shall
108.805 309.338 48.9326 10.3666 implement
161.116 309.338 14.8587 10.3666 the
179.353 309.338 14.766 10.3666 IRB
197.464 309.338 43.2348 10.3666 Approach
244.02 309.338 13.089 10.3666 for
260.454 309.338 10.3224 10.3666 all
274.121 309.338 45.4771 10.3666 exposures
322.842 309.338 28.1951 10.3666 unless
354.396 309.338 20.0023 10.3666 they
377.793 309.338 21.4584 10.3666 have
402.63 309.338 38.1984 10.3666 received
444.101 309.338 14.978 10.3666 the
462.46 309.338 49.2362 10.3666 permission
514.895 309.338 9.2471 10.3666 of

85.0579 322.774 14.978 10.3666 the
104.496 322.774 49.0584 10.3666 competent
157.893 322.774 48.7162 10.3666 authorities
210.932 322.774 9.41822 10.3666 to
224.85 322.774 57.3208 10.3666 permanently
286.528 322.774 15.5774 10.3666 use
306.445 322.774 14.8576 10.3666 the
325.645 322.774 58.5959 10.3666 Standardised
388.644 322.774 43.236 10.3666 Approach
436.281 322.774 8.31643 10.3666 in
448.88 322.774 51.2179 10.3666 accordance
504.321 322.774 19.9559 10.3666 with

85.0579 336.21 29.1346 10.3666 Article
116.61 336.21 16.7576 10.3666 150
136.77 336.21 9.2471 10.3666 of
149.37 336.21 18.4589 10.3666 that
171.329 336.21 50.6637 10.3666 Regulation.
225.448 336.21 33.0979 10.3666 Subject
261.925 336.21 9.41712 10.3666 to
274.882 336.21 14.8587 10.3666 the
293.24 336.21 21.7333 10.3666 prior
318.438 336.21 49.1159 10.3666 permission
370.878 336.21 9.2471 10.3666 of
383.596 336.21 14.8587 10.3666 the
401.954 336.21 49.0584 10.3666 competent
454.392 336.21 51.4806 10.3666 authorities,
509.23 336.21 14.978 10.3666 the

85.0469 349.645 14.766 10.3666 IRB
102.323 349.645 43.3563 10.3666 Approach
148.043 349.645 19.0407 10.3666 may
169.641 349.645 11.2586 10.3666 be
183.321 349.645 31.3569 10.3666 carried
217.158 349.645 15.339 10.3666 out
234.916 349.645 54.0816 10.3666 sequentially
291.561 349.645 8.31312 10.3666 in
302.355 349.645 5.28816 10.3666 a
310.149 349.645 35.413 10.3666 number
347.945 349.645 9.2471 10.3666 of
359.581 349.645 25.3677 10.3666 ways.

85.0469 376.517 50.3788 10.3666 Competent
140.603 376.517 48.5981 10.3666 authorities
194.361 376.517 14.4977 10.3666 are
214.036 376.517 38.5561 10.3666 required
257.592 376.517 9.41822 10.3666 to
272.228 376.517 46.7776 10.3666 determine
323.948 376.517 14.9791 10.3666 the
344.123 376.517 20.498 10.3666 time
369.678 376.517 29.1964 10.3666 period
403.994 376.517 12.9731 10.3666 for
422.109 376.517 62.1994 10.3666 implementing
489.42 376.517 14.978 10.3666 the
509.455 376.517 14.766 10.3666 IRB

85.0469 389.952 43.3552 10.3666 Approach
131.366 389.952 12.9731 10.3666 for
147.21 389.952 10.3224 10.3666 all
160.403 389.952 48.2481 10.3666 exposures,
211.654 389.952 16.836 10.3666 and
231.448 389.952 14.8598 10.3666 the
249.212 389.952 46.6738 10.3666 conditions
298.769 389.952 32.0105 10.3666 against
333.803 389.952 26.6726 10.3666 which
363.323 389.952 50.3877 10.3666 institutions
416.598 389.952 20.403 10.3666 shall
439.993 389.952 48.8189 10.3666 implement
491.738 389.952 14.978 10.3666 the
509.621 389.952 14.6457 10.3666 IRB

85.0579 403.388 46.1008 10.3666 Approach.
134.495 403.388 26.3768 10.3666 These
164.13 403.388 46.5579 10.3666 conditions
214.047 403.388 30.0365 10.3666 should
247.291 403.388 11.2575 10.3666 be
261.807 403.388 40.3512 10.3666 designed
305.362 403.388 9.53856 10.3666 to
318.198 403.388 30.5896 10.3666 ensure
352.166 403.388 18.4578 10.3666 that
373.882 403.388 46.5678 10.3666 sequential
423.798 403.388 71.7953 10.3666 implementation
498.914 403.388 6.83707 10.3666 is
508.991 403.388 15.2175 10.3666 not

85.0469 416.824 46.6407 10.3666 selectively
134.605 416.824 21.3955 10.3666 used
158.849 416.824 9.41712 10.3666 to
171.214 416.824 30.9374 10.3666 reduce
204.93 416.824 47.8761 10.3666 own-funds
255.691 416.824 60.7167 10.3666 requirements
319.292 416.824 42.7546 10.3666 regarding
364.884 416.824 14.978 10.3666 the
382.774 416.824 45.5985 10.3666 exposures
431.135 416.824 14.2593 10.3666 yet
448.178 416.824 9.53856 10.3666 to
460.66 416.824 11.2575 10.3666 be
474.821 416.824 38.3154 10.3666 included
515.982 416.824 8.31643 10.3666 in

85.0579 430.149 14.978 10.3666 the
105.335 430.149 14.766 10.3666 IRB
125.252 430.149 45.9617 10.3666 Approach,
176.37 430.149 9.73286 10.3666 or
191.249 430.149 8.31312 10.3666 in
204.683 430.149 14.978 10.3666 the
224.962 430.149 15.4582 10.3666 use
245.598 430.149 9.2471 10.3666 of
259.999 430.149 19.4757 10.3666 own
284.595 430.149 43.4336 10.3666 estimates
333.312 430.149 9.12677 10.3666 of
347.584 430.149 22.6717 10.3666 LGDs
375.414 430.149 9.73397 10.3666 or
390.295 430.149 48.9933 10.3666 conversion
444.288 430.149 33.8575 10.3666 factors.
483.326 430.149 40.8314 10.3666 Although

85.0469 443.585 54.8798 10.3666 determining
143.482 443.585 14.978 10.3666 the
161.84 443.585 30.4848 10.3666 overall
195.791 443.585 20.615 10.3666 time
219.923 443.585 29.1986 10.3666 period
252.684 443.585 6.83376 10.3666 is
263.001 443.585 25.636 10.3666 solely
292.154 443.585 5.28816 10.3666 a
300.794 443.585 30.8502 10.3666 matter
335.232 443.585 12.9731 10.3666 for
351.674 443.585 14.978 10.3666 the
370.154 443.585 49.1788 10.3666 competent
422.833 443.585 51.3735 10.3666 authorities,
477.806 443.585 14.8576 10.3666 the
496.163 443.585 17.7932 10.3666 EBA
517.523 443.585 6.71674 10.3666 is

85.0469 457.02 38.5572 10.3666 required
129.563 457.02 10.7607 10.3666 by
146.238 457.02 29.1346 10.3666 Article
177.805 457.02 29.0286 10.3666 148(3)
212.724 457.02 9.2471 10.3666 of
227.839 457.02 14.9791 10.3666 the
248.726 457.02 17.8749 10.3666 CRR
272.486 457.02 9.53856 10.3666 to
287.961 457.02 35.7972 10.3666 develop
329.596 457.02 21.9343 10.3666 draft
357.547 457.02 16.3513 10.3666 RTS
379.881 457.02 9.41822 10.3666 to
395.245 457.02 31.1615 10.3666 specify
432.326 457.02 14.8587 10.3666 the
453.198 457.02 46.676 10.3666 conditions
505.759 457.02 18.4578 10.3666 that

85.0358 470.456 49.1788 10.3666 competent
140.231 470.456 48.7173 10.3666 authorities
194.947 470.456 29.9162 10.3666 should
230.822 470.456 15.5785 10.3666 use
252.418 470.456 9.53746 10.3666 to
268.012 470.456 46.7776 10.3666 determine
320.806 470.456 14.8576 10.3666 the
341.681 470.456 53.1377 10.3666 appropriate
400.835 470.456 29.8577 10.3666 nature
436.71 470.456 16.7168 10.3666 and
459.385 470.456 28.5991 10.3666 timing
493.934 470.456 9.2471 10.3666 of
509.168 470.456 14.978 10.3666 the

85.0358 483.892 46.6882 10.3666 sequential
134.241 483.892 36.1372 10.3666 roll-out.

85.0358 510.763 49.1159 10.3666 Permission
137.471 510.763 9.41822 10.3666 to
150.308 510.763 24.3211 10.3666 apply
178.024 510.763 14.978 10.3666 the
196.259 510.763 11.433 10.3666 SA
211.035 510.763 57.4378 10.3666 permanently
271.877 510.763 26.6528 10.3666 under
301.872 510.763 28.8972 10.3666 Article
333.314 510.763 29.0286 10.3666 150(1)
364.745 510.763 9.2471 10.3666 of
377.219 510.763 14.978 10.3666 the
395.58 510.763 17.8749 10.3666 CRR
416.701 510.763 15.753 10.3666 can
435.773 510.763 19.0385 10.3666 only
458.208 510.763 11.2586 10.3666 be
472.845 510.763 35.0752 10.3666 granted
511.241 510.763 12.9731 10.3666 for

85.0248 524.199 31.3558 10.3666 certain
120.066 524.199 48.385 10.3666 exposures.
172.149 524.199 16.6583 10.3666 The
192.549 524.199 17.6728 10.3666 EBA
214.032 524.199 6.83597 10.3666 is
224.713 524.199 38.555 10.3666 required
266.954 524.199 10.7618 10.3666 by
280.267 524.199 29.012 10.3666 Article
311.709 524.199 29.0253 10.3666 150(3)
344.354 524.199 9.2471 10.3666 of
357.437 524.199 14.8576 10.3666 the
376.158 524.199 17.7589 10.3666 CRR
397.755 524.199 9.41822 10.3666 to
410.954 524.199 31.0412 10.3666 specify
445.755 524.199 14.978 10.3666 the
464.475 524.199 46.6771 10.3666 conditions
514.876 524.199 9.2471 10.3666 of

85.0358 537.635 49.701 10.3666 application
137.097 537.635 9.2471 10.3666 of
148.854 537.635 14.978 10.3666 the
166.279 537.635 49.7783 10.3666 permanent
218.596 537.635 15.5774 10.3666 use
236.712 537.635 45.5963 10.3666 provisions
284.829 537.635 12.9676 10.3666 for
300.316 537.635 31.1162 10.3666 certain
333.914 537.635 17.8771 10.3666 sets
354.194 537.635 9.2471 10.3666 of
365.831 537.635 44.0419 10.3666 exposure,
412.39 537.635 8.31312 10.3666 in
423.183 537.635 45.9132 10.3666 particular:

85.0358 561.724 5.05632 10.6536 
102.082 563.071 45.5985 10.3666 exposures
154.403 563.071 9.53856 10.3666 to
170.728 563.071 31.2079 10.3666 central
208.773 563.071 59.0375 10.3666 governments
274.659 563.071 16.836 10.3666 and
298.178 563.071 31.3293 10.3666 central
336.225 563.071 28.8 10.3666 banks,
371.869 563.071 28.4125 10.3666 where
407.024 563.071 14.978 10.3666 the
428.744 563.071 35.5333 10.3666 number
470.984 563.071 9.2471 10.3666 of
486.949 563.071 37.3284 10.3666 material

102.082 578.427 65.996 10.3666 counterparties
170.843 578.427 6.83707 10.3666 is
180.445 578.427 31.3558 10.3666 limited
214.524 578.427 16.7168 10.3666 and
234.086 578.427 6.21883 10.3666 it
243.087 578.427 27.8749 10.3666 would
273.687 578.427 11.2575 10.3666 be
287.728 578.427 30.5609 10.3666 unduly
321.209 578.427 56.7379 10.3666 burdensome
380.73 578.427 12.9731 10.3666 for
396.45 578.427 14.978 10.3666 the
414.211 578.427 46.1152 10.3666 institution
463.051 578.427 9.53746 10.3666 to
475.412 578.427 48.8189 10.3666 implement

102.082 593.905 5.28816 10.3666 a
109.876 593.905 26.316 10.3666 rating
138.669 593.905 31.5015 10.3666 system
172.746 593.905 12.9731 10.3666 for
188.109 593.905 24.8179 10.3666 these
215.346 593.905 68.841 10.3666 counterparties;

85.0358 620.037 5.05632 10.6536 
102.082 621.384 45.5974 10.3666 exposures
150.321 621.384 9.41822 10.3666 to
162.439 621.384 53.0351 10.3666 institutions,
217.995 621.384 28.5395 10.3666 where
249.076 621.384 14.978 10.3666 the
266.714 621.384 35.413 10.3666 number
304.637 621.384 9.2471 10.3666 of
316.392 621.384 37.3218 10.3666 material
356.342 621.384 65.996 10.3666 counterparties
424.859 621.384 6.83376 10.3666 is
434.335 621.384 31.2311 10.3666 limited
468.168 621.384 16.8327 10.3666 and
487.604 621.384 6.21552 10.3666 it
496.48 621.384 27.7535 10.3666 would

102.082 636.741 11.2575 10.3666 be
120.924 636.741 30.5609 10.3666 unduly
159.086 636.741 56.8582 10.3666 burdensome
223.285 636.741 13.0934 10.3666 for
243.928 636.741 14.8576 10.3666 the
266.37 636.741 46.1152 10.3666 institution
320.012 636.741 9.41712 10.3666 to
337.054 636.741 48.8189 10.3666 implement
393.337 636.741 5.28816 10.3666 a
406.18 636.741 26.3194 10.3666 rating
440.017 636.741 31.5004 10.3666 system
479.14 636.741 12.9731 10.3666 for
499.54 636.741 24.6976 10.3666 these

102.082 652.219 68.8388 10.3666 counterparties;

85.0358 678.35 5.05632 10.6536 
102.082 679.697 45.5963 10.3666 exposures
150.563 679.697 8.31643 10.3666 in
161.604 679.697 66.1925 10.3666 non-significant
230.7 679.697 38.2746 10.3666 business
271.739 679.697 24.8566 10.3666 units,
299.355 679.697 9.59376 10.3666 as
311.712 679.697 18.4854 10.3666 well
332.95 679.697 9.59376 10.3666 as
345.188 679.697 45.6007 10.3666 exposures
393.552 679.697 30.9517 10.3666 classes
427.148 679.697 9.73286 10.3666 or
439.63 679.697 24.2372 10.3666 types
466.63 679.697 9.2471 10.3666 of
478.626 679.697 45.5996 10.3666 exposures

102.071 695.054 18.4556 10.3666 that
123.065 695.054 14.617 10.3666 are
140.102 695.054 48.7184 10.3666 immaterial
191.327 695.054 8.31312 10.3666 in
202.005 695.054 26.0367 10.3666 terms
230.562 695.054 9.2471 10.3666 of
242.197 695.054 16.656 10.3666 size
261.392 695.054 16.8327 10.3666 and
280.707 695.054 43.9569 10.3666 perceived
327.145 695.054 15.7022 10.3666 risk
345.145 695.054 32.1739 10.3666 profile.

85.0358 722.532 8.556 10.3666 In
97.3973 722.532 39.9593 10.3666 addition,
141.199 722.532 14.978 10.3666 the
160.04 722.532 17.7921 10.3666 EBA
181.642 722.532 6.83707 10.3666 is
192.204 722.532 38.4358 10.3666 required
234.447 722.532 10.7607 10.3666 by
247.754 722.532 29.0175 10.3666 Article
279.307 722.532 29.0253 10.3666 152(5)
312.062 722.532 9.2471 10.3666 of
325.145 722.532 14.8565 10.3666 the
343.865 722.532 17.8749 10.3666 CRR
365.588 722.532 9.41822 10.3666 to
378.91 722.532 31.039 10.3666 specify
413.829 722.532 14.8587 10.3666 the
432.552 722.532 46.6716 10.3666 conditions
483.069 722.532 10.7607 10.3666 by
497.588 722.532 26.676 10.3666 which

85.0248 735.968 49.1788 10.3666 competent
138.907 735.968 48.5981 10.3666 authorities
192.069 735.968 19.0407 10.3666 may
215.829 735.968 30.0984 10.3666 permit
250.51 735.968 50.3976 10.3666 institutions
305.47 735.968 9.53856 10.3666 to
319.631 735.968 15.4494 10.3666 use
339.784 735.968 14.978 10.3666 the
359.345 735.968 11.4264 10.3666 SA
375.421 735.968 12.972 10.3666 for
393.06 735.968 47.5603 10.3666 underlying
445.135 735.968 45.5963 10.3666 exposures
495.294 735.968 9.2471 10.3666 of
509.093 735.968 14.9791 10.3666 the

85.0248 749.404 42.3285 10.3666 collective
129.892 749.404 50.4959 10.3666 investment
182.807 749.404 58.3122 10.3666 undertakings
243.64 749.404 26.6472 10.3666 (CIUs)
272.815 749.404 18.4578 10.3666 that
293.692 749.404 11.5776 10.3666 do
307.848 749.404 15.2186 10.3666 not
325.488 749.404 30.6404 10.3666 belong
358.602 749.404 9.41822 10.3666 to
370.599 749.404 14.8576 10.3666 the
387.996 749.404 28.1619 10.3666 equity
418.713 749.404 41.1384 10.3666 exposure
462.391 749.404 23.9027 10.3666 class.

518.455 796.445 5.59728 10.3666 4

85.08 116.743 16.6583 10.3666 The
104.156 116.743 22.4697 10.3666 main
129.11 116.743 43.4325 10.3666 proposals
174.941 116.743 28.2304 10.3666 within
205.531 116.743 24.8466 10.3666 these
232.795 116.743 16.4673 10.3666 RTS
251.752 116.743 14.4977 10.3666 are
268.789 116.743 9.59707 10.3666 as
280.906 116.743 34.9537 10.3666 follows.

85.08 140.832 5.05632 10.6536 
102.126 142.179 44.3068 10.3666 Definition
151.331 142.179 9.2471 10.3666 of
165.495 142.179 14.978 10.3666 the
185.412 142.179 44.701 10.3666 maximum
235.213 142.179 25.1966 10.3666 levels
265.33 142.179 9.2471 10.3666 of
279.484 142.179 41.2576 10.3666 exposure
325.685 142.179 57.3208 10.3666 permanently
388.078 142.179 35.1966 10.3666 allowed
428.273 142.179 26.6528 10.3666 under
459.827 142.179 14.8576 10.3666 the
479.748 142.179 11.4319 10.3666 SA
496.182 142.179 8.31533 10.3666 in
509.376 142.179 14.8974 10.3666 the

102.137 157.657 34.0893 10.3666 ‘central
143.66 157.657 59.1567 10.3666 governments
210.263 157.657 16.7157 10.3666 and
234.505 157.657 31.3282 10.3666 central
273.267 157.657 28.9204 10.3666 banks’
309.629 157.657 16.836 10.3666 and
333.992 157.657 55.922 10.3666 ‘institutions’
397.356 157.657 41.1406 10.3666 exposure
446.081 157.657 33.4578 10.3666 classes,
486.98 157.657 16.836 10.3666 and
511.342 157.657 12.9676 10.3666 for

102.137 173.014 59.9472 10.3666 immateriality
166.334 173.014 9.73286 10.3666 or
180.25 173.014 72.6885 10.3666 non-significance
257.293 173.014 37.5757 10.3666 reasons.
299.057 173.014 16.6572 10.3666 The
319.933 173.014 13.5384 10.3666 set
337.574 173.014 9.2471 10.3666 of
351.009 173.014 37.0536 10.3666 relevant
392.286 173.014 45.5985 10.3666 exposures
442.085 173.014 32.0105 10.3666 against
478.433 173.014 26.6748 10.3666 which
509.268 173.014 14.9791 10.3666 the

102.137 188.492 57.4422 10.3666 permanently
162.013 188.492 34.0606 10.3666 exempt
198.492 188.492 45.4793 10.3666 exposures
246.496 188.492 15.4825 10.3666 will
264.491 188.492 11.1383 10.3666 be
278.047 188.492 44.9162 10.3666 measured
325.332 188.492 17.5139 10.3666 was
345.127 188.492 34.2361 10.3666 defined
381.846 188.492 13.0923 10.3666 for
397.323 188.492 16.316 10.3666 this
416.16 188.492 39.5111 10.3666 purpose.

85.091 214.623 5.05632 10.6536 
102.137 215.97 44.3068 10.3666 Definition
149.3 215.97 9.2471 10.3666 of
161.417 215.97 47.4852 10.3666 qualitative
211.806 215.97 31.8096 10.3666 criteria
246.486 215.97 32.0105 10.3666 against
281.4 215.97 26.6748 10.3666 which
310.92 215.97 14.978 10.3666 the
328.68 215.97 49.1788 10.3666 competent
380.762 215.97 48.7118 10.3666 authorities
432.359 215.97 20.4019 10.3666 shall
455.631 215.97 27.9577 10.3666 assess
486.473 215.97 37.8131 10.3666 whether

102.137 231.327 6.21883 10.3666 it
111.976 231.327 27.876 10.3666 would
143.414 231.327 11.2575 10.3666 be
158.293 231.327 30.5609 10.3666 unduly
192.491 231.327 56.8582 10.3666 burdensome
252.971 231.327 9.41822 10.3666 to
266.05 231.327 48.8189 10.3666 implement
318.489 231.327 5.28816 10.3666 a
327.368 231.327 26.2001 10.3666 rating
357.123 231.327 31.6208 10.3666 system
392.402 231.327 13.0934 10.3666 for
409.081 231.327 14.8576 10.3666 the
427.56 231.327 34.0871 10.3666 ‘central
465.119 231.327 59.1523 10.3666 governments

102.137 246.805 16.836 10.3666 and
121.453 246.805 31.3282 10.3666 central
155.29 246.805 28.8 10.3666 banks’
186.607 246.805 41.1384 10.3666 exposure
230.285 246.805 21.1162 10.3666 class
253.801 246.805 16.836 10.3666 and
273.118 246.805 13.0923 10.3666 for
288.595 246.805 14.978 10.3666 the
306.112 246.805 55.7995 10.3666 ‘institutions’
364.428 246.805 41.1372 10.3666 exposure
408.105 246.805 23.9402 10.3666 class.

85.1021 272.937 5.05632 10.6536 
102.148 274.284 44.3068 10.3666 Definition
149.189 274.284 9.2471 10.3666 of
161.19 274.284 5.28816 10.3666 a
169.227 274.284 43.0196 10.3666 minimum
215.067 274.284 24.7175 10.3666 initial
242.655 274.284 21.008 10.3666 level
266.302 274.284 9.2471 10.3666 of
278.303 274.284 45.5996 10.3666 exposures
326.668 274.284 20.074 10.3666 (and
349.587 274.284 60.8735 10.3666 risk-weighted
413.185 274.284 48.8222 10.3666 exposures)
464.79 274.284 9.41822 10.3666 to
477.15 274.284 11.1372 10.3666 be
491.069 274.284 33.2768 10.3666 treated

102.148 289.64 26.6528 10.3666 under
131.304 289.64 14.978 10.3666 the
148.822 289.64 14.766 10.3666 IRB
165.979 289.64 43.3684 10.3666 Approach
211.828 289.64 10.6404 10.3666 by
224.907 289.64 14.766 10.3666 IRB
242.185 289.64 53.1852 10.3666 institutions.

85.1021 315.772 5.05632 10.6536 
102.148 317.119 44.3068 10.3666 Definition
153.384 317.119 9.2471 10.3666 of
169.576 317.119 47.4875 10.3666 qualitative
223.926 317.119 31.9266 10.3666 criteria
262.796 317.119 32.0105 10.3666 against
301.783 317.119 26.5556 10.3666 which
335.259 317.119 14.978 10.3666 the
357.215 317.119 49.1788 10.3666 competent
413.371 317.119 48.7096 10.3666 authorities
468.92 317.119 20.403 10.3666 shall
496.267 317.119 27.9544 10.3666 assess

102.148 332.597 53.9823 10.3666 applications
158.529 332.597 9.2471 10.3666 of
170.285 332.597 50.4153 10.3666 institutions
222.978 332.597 13.089 10.3666 for
238.577 332.597 5.28816 10.3666 a
246.25 332.597 46.6826 10.3666 sequential
295.442 332.597 33.2392 10.3666 roll-out
331.099 332.597 9.2471 10.3666 of
342.735 332.597 14.978 10.3666 the
360.255 332.597 14.766 10.3666 IRB
377.541 332.597 45.9816 10.3666 Approach.

85.08 360.456 23.604 11.256 Next
111.48 360.456 26.2668 11.256 steps

85.08 386.623 22.8131 10.3666 After
111.722 386.623 14.978 10.3666 the
130.675 386.623 55.5952 10.3666 consultation
190.07 386.623 21.2388 10.3666 ends
215.275 386.623 11.6759 10.3666 on
229.307 386.623 11.2387 10.3666 26
244.431 386.623 49.3333 10.3666 September
297.589 386.623 25.0829 10.3666 2014,
326.512 386.623 14.978 10.3666 the
345.475 386.623 17.7921 10.3666 EBA
367.079 386.623 15.4836 10.3666 will
386.398 386.623 27.9566 10.3666 assess
418.198 386.623 14.978 10.3666 the
437.161 386.623 44.9968 10.3666 responses
486.004 386.623 38.1962 10.3666 received

85.069 400.058 16.836 10.3666 and
104.386 400.058 38.2933 10.3666 consider
145.066 400.058 37.9323 10.3666 whether
185.385 400.058 9.73286 10.3666 or
197.623 400.058 15.2186 10.3666 not
215.38 400.058 15.9208 10.3666 any
233.857 400.058 36.474 10.3666 changes
272.731 400.058 30.0365 10.3666 should
305.249 400.058 11.2575 10.3666 be
318.808 400.058 25.4185 10.3666 made
346.649 400.058 9.53746 10.3666 to
358.646 400.058 14.978 10.3666 the
376.163 400.058 21.8184 10.3666 draft
400.519 400.058 19.2217 10.3666 RTS.

85.069 426.93 16.6583 10.3666 The
104.266 426.93 17.7921 10.3666 EBA
124.427 426.93 22.6585 10.3666 must
149.504 426.93 30.8193 10.3666 submit
182.861 426.93 14.978 10.3666 the
200.258 426.93 21.9387 10.3666 draft
224.736 426.93 16.4662 10.3666 RTS
243.571 426.93 9.53856 10.3666 to
255.572 426.93 14.978 10.3666 the
272.968 426.93 54.5166 10.3666 Commission
329.968 426.93 10.7607 10.3666 by
343.306 426.93 11.1173 10.3666 31
356.863 426.93 46.3327 10.3666 December
405.582 426.93 25.2264 10.3666 2014.

518.499 796.527 5.59728 10.3666 5

85.08 119.503 19.9987 24.4516 3.
121.093 119.503 127.284 24.4516 Background
254.746 119.503 40.2839 24.4516 and
301.399 119.503 96.2386 24.4516 rationale

85.08 176.743 16.6583 10.3666 The
105.602 176.743 17.8749 10.3666 CRR
127.204 176.743 16.836 10.3666 and
147.846 176.743 14.978 10.3666 the
166.688 176.743 18.5494 10.3666 CRD
186.96 176.743 31.0345 10.3666 specify
221.88 176.743 46.4453 10.3666 prudential
272.156 176.743 60.5964 10.3666 requirements
336.597 176.743 13.0901 10.3666 for
353.518 176.743 26.0345 10.3666 banks
383.398 176.743 16.8338 10.3666 and
404.037 176.743 24.6126 10.3666 other
432.481 176.743 37.5559 10.3666 financial
473.868 176.743 50.391 10.3666 institutions

85.0829 192.221 26.676 10.3666 which
114.957 192.221 21.4584 10.3666 have
139.672 192.221 22.4763 10.3666 been
165.347 192.221 8.31643 10.3666 in
176.741 192.221 15.5785 10.3666 use
195.456 192.221 22.6574 10.3666 since
220.676 192.221 5.59728 10.3666 1
228.713 192.221 34.3984 10.3666 January
265.554 192.221 25.2264 10.3666 2014.
293.871 192.221 16.6572 10.3666 The
313.665 192.221 17.7545 10.3666 CRR
334.66 192.221 37.791 10.3666 contains
375.57 192.221 33.3408 10.3666 specific
411.92 192.221 44.3929 10.3666 mandates
459.436 192.221 13.089 10.3666 for
475.627 192.221 14.978 10.3666 the
493.742 192.221 17.7921 10.3666 EBA
514.616 192.221 9.41822 10.3666 to

85.0718 207.577 35.9164 10.3666 develop
124.672 207.577 21.9387 10.3666 draft
150.232 207.577 16.4673 10.3666 RTS
170.392 207.577 9.41822 10.3666 to
183.593 207.577 30.9219 10.3666 specify
218.274 207.577 14.978 10.3666 the
236.874 207.577 46.676 10.3666 conditions
287.148 207.577 9.2471 10.3666 of
300.103 207.577 49.5828 10.3666 application
353.249 207.577 9.24821 10.3666 of
366.228 207.577 49.8986 10.3666 permanent
419.749 207.577 16.8327 10.3666 and
440.267 207.577 47.483 10.3666 temporary
491.509 207.577 19.7947 10.3666 uses
514.903 207.577 9.2471 10.3666 of

85.0608 223.056 14.978 10.3666 the
102.578 223.056 11.4319 10.3666 SA
116.503 223.056 10.7607 10.3666 by
129.7 223.056 50.3954 10.3666 institutions
182.621 223.056 18.3385 10.3666 that
203.382 223.056 21.5788 10.3666 have
227.5 223.056 38.1962 10.3666 received
268.178 223.056 49.1159 10.3666 permission
319.659 223.056 9.41822 10.3666 to
331.656 223.056 15.5785 10.3666 use
349.653 223.056 14.9791 10.3666 the
367.171 223.056 14.6457 10.3666 IRB
384.329 223.056 42.1684 10.3666 approach
428.979 223.056 18.0051 10.3666 (IRB
449.496 223.056 56.5425 10.3666 institutions).

85.08 251.016 59.244 11.256 Background
147 251.016 10.656 11.256 to
160.32 251.016 27.516 11.256 these
190.56 251.016 24.564 11.256 draft
217.92 251.016 18.3948 11.256 RTS

85.08 277.183 26.4971 10.3666 These
116.159 277.183 21.9387 10.3666 draft
142.559 277.183 16.4662 10.3666 RTS
163.557 277.183 25.2032 10.3666 detail
193.316 277.183 5.28816 10.3666 a
203.036 277.183 35.5333 10.3666 number
243.115 277.183 9.2471 10.3666 of
256.794 277.183 45.7166 10.3666 provisions
306.953 277.183 8.31643 10.3666 in
319.794 277.183 14.8576 10.3666 the
339.233 277.183 17.8749 10.3666 CRR
361.555 277.183 11.6759 10.3666 on
377.754 277.183 14.978 10.3666 the
397.313 277.183 63.597 10.3666 circumstances
465.473 277.183 8.31643 10.3666 in
478.313 277.183 26.676 10.3666 which
509.513 277.183 14.766 10.3666 IRB

85.08 292.539 50.5168 10.3666 institutions
140.281 292.539 19.0407 10.3666 may
164.16 292.539 38.8575 10.3666 combine
207.72 292.539 14.9769 10.3666 the
227.518 292.539 15.5785 10.3666 use
247.797 292.539 9.24821 10.3666 of
261.84 292.539 14.978 10.3666 the
281.643 292.539 14.7649 10.3666 IRB
301.205 292.539 16.836 10.3666 and
322.807 292.539 58.4667 10.3666 Standardised
386.041 292.539 53.1554 10.3666 Approaches
444.003 292.539 12.9731 10.3666 for
461.767 292.539 26.0169 10.3666 credit
492.607 292.539 18.3849 10.3666 risk.
515.772 292.539 8.556 10.3666 In

85.08 308.017 44.6347 10.3666 summary,
132.11 308.017 14.978 10.3666 the
149.631 308.017 45.5963 10.3666 provisions
197.631 308.017 18.3385 10.3666 that
218.508 308.017 14.617 10.3666 are
235.664 308.017 36.9387 10.3666 relevant
275.025 308.017 9.53856 10.3666 to
287.023 308.017 24.6976 10.3666 these
314.259 308.017 16.3469 10.3666 RTS
333.105 308.017 14.617 10.3666 are
350.261 308.017 9.59707 10.3666 as
362.378 308.017 34.9317 10.3666 follows.

85.0579 334.149 5.05632 10.6536 
102.104 335.496 29.1346 10.3666 Article
133.656 335.496 16.7576 10.3666 148
152.855 335.496 9.2471 10.3666 of
166.29 335.496 14.978 10.3666 the
185.487 335.496 17.8749 10.3666 CRR
207.569 335.496 26.6307 10.3666 states
238.398 335.496 18.4589 10.3666 that
261.079 335.496 14.9901 10.3666 the
280.288 335.496 14.766 10.3666 IRB
299.249 335.496 43.3618 10.3666 Approach
346.655 335.496 22.6574 10.3666 must
373.531 335.496 11.2586 10.3666 be
389.008 335.496 21.3955 10.3666 used
414.564 335.496 13.0923 10.3666 for
431.841 335.496 10.3279 10.3666 all
446.357 335.496 45.476 10.3666 exposures
496.153 335.496 28.0769 10.3666 unless

102.093 350.974 49.2362 10.3666 permission
154.533 350.974 57.3186 10.3666 permanently
215.01 350.974 9.41822 10.3666 to
227.604 350.974 15.5774 10.3666 use
246.319 350.974 14.978 10.3666 the
264.434 350.974 11.4264 10.3666 SA
279.086 350.974 15.3566 10.3666 has
297.56 350.974 22.5956 10.3666 been
323.235 350.974 34.9515 10.3666 granted
361.385 350.974 10.7607 10.3666 by
375.3 350.974 14.9769 10.3666 the
393.449 350.974 49.1799 10.3666 competent
445.766 350.974 48.7184 10.3666 authorities
497.602 350.974 26.6528 10.3666 under

102.093 366.331 29.1346 10.3666 Article
133.645 366.331 16.7576 10.3666 150
152.844 366.331 9.2471 10.3666 of
164.601 366.331 14.978 10.3666 the
181.998 366.331 20.6691 10.3666 CRR.

102.082 393.809 72.2756 10.3666 Implementation
180.565 393.809 9.2471 10.3666 of
196.043 393.809 14.9791 10.3666 the
217.404 393.809 14.6457 10.3666 IRB
238.404 393.809 43.3552 10.3666 Approach
287.962 393.809 19.0385 10.3666 may
313.398 393.809 11.1383 10.3666 be
330.917 393.809 31.3569 10.3666 carried
368.597 393.809 15.339 10.3666 out
390.197 393.809 54.0706 10.3666 sequentially
450.547 393.809 28.1951 10.3666 across
485.104 393.809 39.0937 10.3666 different

102.082 409.287 41.2576 10.3666 exposure
146.96 409.287 33.6002 10.3666 classes,
184.16 409.287 28.1167 10.3666 within
215.839 409.287 14.978 10.3666 the
234.438 409.287 23.8585 10.3666 same
261.918 409.287 38.2757 10.3666 business
303.796 409.287 20.52 10.3666 unit,
327.915 409.287 28.1962 10.3666 across
359.713 409.287 39.2185 10.3666 different
402.552 409.287 38.2768 10.3666 business
444.431 409.287 21.9564 10.3666 units
469.99 409.287 8.31533 10.3666 in
481.869 409.287 14.978 10.3666 the
500.468 409.287 23.7382 10.3666 same

102.082 424.644 29.1622 10.3666 group,
136.285 424.644 9.73286 10.3666 or
150.925 424.644 13.089 10.3666 for
168.916 424.644 14.978 10.3666 the
188.956 424.644 15.4582 10.3666 use
209.356 424.644 9.24821 10.3666 of
223.514 424.644 19.596 10.3666 own
247.994 424.644 43.5539 10.3666 estimates
296.471 424.644 9.24821 10.3666 of
310.742 424.644 22.6773 10.3666 LGDs
338.343 424.644 9.61253 10.3666 or
352.979 424.644 48.9977 10.3666 conversion
406.981 424.644 30.9517 10.3666 factors
442.851 424.644 16.3304 10.3666 (for
464.091 424.644 45.5974 10.3666 exposures
514.726 424.644 9.41822 10.3666 to

102.082 440.122 51.24 10.3666 corporates,
157.042 440.122 50.3976 10.3666 institutions
211.043 440.122 16.7157 10.3666 and
231.444 440.122 31.3293 10.3666 central
266.365 440.122 59.1567 10.3666 governments
329.125 440.122 16.7157 10.3666 and
349.526 440.122 31.3282 10.3666 central
384.446 440.122 29.5044 10.3666 banks)
417.566 440.122 28.4181 10.3666 where
449.727 440.122 21.7289 10.3666 prior
475.163 440.122 49.1125 10.3666 permission

102.082 455.6 15.3566 10.3666 has
119.959 455.6 22.5956 10.3666 been
145.035 455.6 34.9504 10.3666 granted
182.475 455.6 10.7607 10.3666 by
195.675 455.6 14.9791 10.3666 the
213.194 455.6 49.0584 10.3666 competent
264.791 455.6 51.3835 10.3666 authorities.

102.082 482.957 49.1159 10.3666 Permission
155.125 482.957 9.53856 10.3666 to
168.689 482.957 48.8189 10.3666 implement
221.37 482.957 54.2009 10.3666 sequentially
279.573 482.957 6.83707 10.3666 is
290.377 482.957 32.2589 10.3666 subject
326.621 482.957 9.41822 10.3666 to
340.064 482.957 14.8587 10.3666 the
358.908 482.957 30.7608 10.3666 setting
393.593 482.957 9.2471 10.3666 of
406.796 482.957 5.28816 10.3666 a
416.039 482.957 20.3776 10.3666 time
440.402 482.957 29.1964 10.3666 period
473.526 482.957 20.2937 10.3666 over
497.646 482.957 26.6715 10.3666 which

102.082 498.435 46.6826 10.3666 sequential
155.708 498.435 71.7898 10.3666 implementation
234.418 498.435 20.403 10.3666 shall
261.765 498.435 11.2586 10.3666 be
279.885 498.435 31.475 10.3666 carried
318.164 498.435 18.1531 10.3666 out,
343.041 498.435 16.836 10.3666 and
366.795 498.435 24.7329 10.3666 other
398.35 498.435 46.6771 10.3666 conditions
451.873 498.435 9.41822 10.3666 to
468.188 498.435 30.6989 10.3666 ensure
505.759 498.435 18.4589 10.3666 that

102.082 513.913 46.6882 10.3666 sequential
151.643 513.913 71.9157 10.3666 implementation
226.284 513.913 6.83707 10.3666 is
236.006 513.913 15.3379 10.3666 not
254.247 513.913 21.3966 10.3666 used
278.367 513.913 9.53746 10.3666 to
290.844 513.913 30.9374 10.3666 reduce
324.681 513.913 29.6424 10.3666 capital
357.205 513.913 63.6235 10.3666 requirements.
423.566 513.913 16.6583 10.3666 The
443.128 513.913 17.7921 10.3666 EBA
463.648 513.913 6.83707 10.3666 is
473.37 513.913 38.5561 10.3666 required
514.772 513.913 9.41822 10.3666 to

102.082 529.27 35.9164 10.3666 develop
140.479 529.27 21.9376 10.3666 draft
164.838 529.27 16.4662 10.3666 RTS
183.794 529.27 9.42264 10.3666 to
195.796 529.27 46.7776 10.3666 determine
244.994 529.27 24.8212 10.3666 these
272.234 529.27 24.6137 10.3666 other
299.354 529.27 49.3499 10.3666 conditions.

85.0469 555.402 5.05632 10.6536 
102.093 556.749 29.1346 10.3666 Article
133.645 556.749 16.7576 10.3666 150
155.007 556.749 9.2471 10.3666 of
168.803 556.749 14.978 10.3666 the
188.364 556.749 17.7589 10.3666 CRR
210.804 556.749 32.6364 10.3666 defines
248.124 556.749 5.28816 10.3666 a
257.965 556.749 35.4119 10.3666 number
297.925 556.749 9.2471 10.3666 of
311.726 556.749 46.1969 10.3666 categories
362.486 556.749 9.2471 10.3666 of
376.288 556.749 45.5996 10.3666 exposures
426.451 556.749 12.9731 10.3666 for
443.971 556.749 26.5523 10.3666 which
475.167 556.749 49.0596 10.3666 competent

102.082 572.227 48.831 10.3666 authorities
156.316 572.227 19.0418 10.3666 may
180.916 572.227 23.7382 10.3666 grant
210.195 572.227 49.1247 10.3666 permission
264.8 572.227 13.089 10.3666 for
283.398 572.227 28.9215 10.3666 partial
317.836 572.227 15.5774 10.3666 use
338.834 572.227 9.2471 10.3666 of
353.595 572.227 14.978 10.3666 the
374.118 572.227 14.1754 10.3666 SA.
393.803 572.227 6.39216 10.3666 A
405.683 572.227 35.5333 10.3666 number
446.723 572.227 9.2471 10.3666 of
461.363 572.227 24.819 10.3666 these
491.724 572.227 17.7567 10.3666 sets
515.004 572.227 9.2471 10.3666 of

102.082 587.583 45.5974 10.3666 exposures
151.16 587.583 14.617 10.3666 are
169.157 587.583 32.3792 10.3666 subject
204.916 587.583 9.41822 10.3666 to
217.874 587.583 14.8587 10.3666 the
236.232 587.583 46.6738 10.3666 conditions
286.27 587.583 9.2471 10.3666 of
298.983 587.583 49.4636 10.3666 application
351.888 587.583 8.31312 10.3666 in
363.643 587.583 46.3989 10.3666 regulatory
413.559 587.583 40.3225 10.3666 technical
457.348 587.583 46.7555 10.3666 standards.
507.559 587.583 16.6583 10.3666 The

102.082 603.061 45.5985 10.3666 exposures
150.205 603.061 37.8352 10.3666 involved
190.523 603.061 14.4944 10.3666 are
207.557 603.061 9.59376 10.3666 as
219.671 603.061 35.1271 10.3666 follows:

102.082 630.385 5.0784 10.1568 •
119.006 631.136 45.5985 10.3666 exposures
169.886 631.136 9.41822 10.3666 to
184.526 631.136 31.3293 10.3666 central
221.004 631.136 59.0375 10.3666 governments
285.322 631.136 16.836 10.3666 and
307.399 631.136 31.2079 10.3666 central
343.756 631.136 28.9204 10.3666 banks,
377.954 631.136 28.4148 10.3666 where
411.55 631.136 14.9791 10.3666 the
431.829 631.136 35.413 10.3666 number
472.389 631.136 9.24821 10.3666 of
486.804 631.136 37.4422 10.3666 material

119.006 646.493 65.9949 10.3666 counterparties
190.405 646.493 6.83376 10.3666 is
202.762 646.493 33.9635 10.3666 limited,
242.124 646.493 16.836 10.3666 and
264.444 646.493 6.21883 10.3666 it
276.084 646.493 27.7557 10.3666 would
309.323 646.493 11.2586 10.3666 be
326.004 646.493 30.5609 10.3666 unduly
362.003 646.493 56.8582 10.3666 burdensome
424.283 646.493 12.9731 10.3666 for
442.644 646.493 14.9769 10.3666 the
463.164 646.493 45.996 10.3666 institution
514.524 646.493 9.53746 10.3666 to

119.006 661.971 48.9337 10.3666 implement
170.356 661.971 5.28816 10.3666 a
178.154 661.971 26.3149 10.3666 rating
206.949 661.971 31.5015 10.3666 system
240.786 661.971 13.089 10.3666 for
256.384 661.971 24.6976 10.3666 these
283.5 661.971 68.8377 10.3666 counterparties;

102.082 689.295 5.0784 10.1568 •
119.006 690.046 45.5974 10.3666 exposures
168.084 690.046 9.41822 10.3666 to
181.042 690.046 53.1565 10.3666 institutions,
237.558 690.046 28.5406 10.3666 where
269.598 690.046 14.8576 10.3666 the
287.955 690.046 35.5333 10.3666 number
326.837 690.046 9.2471 10.3666 of
339.433 690.046 37.4422 10.3666 material
380.341 690.046 65.996 10.3666 counterparties
449.818 690.046 6.83376 10.3666 is
460.133 690.046 33.99 10.3666 limited,
497.601 690.046 16.836 10.3666 and
517.878 690.046 6.21883 10.3666 it

119.006 705.402 27.876 10.3666 would
150.323 705.402 11.2586 10.3666 be
165.081 705.402 30.5609 10.3666 unduly
199.159 705.402 56.8659 10.3666 burdensome
259.524 705.402 12.9731 10.3666 for
275.963 705.402 14.9791 10.3666 the
294.441 705.402 46.1163 10.3666 institution
343.999 705.402 9.41822 10.3666 to
356.957 705.402 48.9392 10.3666 implement
409.395 705.402 5.28816 10.3666 a
418.153 705.402 26.3205 10.3666 rating
447.912 705.402 31.5004 10.3666 system
482.829 705.402 13.0934 10.3666 for
499.387 705.402 24.8179 10.3666 these

119.006 720.88 68.8388 10.3666 counterparties;

102.082 748.204 5.0784 10.1568 •
119.006 748.955 45.5963 10.3666 exposures
170.368 748.955 8.31533 10.3666 in
184.411 748.955 66.2058 10.3666 non-significant
256.402 748.955 38.2757 10.3666 business
300.445 748.955 24.8323 10.3666 units,
331.04 748.955 9.59376 10.3666 as
346.4 748.955 18.3684 10.3666 well
370.52 748.955 9.59376 10.3666 as
385.88 748.955 41.2587 10.3666 exposure
432.924 748.955 30.9506 10.3666 classes
469.518 748.955 9.73286 10.3666 or
484.88 748.955 24.3576 10.3666 types
514.882 748.955 9.2471 10.3666 of

118.995 764.312 45.5974 10.3666 exposures
167.113 764.312 18.3385 10.3666 that
187.989 764.312 14.617 10.3666 are
205.025 764.312 48.5981 10.3666 immaterial
256.129 764.312 8.31312 10.3666 in
266.923 764.312 26.1571 10.3666 terms
295.484 764.312 9.2471 10.3666 of
307.237 764.312 16.5346 10.3666 size
326.311 764.312 16.8327 10.3666 and
345.625 764.312 43.9547 10.3666 perceived
392.06 764.312 15.7022 10.3666 risk
410.296 764.312 32.0524 10.3666 profile.

518.477 796.471 5.59728 10.3666 6

85.08 115.396 5.05632 10.6536 
102.126 116.743 29.1346 10.3666 Article
133.678 116.743 16.7576 10.3666 152
153.362 116.743 9.2471 10.3666 of
165.606 116.743 14.8576 10.3666 the
183.488 116.743 17.7545 10.3666 CRR
204.251 116.743 29.3907 10.3666 details
236.648 116.743 31.9266 10.3666 criteria
271.45 116.743 12.972 10.3666 for
287.413 116.743 14.8576 10.3666 the
305.284 116.743 15.7022 10.3666 risk
323.886 116.743 43.9547 10.3666 weighting
370.804 116.743 9.2471 10.3666 of
382.92 116.743 45.5985 10.3666 exposures
431.526 116.743 47.4378 10.3666 underlying
481.927 116.743 42.3285 10.3666 collective

102.126 132.221 50.4981 10.3666 investment
156.245 132.221 58.3166 10.3666 undertakings
218.164 132.221 29.4139 10.3666 (CIUs).
251.155 132.221 8.556 10.3666 In
263.273 132.221 31.2355 10.3666 certain
298.073 132.221 66.3636 10.3666 circumstances,
368.035 132.221 11.0764 10.3666 an
382.553 132.221 51.272 10.3666 augmented
437.4 132.221 11.4264 10.3666 SA
452.281 132.221 15.636 10.3666 can
471.48 132.221 11.2586 10.3666 be
486.36 132.221 21.3966 10.3666 used
511.319 132.221 12.9731 10.3666 for

102.126 147.577 14.978 10.3666 the
120.25 147.577 47.6796 10.3666 underlying
171.01 147.577 48.3828 10.3666 exposures.
222.373 147.577 43.0803 10.3666 However,
268.576 147.577 49.2362 10.3666 permission
320.9 147.577 9.41822 10.3666 to
333.504 147.577 15.4582 10.3666 use
352.109 147.577 14.978 10.3666 the
370.232 147.577 11.433 10.3666 SA
384.739 147.577 26.6528 10.3666 under
414.505 147.577 29.1346 10.3666 Article
446.176 147.577 16.6373 10.3666 150
465.982 147.577 9.2471 10.3666 of
478.342 147.577 14.9824 10.3666 the
496.464 147.577 17.8749 10.3666 CRR
517.462 147.577 6.83707 10.3666 is

102.137 163.056 15.6028 10.3666 still
120.61 163.056 38.4347 10.3666 required
161.891 163.056 8.31312 10.3666 in
172.93 163.056 24.6987 10.3666 these
200.415 163.056 23.9965 10.3666 cases
227.176 163.056 16.836 10.3666 and
246.735 163.056 14.978 10.3666 the
264.497 163.056 46.6771 10.3666 conditions
313.938 163.056 43.3596 10.3666 according
360.135 163.056 9.53856 10.3666 to
372.375 163.056 26.676 10.3666 which
401.896 163.056 49.0584 10.3666 competent
453.738 163.056 48.7162 10.3666 authorities
505.098 163.056 19.161 10.3666 may

102.137 178.534 23.7382 10.3666 grant
128.413 178.534 49.234 10.3666 permission
180.129 178.534 14.4933 10.3666 are
197.169 178.534 9.41822 10.3666 to
209.166 178.534 11.1394 10.3666 be
222.727 178.534 39.9869 10.3666 specified
265.209 178.534 8.31643 10.3666 in
276.006 178.534 19.0992 10.3666 RTS.

85.08 205.891 24.9912 10.3666 Being
112.549 205.891 19.0528 10.3666 able
134.141 205.891 9.53856 10.3666 to
146.258 205.891 24.3156 10.3666 apply
173.157 205.891 14.978 10.3666 the
190.678 205.891 11.4264 10.3666 SA
204.478 205.891 9.53856 10.3666 to
216.595 205.891 31.2366 10.3666 certain
250.312 205.891 45.5985 10.3666 exposures
298.439 205.891 60.1238 10.3666 permanently,
361.08 205.891 16.836 10.3666 and
380.397 205.891 48.8178 10.3666 implement
431.754 205.891 14.8576 10.3666 the
449.15 205.891 14.766 10.3666 IRB
466.428 205.891 42.2909 10.3666 approach
511.2 205.891 13.0923 10.3666 for

85.08 221.369 24.7329 10.3666 other
113.997 221.369 45.4782 10.3666 exposures
163.674 221.369 56.8781 10.3666 sequentially,
224.868 221.369 21.3569 10.3666 does
250.425 221.369 15.2186 10.3666 not
269.862 221.369 45.338 10.3666 constitute
319.539 221.369 5.28816 10.3666 a
328.909 221.369 19.1743 10.3666 new
352.426 221.369 41.3095 10.3666 provision
397.896 221.369 8.31312 10.3666 in
410.372 221.369 14.9791 10.3666 the
429.57 221.369 38.4799 10.3666 solvency
472.285 221.369 51.9807 10.3666 framework.

85.069 236.847 33.4733 10.3666 Articles
120.949 236.847 14.0429 10.3666 85,
137.388 236.847 11.1173 10.3666 87
153.704 236.847 16.836 10.3666 and
172.903 236.847 11.2387 10.3666 89
189.22 236.847 9.2471 10.3666 of
203.495 236.847 40.0586 10.3666 Directive
245.977 236.847 53.2846 10.3666 2006/48/EC
304.301 236.847 45.9187 10.3666 previously
355.416 236.847 39.8743 10.3666 provided
400.411 236.847 12.9698 10.3666 for
418.526 236.847 24.7075 10.3666 these
448.292 236.847 52.0624 10.3666 possibilities
505.514 236.847 8.31312 10.3666 in
518.948 236.847 5.28816 10.3666 a

85.0579 252.204 29.8809 10.3666 similar
117.445 252.204 9.2449 10.3666 (if
129.08 252.204 15.339 10.3666 not
146.838 252.204 41.6142 10.3666 identical)
190.747 252.204 37.7038 10.3666 manner.

85.0579 279.682 25.8358 10.3666 Given
114.215 279.682 18.4589 10.3666 that
136.173 279.682 14.8576 10.3666 the
154.53 279.682 24.2184 10.3666 three
182.13 279.682 44.3974 10.3666 mandates
230.009 279.682 36.7168 10.3666 (Articles
269.128 279.682 31.8007 10.3666 148(6),
303.33 279.682 28.9049 10.3666 150(3)
335.728 279.682 16.836 10.3666 and
355.052 279.682 29.0286 10.3666 152(5)
387.455 279.682 9.2471 10.3666 of
400.047 279.682 14.978 10.3666 the
418.411 279.682 21.2255 10.3666 CRR)
443.008 279.682 16.7157 10.3666 and
463.165 279.682 14.978 10.3666 the
481.642 279.682 42.6376 10.3666 proposed

85.0469 295.16 16.4673 10.3666 RTS
104.003 295.16 13.089 10.3666 for
119.475 295.16 21.273 10.3666 each
143.11 295.16 9.2471 10.3666 of
154.746 295.16 23.7018 10.3666 them
181.04 295.16 14.4944 10.3666 are
198.073 295.16 56.0512 10.3666 interrelated,
256.642 295.16 32.9169 10.3666 Section
292.047 295.16 5.59728 10.3666 4
300.087 295.16 9.2471 10.3666 of
311.727 295.16 16.3171 10.3666 this
330.444 295.16 45.8182 10.3666 document
378.801 295.16 38.6378 10.3666 presents
419.84 295.16 5.28816 10.3666 a
427.638 295.16 25.6581 10.3666 single
455.835 295.16 21.008 10.3666 legal
479.353 295.16 20.4251 10.3666 text.

85.0469 322.639 16.6572 10.3666 The
104.245 322.639 52.4367 10.3666 subsections
159.082 322.639 27.4499 10.3666 below
189.076 322.639 49.054 10.3666 summarise
240.549 322.639 14.978 10.3666 the
258.066 322.639 40.0498 10.3666 rationale
300.655 322.639 12.9731 10.3666 for
316.134 322.639 14.8587 10.3666 the
333.532 322.639 42.6387 10.3666 proposed
378.652 322.639 26.2355 10.3666 policy
407.324 322.639 36.0699 10.3666 choices.

85.08 350.496 55.404 11.256 Permanent
143.281 350.496 17.316 11.256 use
163.321 350.496 10.272 11.256 of
176.281 350.496 12.912 11.256 SA

85.08 376.663 16.6572 10.3666 The
104.996 376.663 46.6738 10.3666 conditions
154.794 376.663 9.2471 10.3666 of
167.265 376.663 49.5851 10.3666 application
220.048 376.663 9.2471 10.3666 of
232.519 376.663 29.012 10.3666 Article
263.994 376.663 41.0169 10.3666 150(1)(a)
308.147 376.663 9.53856 10.3666 to
320.871 376.663 11.2663 10.3666 (c)
335.39 376.663 9.2471 10.3666 of
347.865 376.663 14.8587 10.3666 the
365.981 376.663 17.876 10.3666 CRR
387.096 376.663 21.9696 10.3666 refer
412.195 376.663 9.53856 10.3666 to
424.92 376.663 14.9791 10.3666 the
443.045 376.663 50.0189 10.3666 permanent
496.205 376.663 15.5785 10.3666 use
514.93 376.663 9.2471 10.3666 of

85.08 392.141 14.978 10.3666 the
102.84 392.141 11.4319 10.3666 SA
117 392.141 10.7607 10.3666 by
130.44 392.141 14.7649 10.3666 IRB
147.959 392.141 53.0616 10.3666 institutions.
203.639 392.141 25.8358 10.3666 Given
232.079 392.141 18.46 10.3666 that
253.321 392.141 14.8576 10.3666 the
270.96 392.141 14.766 10.3666 IRB
288.361 392.141 43.2337 10.3666 Approach
334.318 392.141 15.3566 10.3666 has
352.438 392.141 22.5967 10.3666 been
377.638 392.141 44.9162 10.3666 calibrated
425.278 392.141 26.5335 10.3666 under
454.558 392.141 14.978 10.3666 the
472.318 392.141 51.9951 10.3666 assumption

85.08 407.619 18.4578 10.3666 that
110.879 407.619 10.329 10.3666 all
128.4 407.619 45.476 10.3666 exposures
181.2 407.619 29.7959 10.3666 should
218.279 407.619 11.2575 10.3666 be
236.759 407.619 33.2757 10.3666 treated
277.318 407.619 26.6528 10.3666 under
311.158 407.619 18.3385 10.3666 that
336.837 407.619 44.8798 10.3666 approach,
388.917 407.619 29.8577 10.3666 except
425.995 407.619 13.0923 10.3666 for
446.153 407.619 14.978 10.3666 the
468.351 407.619 24.734 10.3666 other
500.272 407.619 23.9965 10.3666 cases

85.08 422.976 62.7955 10.3666 contemplated
150.724 422.976 8.31643 10.3666 in
161.885 422.976 29.1346 10.3666 Article
193.438 422.976 41.379 10.3666 150(1)(d)
237.709 422.976 9.41822 10.3666 to
250.071 422.976 9.34205 10.3666 (j)
262.195 422.976 16.8327 10.3666 and
281.874 422.976 29.1335 10.3666 Article
313.431 422.976 29.1489 10.3666 150(2)
345.348 422.976 9.2471 10.3666 of
357.347 422.976 14.9791 10.3666 the
375.233 422.976 20.52 10.3666 CRR,
398.635 422.976 19.0418 10.3666 only
420.597 422.976 17.3372 10.3666 two
440.877 422.976 34.7959 10.3666 reasons
478.435 422.976 15.753 10.3666 can
497.038 422.976 27.197 10.3666 justify

85.08 438.454 14.978 10.3666 the
102.961 438.454 44.6756 10.3666 combined
150.482 438.454 15.4582 10.3666 use
168.843 438.454 9.2471 10.3666 of
180.965 438.454 21.0367 10.3666 both
204.725 438.454 52.0768 10.3666 approaches
259.565 438.454 11.6759 10.3666 on
274.086 438.454 5.28816 10.3666 a
282.247 438.454 49.7783 10.3666 permanent
334.927 438.454 24.9714 10.3666 basis.
362.758 438.454 13.1155 10.3666 On
378.719 438.454 14.978 10.3666 the
396.479 438.454 17.1374 10.3666 one
416.52 438.454 25.3202 10.3666 hand,
444.6 438.454 14.978 10.3666 the
462.481 438.454 31.2951 10.3666 degree
496.56 438.454 9.2471 10.3666 of
508.68 438.454 15.583 10.3666 risk

85.08 453.932 47.1971 10.3666 associated
134.88 453.932 19.9515 10.3666 with
157.555 453.932 45.4793 10.3666 exposures
205.677 453.932 33.3971 10.3666 treated
241.678 453.932 26.6528 10.3666 under
271.079 453.932 14.9769 10.3666 the
288.718 453.932 11.4319 10.3666 SA
302.878 453.932 29.9151 10.3666 should
335.518 453.932 11.2575 10.3666 be
349.558 453.932 34.0992 10.3666 limited.
386.395 453.932 17.9963 10.3666 This
407.035 453.932 30.0354 10.3666 should
439.794 453.932 45.6946 10.3666 guarantee
488.15 453.932 18.4589 10.3666 that
509.391 453.932 14.8576 10.3666 the

85.069 469.288 15.5785 10.3666 use
104.025 469.288 9.2471 10.3666 of
116.62 469.288 14.8587 10.3666 the
134.87 469.288 11.4319 10.3666 SA
149.626 469.288 10.7618 10.3666 by
163.783 469.288 14.7649 10.3666 IRB
181.899 469.288 50.2762 10.3666 institutions
235.534 469.288 21.3569 10.3666 does
260.251 469.288 15.2186 10.3666 not
278.847 469.288 25.6581 10.3666 result
307.884 469.288 8.31643 10.3666 in
319.52 469.288 10.9561 10.3666 an
333.796 469.288 74.6757 10.3666 underestimation
411.676 469.288 9.2471 10.3666 of
424.272 469.288 21.3712 10.3666 their
448.867 469.288 38.5572 10.3666 required
490.744 469.288 21.0047 10.3666 level
515.094 469.288 9.12677 10.3666 of

85.069 484.766 32.5305 10.3666 capital.
123.477 484.766 13.1155 10.3666 On
142.442 484.766 14.978 10.3666 the
163.326 484.766 24.6126 10.3666 other
193.81 484.766 25.1999 10.3666 hand,
224.894 484.766 14.978 10.3666 the
245.778 484.766 72.036 10.3666 implementation
323.538 484.766 9.2471 10.3666 of
338.662 484.766 5.28816 10.3666 a
349.797 484.766 26.3194 10.3666 rating
381.957 484.766 31.5015 10.3666 system
419.401 484.766 29.9162 10.3666 should
455.165 484.766 15.339 10.3666 not
476.409 484.766 11.2586 10.3666 be
493.573 484.766 30.5609 10.3666 unduly

85.069 500.244 59.6624 10.3666 burdensome.
147.944 500.244 18.004 10.3666 This
169.186 500.244 41.0368 10.3666 responds
213.461 500.244 9.53856 10.3666 to
226.296 500.244 14.978 10.3666 the
244.531 500.244 44.001 10.3666 necessary
291.805 500.244 42.6817 10.3666 efficiency
337.76 500.244 9.2471 10.3666 of
350.119 500.244 14.978 10.3666 the
368.354 500.244 14.766 10.3666 IRB
386.349 500.244 71.9168 10.3666 implementation
461.465 500.244 16.836 10.3666 and
481.499 500.244 42.6983 10.3666 therefore

85.069 515.601 6.83707 10.3666 is
94.4265 515.601 15.339 10.3666 not
112.305 515.601 31.9564 10.3666 related
146.742 515.601 9.41822 10.3666 to
158.739 515.601 14.978 10.3666 the
176.137 515.601 21.0058 10.3666 level
199.664 515.601 15.5785 10.3666 risk
217.781 515.601 47.6796 10.3666 underlying
267.933 515.601 14.8576 10.3666 the
285.33 515.601 48.2625 10.3666 exposures.

85.0579 543.08 11.2177 10.3666 To
99.3326 543.08 31.0412 10.3666 specify
133.537 543.08 24.6987 10.3666 these
161.262 543.08 49.3102 10.3666 conditions,
213.696 543.08 14.978 10.3666 the
231.7 543.08 17.791 10.3666 EBA
252.463 543.08 42.4764 10.3666 considers
297.931 543.08 18.4589 10.3666 that
319.415 543.08 5.28816 10.3666 a
327.692 543.08 56.548 10.3666 combination
387.208 543.08 9.2471 10.3666 of
399.453 543.08 54.3289 10.3666 quantitative
456.928 543.08 16.8338 10.3666 and
476.85 543.08 47.3671 10.3666 qualitative

85.0579 558.558 31.9266 10.3666 criteria
119.981 558.558 35.0399 10.3666 ensures
158.028 558.558 14.978 10.3666 the
176.032 558.558 33.0361 10.3666 desired
212.157 558.558 41.0169 10.3666 objective
256.197 558.558 19.5441 10.3666 and,
278.865 558.558 8.97883 10.3666 at
290.869 558.558 14.978 10.3666 the
308.873 558.558 23.8541 10.3666 same
335.753 558.558 23.2734 10.3666 time,
362.029 558.558 51.3581 10.3666 contributes
416.395 558.558 9.41822 10.3666 to
428.876 558.558 14.8587 10.3666 the
446.881 558.558 65.1967 10.3666 harmonisation
515.046 558.558 9.2471 10.3666 of

85.069 573.914 14.978 10.3666 the
102.589 573.914 21.9564 10.3666 rules
126.944 573.914 33.1476 10.3666 applied
162.572 573.914 28.194 10.3666 across
193.286 573.914 14.8576 10.3666 the
210.683 573.914 15.2584 10.3666 EU.

85.08 601.896 61.296 11.268 Quantitative
149.04 601.896 34.668 11.268 criteria

85.08 628.063 16.6583 10.3666 The
111.122 628.063 35.5333 10.3666 number
155.884 628.063 9.2471 10.3666 of
174.36 628.063 37.324 10.3666 material
221.035 628.063 65.9938 10.3666 counterparties
296.394 628.063 29.9129 10.3666 should
335.633 628.063 11.2575 10.3666 be
356.274 628.063 31.347 10.3666 limited
396.948 628.063 13.0901 10.3666 for
419.283 628.063 45.4793 10.3666 exposures
474.125 628.063 9.53856 10.3666 to
492.966 628.063 31.3271 10.3666 central

85.08 643.541 89.5123 10.3666 governments/banks
180.955 643.541 16.836 10.3666 and
204.114 643.541 50.5168 10.3666 institutions
261.002 643.541 32.3682 10.3666 (Article
295.789 643.541 40.8999 10.3666 150(1)(a)
343.064 643.541 16.836 10.3666 and
366.222 643.541 18.6156 10.3666 (b)).
391.175 643.541 16.656 10.3666 The
414.212 643.541 17.7921 10.3666 EBA
438.331 643.541 49.4758 10.3666 considered
494.13 643.541 18.4589 10.3666 that
518.969 643.541 5.28816 10.3666 a

85.0579 659.019 54.5663 10.3666 quantitative
142.409 659.019 43.2282 10.3666 definition
188.483 659.019 9.2471 10.3666 of
200.479 659.019 14.8587 10.3666 the
218.241 659.019 26.1571 10.3666 terms
247.283 659.019 42.8308 10.3666 ‘material’
292.995 659.019 16.8327 10.3666 and
312.674 659.019 36.835 10.3666 ‘limited’
352.27 659.019 30.0332 10.3666 should
385.148 659.019 11.2586 10.3666 be
399.31 659.019 45.1437 10.3666 proposed.
447.313 659.019 43.0814 10.3666 However,
493.276 659.019 22.8042 10.3666 since
518.864 659.019 5.28816 10.3666 a

85.069 674.376 22.2942 10.3666 large
111.344 674.376 35.5322 10.3666 number
150.702 674.376 9.2471 10.3666 of
163.901 674.376 48.6036 10.3666 immaterial
216.457 674.376 65.9927 10.3666 counterparties
286.428 674.376 15.753 10.3666 can
306.107 674.376 17.8119 10.3666 also
327.825 674.376 19.1102 10.3666 lead
350.862 674.376 9.53746 10.3666 to
364.425 674.376 11.0731 10.3666 an
379.303 674.376 41.9763 10.3666 excessive
425.264 674.376 35.0189 10.3666 amount
464.268 674.376 9.24821 10.3666 of
477.468 674.376 15.7022 10.3666 risk
497.15 674.376 8.31312 10.3666 in
509.391 674.376 14.8576 10.3666 the

85.069 689.854 41.2598 10.3666 exposure
129.354 689.854 23.8652 10.3666 class,
156.222 689.854 14.978 10.3666 the
174.225 689.854 17.6673 10.3666 EBA
194.863 689.854 17.8119 10.3666 also
215.74 689.854 49.4758 10.3666 considered
268.182 689.854 30.6404 10.3666 setting
301.784 689.854 5.28816 10.3666 a
310.064 689.854 44.8169 10.3666 maximum
357.944 689.854 35.0189 10.3666 amount
395.987 689.854 9.24821 10.3666 of
408.227 689.854 15.7022 10.3666 risk
426.949 689.854 8.31312 10.3666 in
438.23 689.854 14.8587 10.3666 the
456.113 689.854 41.2609 10.3666 exposure
500.399 689.854 23.8751 10.3666 class,

85.069 705.332 34.2361 10.3666 defined
121.786 705.332 8.31533 10.3666 in
132.583 705.332 26.1571 10.3666 terms
161.14 705.332 9.2471 10.3666 of
172.897 705.332 21.0356 10.3666 both
196.308 705.332 41.2576 10.3666 exposure
239.982 705.332 24.0915 10.3666 value
266.622 705.332 16.8327 10.3666 and
285.936 705.332 60.7575 10.3666 risk-weighted
349.178 705.332 41.2598 10.3666 exposure
392.855 705.332 42.2622 10.3666 amounts.

85.0579 732.689 8.556 10.3666 In
100.179 732.689 14.9791 10.3666 the
121.66 732.689 23.9789 10.3666 more
152.142 732.689 33.608 10.3666 general
192.224 732.689 19.6578 10.3666 case
218.384 732.689 9.24821 10.3666 of
234.226 732.689 38.2768 10.3666 business
278.989 732.689 22.0767 10.3666 units
307.671 732.689 16.836 10.3666 and
330.953 732.689 41.2609 10.3666 exposure
378.718 732.689 30.8369 10.3666 classes
416.038 732.689 9.73286 10.3666 or
432.238 732.689 24.2372 10.3666 types
462.959 732.689 9.2471 10.3666 of
478.679 732.689 45.5996 10.3666 exposures

85.0579 748.167 32.494 10.3666 (Article
119.977 748.167 46.4342 10.3666 150(1)(c)),
169.415 748.167 19.8808 10.3666 they
192.337 748.167 30.0332 10.3666 should
225.337 748.167 11.2575 10.3666 be
239.619 748.167 48.8399 10.3666 immaterial
291.451 748.167 8.31312 10.3666 in
302.73 748.167 26.0367 10.3666 terms
331.773 748.167 9.24821 10.3666 of
344.013 748.167 16.6549 10.3666 size
363.693 748.167 16.8327 10.3666 and
383.493 748.167 44.0761 10.3666 perceived
430.536 748.167 15.7022 10.3666 risk
449.137 748.167 29.3697 10.3666 profile
481.537 748.167 9.53856 10.3666 to
494.141 748.167 30.073 10.3666 qualify

85.0579 763.645 13.0934 10.3666 for
102.101 763.645 14.9791 10.3666 the
121.183 763.645 49.7783 10.3666 permanent
174.947 763.645 50.8933 10.3666 exemption.
229.903 763.645 62.4301 10.3666 Consideration
296.264 763.645 17.5139 10.3666 was
317.748 763.645 23.916 10.3666 given
345.592 763.645 9.53856 10.3666 to
359.152 763.645 30.6404 10.3666 setting
393.825 763.645 11.0731 10.3666 an
408.821 763.645 30.3633 10.3666 overall
443.253 763.645 20.0122 10.3666 limit
467.274 763.645 13.0923 10.3666 for
484.308 763.645 14.978 10.3666 the
503.273 763.645 21.008 10.3666 total

518.51 796.522 5.59728 10.3666 7

85.08 116.743 41.2598 10.3666 exposure
129.715 116.743 20.8877 10.3666 level
153.959 116.743 35.1955 10.3666 allowed
192.475 116.743 26.5324 10.3666 under
222.351 116.743 14.978 10.3666 the
240.587 116.743 14.1665 10.3666 SA,
257.988 116.743 12.9676 10.3666 for
274.306 116.743 43.555 10.3666 sub-limits
320.979 116.743 10.7618 10.3666 by
335.139 116.743 41.1384 10.3666 exposure
379.534 116.743 45.2276 10.3666 class/type
428.019 116.743 9.2471 10.3666 of
440.374 116.743 83.8896 10.3666 exposure/business

85.069 132.221 17.738 10.3666 unit
105.592 132.221 16.836 10.3666 and
125.155 132.221 13.089 10.3666 for
140.998 132.221 5.28816 10.3666 a
148.917 132.221 34.8974 10.3666 mixture
186.475 132.221 9.2471 10.3666 of
198.474 132.221 14.8587 10.3666 the
216.115 132.221 20.1833 10.3666 two.
239.033 132.221 12.155 10.3666 An
253.791 132.221 30.4848 10.3666 overall
287.035 132.221 20.0122 10.3666 limit
309.711 132.221 27.7557 10.3666 would
340.191 132.221 11.2575 10.3666 be
354.231 132.221 14.978 10.3666 the
371.991 132.221 21.2178 10.3666 least
395.991 132.221 56.6175 10.3666 burdensome
455.39 132.221 13.0923 10.3666 for
471.11 132.221 53.1852 10.3666 institutions.

85.069 147.577 8.556 10.3666 In
96.5925 147.577 20.9705 10.3666 view
120.47 147.577 9.2471 10.3666 of
132.709 147.577 14.8576 10.3666 the
150.591 147.577 19.4149 10.3666 ‘size
173.031 147.577 16.8338 10.3666 and
192.832 147.577 43.9524 10.3666 perceived
239.752 147.577 15.7033 10.3666 risk
258.474 147.577 32.0326 10.3666 profile’
293.51 147.577 34.5574 10.3666 criteria,
330.952 147.577 14.978 10.3666 the
348.955 147.577 17.7921 10.3666 EBA
369.718 147.577 49.3554 10.3666 considered
422.04 147.577 18.4578 10.3666 that
443.522 147.577 20.4361 10.3666 such
466.909 147.577 24.4757 10.3666 limits
494.388 147.577 29.9173 10.3666 should

85.069 163.056 11.2575 10.3666 be
98.8656 163.056 13.5384 10.3666 set
114.823 163.056 8.31533 10.3666 in
125.62 163.056 26.1571 10.3666 terms
154.177 163.056 9.2471 10.3666 of
165.814 163.056 21.1758 10.3666 both
189.353 163.056 41.2598 10.3666 exposure
233.03 163.056 24.0915 10.3666 value
259.545 163.056 16.836 10.3666 and
278.865 163.056 60.8735 10.3666 risk-weighted
342.219 163.056 41.2598 10.3666 exposure
385.899 163.056 42.26 10.3666 amounts.

85.0579 190.534 8.556 10.3666 In
96.2194 190.534 10.3224 10.3666 all
109.169 190.534 26.8934 10.3666 cases,
138.581 190.534 14.9791 10.3666 the
156.101 190.534 21.008 10.3666 total
179.74 190.534 35.0189 10.3666 amount
217.42 190.534 32.0061 10.3666 eligible
252.086 190.534 12.9731 10.3666 for
267.687 190.534 14.978 10.3666 the
285.224 190.534 11.4319 10.3666 SA
299.263 190.534 29.9162 10.3666 should
331.781 190.534 11.2575 10.3666 be
345.699 190.534 44.7959 10.3666 measured
393.098 190.534 9.59707 10.3666 as
405.217 190.534 5.28816 10.3666 a
413.136 190.534 34.5386 10.3666 percent
450.335 190.534 9.25483 10.3666 of
462.096 190.534 14.978 10.3666 the
479.735 190.534 21.008 10.3666 total
503.253 190.534 21.008 10.3666 level

85.0579 205.891 9.2471 10.3666 of
100.293 205.891 41.1384 10.3666 exposure
147.448 205.891 18.3385 10.3666 that
171.804 205.891 29.9151 10.3666 should
207.563 205.891 32.3604 10.3666 initially
245.957 205.891 11.2586 10.3666 be
263.112 205.891 33.2757 10.3666 treated
302.346 205.891 26.6528 10.3666 under
334.861 205.891 14.978 10.3666 the
355.856 205.891 14.6457 10.3666 IRB
376.491 205.891 43.2801 10.3666 Approach
425.73 205.891 18.2182 10.3666 (the
449.855 205.891 16.2961 10.3666 ‘set
472.057 205.891 9.2471 10.3666 of
487.294 205.891 36.9332 10.3666 relevant

85.0469 221.369 54.5045 10.3666 exposures’).
142.654 221.369 47.1585 10.3666 Therefore,
192.936 221.369 14.978 10.3666 the
210.94 221.369 46.3172 10.3666 categories
260.385 221.369 9.2471 10.3666 of
272.625 221.369 45.5996 10.3666 exposures
321.353 221.369 33.0814 10.3666 already
357.597 221.369 33.9381 10.3666 exempt
394.681 221.369 26.6528 10.3666 under
424.446 221.369 29.0175 10.3666 Article
455.969 221.369 16.7576 10.3666 150
475.893 221.369 29.9162 10.3666 should
508.897 221.369 15.339 10.3666 not

85.0469 236.847 11.2575 10.3666 be
100.522 236.847 25.3556 10.3666 taken
130.036 236.847 17.6971 10.3666 into
151.99 236.847 35.6184 10.3666 account
191.825 236.847 9.53856 10.3666 to
205.526 236.847 20.1381 10.3666 limit
229.882 236.847 14.978 10.3666 the
249.077 236.847 49.7783 10.3666 permanent
303.073 236.847 15.5774 10.3666 use
322.752 236.847 9.2471 10.3666 of
336.188 236.847 14.978 10.3666 the
355.405 236.847 11.4319 10.3666 SA
371.001 236.847 22.7755 10.3666 since
397.993 236.847 19.8808 10.3666 they
422.108 236.847 20.0354 10.3666 fulfil
446.328 236.847 10.3224 10.3666 all
460.834 236.847 14.978 10.3666 the
480.029 236.847 44.118 10.3666 necessary

85.0469 252.204 31.9266 10.3666 criteria
120.683 252.204 9.41822 10.3666 to
133.883 252.204 11.2575 10.3666 be
148.764 252.204 33.2746 10.3666 treated
185.724 252.204 26.6539 10.3666 under
216.087 252.204 16.316 10.3666 this
236.129 252.204 42.2766 10.3666 approach
281.97 252.204 19.5816 10.3666 (e.g.
305.25 252.204 14.978 10.3666 the
323.85 252.204 45.5985 10.3666 exposures
373.172 252.204 9.41822 10.3666 to
386.373 252.204 38.7725 10.3666 Member
428.852 252.204 27.4708 10.3666 States
460.047 252.204 18.4589 10.3666 that
482.128 252.204 23.4986 10.3666 meet
509.369 252.204 14.8587 10.3666 the

85.0469 267.682 60.837 10.3666 requirements
152.245 267.682 8.31643 10.3666 in
166.884 267.682 29.1346 10.3666 Article
198.439 267.682 47.6464 10.3666 150(1)(d)).
252.435 267.682 20.4814 10.3666 Only
279.314 267.682 14.978 10.3666 the
300.674 267.682 43.2271 10.3666 definition
350.223 267.682 9.2471 10.3666 of
365.818 267.682 42.8308 10.3666 ‘material’
415.008 267.682 58.523 10.3666 counterparty
479.929 267.682 15.3544 10.3666 has
501.647 267.682 22.5956 10.3666 been

85.0358 283.16 39.9869 10.3666 specified
128.707 283.16 49.5508 10.3666 differently,
181.978 283.16 13.5803 10.3666 i.e.
199.257 283.16 8.31312 10.3666 in
211.135 283.16 26.1593 10.3666 terms
241.018 283.16 9.2471 10.3666 of
253.974 283.16 32.0072 10.3666 eligible
289.724 283.16 29.6402 10.3666 capital
323.074 283.16 9.16982 10.3666 of
335.953 283.16 14.978 10.3666 the
354.673 283.16 48.8421 10.3666 institution,
407.236 283.16 36.8173 10.3666 because
447.678 283.16 34.5994 10.3666 nothing
485.953 283.16 38.2668 10.3666 suggests

85.0358 298.638 18.4578 10.3666 that
106.033 298.638 6.21773 10.3666 it
114.79 298.638 29.9151 10.3666 should
147.187 298.638 11.2586 10.3666 be
160.984 298.638 27.0359 10.3666 linked
190.502 298.638 9.41822 10.3666 to
202.499 298.638 14.8576 10.3666 the
219.896 298.638 16.3138 10.3666 ‘set
238.629 298.638 9.2471 10.3666 of
250.266 298.638 37.0613 10.3666 relevant
289.751 298.638 51.0269 10.3666 exposures’.

85.0358 325.995 16.6583 10.3666 The
107.116 325.995 42.5161 10.3666 proposed
154.873 325.995 47.2766 10.3666 thresholds
207.43 325.995 15.488 10.3666 will
228.31 325.995 46.7776 10.3666 determine
280.39 325.995 14.978 10.3666 the
300.547 325.995 44.8202 10.3666 maximum
350.713 325.995 21.0047 10.3666 level
376.867 325.995 9.2471 10.3666 of
391.38 325.995 41.2609 10.3666 exposure
437.943 325.995 20.074 10.3666 (and
463.379 325.995 60.8823 10.3666 risk-weighted

85.0248 341.473 44.627 10.3666 exposure)
132.309 341.473 18.4556 10.3666 that
153.546 341.473 6.83376 10.3666 is
163.024 341.473 35.307 10.3666 allowed
200.935 341.473 12.9731 10.3666 for
216.657 341.473 14.766 10.3666 IRB
234.057 341.473 50.3921 10.3666 institutions
287.092 341.473 9.53856 10.3666 to
299.332 341.473 11.2575 10.3666 be
313.253 341.473 31.889 10.3666 eligible
347.924 341.473 13.089 10.3666 for
363.674 341.473 14.978 10.3666 the
381.314 341.473 14.182 10.3666 SA.
398.234 341.473 26.9199 10.3666 When
427.757 341.473 44.6767 10.3666 measured
475.159 341.473 8.31312 10.3666 in
486.195 341.473 26.0378 10.3666 terms
514.877 341.473 9.2471 10.3666 of

85.0358 356.951 14.978 10.3666 the
102.917 356.951 16.178 10.3666 ‘set
121.877 356.951 9.2471 10.3666 of
133.998 356.951 37.058 10.3666 relevant
173.839 356.951 50.996 10.3666 exposures’,
227.717 356.951 16.316 10.3666 this
246.796 356.951 44.7021 10.3666 maximum
294.438 356.951 35.0123 10.3666 amount
332.354 356.951 15.4814 10.3666 will
350.706 356.951 11.2586 10.3666 be
364.746 356.951 14.978 10.3666 the
382.628 356.951 23.7382 10.3666 same
409.27 356.951 28.1951 10.3666 across
440.349 356.951 10.2054 10.3666 all
453.425 356.951 14.766 10.3666 IRB
471.062 356.951 53.1896 10.3666 institutions.

85.0248 372.308 43.0759 10.3666 However,
130.982 372.308 24.9912 10.3666 when
158.818 372.308 44.7959 10.3666 measured
206.459 372.308 32.0182 10.3666 against
241.381 372.308 24.734 10.3666 other
268.863 372.308 33.3563 10.3666 metrics
305.223 372.308 19.4624 10.3666 (e.g.
327.545 372.308 21.1261 10.3666 total
351.546 372.308 34.7694 10.3666 balance
389.22 372.308 24.6987 10.3666 sheet
416.823 372.308 9.73286 10.3666 or
429.426 372.308 14.8587 10.3666 the
447.31 372.308 53.1598 10.3666 institution’s
503.357 372.308 20.8833 10.3666 total

85.0248 387.786 19.596 10.3666 own
107.101 387.786 31.0853 10.3666 funds),
140.584 387.786 16.3138 10.3666 this
159.418 387.786 15.4825 10.3666 will
177.289 387.786 11.2586 10.3666 be
191.087 387.786 33.4368 10.3666 directly
226.959 387.786 27.1507 10.3666 linked
256.474 387.786 9.53856 10.3666 to
268.474 387.786 14.978 10.3666 the
285.991 387.786 33.2205 10.3666 specific
321.622 387.786 63.8344 10.3666 circumstances
387.86 387.786 9.2471 10.3666 of
399.495 387.786 21.2752 10.3666 each
423.251 387.786 48.8564 10.3666 institution.

85.08 415.776 53.6148 11.268 Qualitative
141.479 415.776 34.668 11.268 criteria

85.08 441.943 49.1644 10.3666 Qualitative
138.947 441.943 31.8062 10.3666 criteria
175.424 441.943 21.4584 10.3666 have
201.585 441.943 22.4763 10.3666 been
228.706 441.943 39.8765 10.3666 specified
273.227 441.943 9.41822 10.3666 to
287.388 441.943 46.7798 10.3666 determine
338.871 441.943 37.929 10.3666 whether
381.468 441.943 14.978 10.3666 the
401.149 441.943 32.4366 10.3666 burden
438.108 441.943 9.24821 10.3666 of
451.909 441.943 62.44 10.3666 implementing
518.991 441.943 5.28816 10.3666 a

85.08 457.299 30.5918 10.3666 ratings
119.87 457.299 31.5015 10.3666 system
155.626 457.299 27.7557 10.3666 would
187.54 457.299 11.2575 10.3666 be
203.015 457.299 36.0357 10.3666 justified
243.21 457.299 10.7607 10.3666 by
258.09 457.299 14.978 10.3666 the
277.285 457.299 40.5687 10.3666 potential
321.965 457.299 36.4773 10.3666 benefits
362.525 457.299 9.2471 10.3666 of
375.965 457.299 25.0001 10.3666 doing
405.125 457.299 12.9819 10.3666 so.
422.17 457.299 26.3768 10.3666 These
452.646 457.299 31.9266 10.3666 criteria
488.647 457.299 22.091 10.3666 refer
514.801 457.299 9.41822 10.3666 to

85.091 472.777 25.1778 10.3666 those
118.451 472.777 37.1982 10.3666 features
163.689 472.777 9.2471 10.3666 of
181.089 472.777 14.9791 10.3666 the
204.128 472.777 44.4404 10.3666 modelling
256.688 472.777 34.3167 10.3666 process
299.045 472.777 18.4589 10.3666 that
325.563 472.777 46.8979 10.3666 determine
380.643 472.777 14.978 10.3666 the
403.68 472.777 30.4848 10.3666 overall
442.312 472.777 18.4589 10.3666 cost
468.833 472.777 9.2471 10.3666 of
486.227 472.777 14.978 10.3666 the
509.386 472.777 14.7649 10.3666 IRB

85.091 488.256 72.0283 10.3666 implementation
160.45 488.256 20.5554 10.3666 such
184.326 488.256 9.47674 10.3666 as
197.162 488.256 14.8576 10.3666 the
215.398 488.256 40.4428 10.3666 technical
259.069 488.256 16.8338 10.3666 and
279.223 488.256 51.729 10.3666 operational
334.297 488.256 52.1839 10.3666 possibilities
389.72 488.256 9.2471 10.3666 of
402.312 488.256 49.1148 10.3666 developing
454.743 488.256 5.28816 10.3666 a
463.377 488.256 26.3172 10.3666 rating
493.01 488.256 31.22 10.3666 model.

85.091 503.612 14.7671 10.3666 For
105.968 503.612 14.978 10.3666 the
127.084 503.612 33.8409 10.3666 former,
166.921 503.612 14.978 10.3666 the
188.038 503.612 53.0726 10.3666 information
247.19 503.612 39.5596 10.3666 available
292.888 503.612 12.9731 10.3666 for
311.966 503.612 65.8757 10.3666 counterparties
383.878 503.612 30.0321 10.3666 (which
419.989 503.612 15.636 10.3666 can
441.705 503.612 11.2575 10.3666 be
459.101 503.612 49.4758 10.3666 considered
514.657 503.612 9.59707 10.3666 as

85.069 519.09 65.6196 10.3666 representative
154.553 519.09 9.2471 10.3666 of
167.512 519.09 25.0586 10.3666 those
196.435 519.09 8.31643 10.3666 in
208.557 519.09 14.978 10.3666 the
227.386 519.09 41.2598 10.3666 exposure
272.509 519.09 24.3399 10.3666 class)
300.702 519.09 29.9162 10.3666 should
334.424 519.09 11.2586 10.3666 be
349.547 519.09 52.3417 10.3666 considered.
405.708 519.09 14.6523 10.3666 For
424.189 519.09 14.9791 10.3666 the
443.032 519.09 27.2335 10.3666 latter,
474.108 519.09 14.8587 10.3666 the
492.83 519.09 18.4578 10.3666 cost
515.031 519.09 9.2471 10.3666 of

85.069 534.568 49.3576 10.3666 developing
137.268 534.568 5.28816 10.3666 a
145.427 534.568 30.594 10.3666 ratings
178.906 534.568 31.5004 10.3666 system
213.347 534.568 43.842 10.3666 (including
260.031 534.568 14.978 10.3666 the
277.916 534.568 22.6762 10.3666 costs
303.477 534.568 37.716 10.3666 incurred
344.038 534.568 8.31533 10.3666 in
355.196 534.568 41.3227 10.3666 acquiring
399.356 534.568 28.7934 10.3666 access
430.909 534.568 9.53746 10.3666 to
443.269 534.568 14.9791 10.3666 the
461.158 534.568 37.0558 10.3666 relevant
501.117 534.568 23.1454 10.3666 data)

85.069 549.925 16.836 10.3666 and
104.389 549.925 14.978 10.3666 the
121.909 549.925 51.7246 10.3666 operational
176.14 549.925 36.6749 10.3666 capacity
215.385 549.925 9.2471 10.3666 of
227.022 549.925 14.9791 10.3666 the
244.42 549.925 46.1185 10.3666 institution
293.018 549.925 29.914 10.3666 should
325.413 549.925 11.2575 10.3666 be
339.21 549.925 39.8654 10.3666 relevant.

85.08 577.896 49.692 11.268 Exposures
137.4 577.896 51.972 11.268 underlying
192.12 577.896 21.732 11.268 CIUs

85.08 604.063 29.1346 10.3666 Article
116.632 604.063 16.7576 10.3666 152
135.952 604.063 12.2213 10.3666 (2)
153.113 604.063 28.311 10.3666 allows
186.231 604.063 13.0901 10.3666 for
204.11 604.063 5.28816 10.3666 a
214.311 604.063 58.3497 10.3666 look-through
277.548 604.063 42.2755 10.3666 approach
324.593 604.063 26.6528 10.3666 under
356.156 604.063 31.3558 10.3666 certain
392.399 604.063 49.3389 10.3666 conditions.
446.519 604.063 8.556 10.3666 In
459.962 604.063 16.316 10.3666 this
481.205 604.063 22.5602 10.3666 case,
508.688 604.063 15.5785 10.3666 risk

85.08 619.541 34.9129 10.3666 weights
123.599 619.541 21.4584 10.3666 have
148.678 619.541 9.41712 10.3666 to
161.757 619.541 11.2586 10.3666 be
176.637 619.541 45.6349 10.3666 calculated
225.836 619.541 43.4788 10.3666 according
272.869 619.541 9.53856 10.3666 to
285.949 619.541 14.978 10.3666 the
304.549 619.541 47.5592 10.3666 underlying
355.663 619.541 45.5963 10.3666 exposures
404.754 619.541 9.2471 10.3666 of
417.589 619.541 14.978 10.3666 the
436.188 619.541 15.6072 10.3666 CIU
455.384 619.541 9.59376 10.3666 as
468.58 619.541 5.88432 10.3666 if
478.052 619.541 20.0012 10.3666 they
501.573 619.541 22.6585 10.3666 were

85.069 635.019 26.018 10.3666 direct
113.626 635.019 45.4771 10.3666 exposures
161.507 635.019 9.2471 10.3666 of
173.263 635.019 14.978 10.3666 the
190.66 635.019 48.8619 10.3666 institution.

85.069 662.376 30.4583 10.3666 Where
118.785 662.376 14.978 10.3666 the
137.021 662.376 46.1086 10.3666 institution
186.329 662.376 15.3533 10.3666 has
204.941 662.376 38.3165 10.3666 received
246.463 662.376 39.245 10.3666 approval
288.937 662.376 9.53856 10.3666 to
301.773 662.376 24.3156 10.3666 apply
329.364 662.376 14.978 10.3666 the
347.6 662.376 14.766 10.3666 IRB
365.596 662.376 43.3872 10.3666 Approach
412.184 662.376 9.41822 10.3666 to
424.9 662.376 14.9791 10.3666 the
443.137 662.376 19.8974 10.3666 type
466.297 662.376 9.2471 10.3666 of
478.773 662.376 45.4793 10.3666 exposures

85.0579 677.854 9.53856 10.3666 to
99.4618 677.854 26.676 10.3666 which
130.907 677.854 14.978 10.3666 the
150.702 677.854 47.5592 10.3666 underlying
203.019 677.854 45.5963 10.3666 exposures
253.421 677.854 9.2471 10.3666 of
267.46 677.854 14.978 10.3666 the
287.263 677.854 15.7276 10.3666 CIU
307.782 677.854 33.2348 10.3666 belong,
345.823 677.854 24.8179 10.3666 these
375.465 677.854 47.6796 10.3666 underlying
427.908 677.854 45.5963 10.3666 exposures
478.312 677.854 29.9151 10.3666 should
513.115 677.854 11.1383 10.3666 be

85.069 693.332 33.396 10.3666 treated
122.273 693.332 26.6528 10.3666 under
152.876 693.332 14.8587 10.3666 the
171.72 693.332 14.7649 10.3666 IRB
190.322 693.332 43.3464 10.3666 Approach
237.595 693.332 14.0616 10.3666 (cf.
255.598 693.332 29.0164 10.3666 Article
287.145 693.332 29.022 10.3666 152(1)
319.912 693.332 9.2471 10.3666 of
333.116 693.332 14.8576 10.3666 the
351.959 693.332 23.8928 10.3666 CRR).
379.793 693.332 8.556 10.3666 In
392.276 693.332 16.3171 10.3666 this
412.439 693.332 22.4399 10.3666 case,
438.844 693.332 5.76619 10.3666 if
448.566 693.332 14.978 10.3666 the
467.53 693.332 45.9971 10.3666 institution
517.454 693.332 6.83597 10.3666 is

85.069 708.689 35.317 10.3666 allowed
123.231 708.689 9.41822 10.3666 to
135.592 708.689 15.4571 10.3666 use
153.832 708.689 14.978 10.3666 the
171.713 708.689 11.4319 10.3666 SA
185.874 708.689 57.3208 10.3666 permanently
246.109 708.689 12.9731 10.3666 for
261.832 708.689 18.4567 10.3666 that
283.07 708.689 43.0858 10.3666 particular
329.024 708.689 19.8985 10.3666 type
351.705 708.689 9.2471 10.3666 of
363.701 708.689 44.0419 10.3666 exposure,
410.503 708.689 14.978 10.3666 the
428.269 708.689 47.6829 10.3666 underlying
478.79 708.689 45.4771 10.3666 exposures

85.069 724.167 9.2471 10.3666 of
98.2684 724.167 14.978 10.3666 the
117.111 724.167 15.7276 10.3666 CIU
136.791 724.167 29.9162 10.3666 should
170.629 724.167 17.813 10.3666 also
192.466 724.167 11.2575 10.3666 be
207.469 724.167 60.869 10.3666 risk-weighted
272.263 724.167 8.31312 10.3666 in
284.503 724.167 51.0953 10.3666 accordance
339.584 724.167 9.41822 10.3666 to
353.032 724.167 14.978 10.3666 the
371.877 724.167 14.1754 10.3666 SA.
389.994 724.167 43.0825 10.3666 However,
436.92 724.167 8.31312 10.3666 in
449.16 724.167 24.6976 10.3666 these
477.839 724.167 46.4398 10.3666 situations,

85.08 739.645 24.8179 10.3666 these
113.76 739.645 47.6796 10.3666 underlying
165.116 739.645 45.476 10.3666 exposures
214.436 739.645 30.0354 10.3666 should
248.273 739.645 17.9334 10.3666 also
270.11 739.645 11.1383 10.3666 be
285.113 739.645 25.2341 10.3666 taken
314.153 739.645 17.696 10.3666 into
335.753 739.645 35.6161 10.3666 account
375.233 739.645 24.8764 10.3666 when
403.915 739.645 41.5612 10.3666 assessing
449.158 739.645 51.3382 10.3666 compliance
504.36 739.645 19.8356 10.3666 with

85.08 755.002 14.978 10.3666 the
106.439 755.002 31.6815 10.3666 ‘partial
144.469 755.002 18.2403 10.3666 use’
169.068 755.002 22.8351 10.3666 limit.
198.24 755.002 47.1596 10.3666 Therefore,
251.76 755.002 14.8587 10.3666 the
273 755.002 21.9575 10.3666 rules
301.319 755.002 42.5161 10.3666 proposed
350.158 755.002 8.31533 10.3666 in
364.797 755.002 24.6987 10.3666 these
395.758 755.002 16.4662 10.3666 RTS
418.555 755.002 12.9731 10.3666 for
437.874 755.002 14.8576 10.3666 the
459.113 755.002 49.7175 10.3666 application
515.035 755.002 9.2471 10.3666 of

518.521 796.523 5.59728 10.3666 8

85.08 116.743 29.1346 10.3666 Article
116.632 116.743 29.0253 10.3666 150(1)
148.67 116.743 9.2471 10.3666 of
160.914 116.743 14.8576 10.3666 the
178.796 116.743 17.8749 10.3666 CRR
199.675 116.743 21.9387 10.3666 treat
224.639 116.743 14.9791 10.3666 the
242.643 116.743 47.5603 10.3666 underlying
293.166 116.743 45.5985 10.3666 exposures
341.771 116.743 9.2471 10.3666 of
354.013 116.743 14.8587 10.3666 the
371.897 116.743 15.7287 10.3666 CIU
390.621 116.743 8.31533 10.3666 in
401.904 116.743 14.978 10.3666 the
419.907 116.743 23.8574 10.3666 same
446.666 116.743 18.1961 10.3666 way
467.904 116.743 9.59597 10.3666 as
480.506 116.743 14.8587 10.3666 the
498.39 116.743 25.8987 10.3666 direct

85.08 132.221 48.385 10.3666 exposures.

85.08 160.056 54.888 11.256 Temporary
142.681 160.056 17.316 11.256 use
162.601 160.056 10.272 11.256 of
175.561 160.056 16.716 11.256 the
195 160.056 12.912 11.256 SA

85.08 186.223 16.6583 10.3666 The
109.201 186.223 46.5568 10.3666 conditions
163.201 186.223 18.3374 10.3666 that
188.878 186.223 49.1788 10.3666 competent
245.52 186.223 48.5981 10.3666 authorities
301.443 186.223 23.1387 10.3666 (CAs)
332.034 186.223 30.0354 10.3666 should
369.354 186.223 38.173 10.3666 consider
414.834 186.223 24.9957 10.3666 when
447.115 186.223 54.8798 10.3666 determining
509.27 186.223 14.978 10.3666 the

85.069 201.701 53.1333 10.3666 appropriate
142.664 201.701 29.8566 10.3666 nature
176.982 201.701 16.8327 10.3666 and
198.339 201.701 28.4777 10.3666 timing
231.216 201.701 9.2471 10.3666 of
245.012 201.701 14.8587 10.3666 the
264.452 201.701 46.5634 10.3666 sequential
315.564 201.701 33.2425 10.3666 roll-out
353.388 201.701 19.3564 10.3666 plan
377.268 201.701 26.6528 10.3666 under
408.347 201.701 29.0186 10.3666 Article
439.906 201.701 29.0286 10.3666 148(3)
473.39 201.701 9.2471 10.3666 of
487.064 201.701 14.978 10.3666 the
506.503 201.701 17.76 10.3666 CRR

85.069 217.179 46.8725 10.3666 essentially
135.831 217.179 22.0932 10.3666 refer
161.631 217.179 9.53856 10.3666 to
175.074 217.179 14.8587 10.3666 the
193.796 217.179 22.4763 10.3666 need
220.078 217.179 13.089 10.3666 for
236.998 217.179 50.391 10.3666 institutions
291.234 217.179 9.41822 10.3666 to
304.556 217.179 24.2759 10.3666 avoid
332.638 217.179 46.6363 10.3666 selectively
383.149 217.179 39.8798 10.3666 choosing
426.834 217.179 43.4358 10.3666 portfolios
474.119 217.179 18.4578 10.3666 that
496.44 217.179 27.7557 10.3666 would

85.08 232.536 19.1158 10.3666 lead
106.676 232.536 9.53856 10.3666 to
118.674 232.536 5.28816 10.3666 a
126.47 232.536 43.3552 10.3666 reduction
172.307 232.536 8.31533 10.3666 in
182.984 232.536 21.3834 10.3666 their
206.752 232.536 21.1284 10.3666 total
230.269 232.536 35.1381 10.3666 amount
267.83 232.536 9.2471 10.3666 of
279.469 232.536 19.596 10.3666 own
301.426 232.536 24.9559 10.3666 funds
328.903 232.536 63.6213 10.3666 requirements.

85.069 260.014 37.058 10.3666 Because
124.789 260.014 9.2471 10.3666 of
136.669 260.014 19.0804 10.3666 this,
158.389 260.014 16.836 10.3666 and
177.948 260.014 9.59376 10.3666 as
190.185 260.014 19.8334 10.3666 with
212.747 260.014 14.978 10.3666 the
230.507 260.014 45.5963 10.3666 provisions
278.746 260.014 26.676 10.3666 which
308.026 260.014 15.488 10.3666 will
326.146 260.014 11.2575 10.3666 be
340.186 260.014 37.1165 10.3666 referred
379.905 260.014 9.53856 10.3666 to
392.145 260.014 14.978 10.3666 the
409.785 260.014 49.7783 10.3666 permanent
462.346 260.014 15.5774 10.3666 use
480.585 260.014 9.24821 10.3666 of
492.465 260.014 14.978 10.3666 the
510.105 260.014 14.1599 10.3666 SA,

85.069 275.492 14.978 10.3666 the
105.468 275.492 17.6728 10.3666 EBA
128.506 275.492 49.3554 10.3666 considered
183.223 275.492 18.3385 10.3666 that
206.863 275.492 5.28816 10.3666 a
217.541 275.492 56.4365 10.3666 combination
279.221 275.492 9.2471 10.3666 of
293.739 275.492 54.4581 10.3666 quantitative
353.498 275.492 16.836 10.3666 and
375.697 275.492 47.3903 10.3666 qualitative
428.386 275.492 31.8062 10.3666 criteria
465.596 275.492 38.5108 10.3666 achieves
509.391 275.492 14.8598 10.3666 the

85.069 290.97 33.2757 10.3666 desired
120.705 290.97 41.1384 10.3666 objective
164.266 290.97 19.5607 10.3666 and,
186.346 290.97 8.97883 10.3666 at
197.742 290.97 14.8587 10.3666 the
215.143 290.97 23.8574 10.3666 same
241.419 290.97 23.28 10.3666 time,
267.229 290.97 23.8762 10.3666 helps
293.504 290.97 47.4952 10.3666 harmonise
343.537 290.97 14.978 10.3666 the
360.934 290.97 21.9564 10.3666 rules
385.411 290.97 33.1553 10.3666 applied
421.047 290.97 28.0769 10.3666 across
451.524 290.97 14.978 10.3666 the
469.04 290.97 15.2617 10.3666 EU.

85.08 318.816 61.2948 11.268 Quantitative
149.039 318.816 34.668 11.268 criteria

85.08 344.983 16.6583 10.3666 The
104.52 344.983 21.9376 10.3666 draft
129.12 344.983 16.3469 10.3666 RTS
148.2 344.983 36.697 10.3666 propose
187.679 344.983 5.28816 10.3666 a
195.599 344.983 43.0207 10.3666 minimum
241.319 344.983 21.008 10.3666 level
264.955 344.983 9.2471 10.3666 of
276.835 344.983 45.476 10.3666 exposures
325.074 344.983 18.3385 10.3666 that
346.074 344.983 22.6585 10.3666 must
371.514 344.983 11.1394 10.3666 be
385.434 344.983 26.6528 10.3666 under
414.712 344.983 14.978 10.3666 the
432.352 344.983 14.766 10.3666 IRB
449.632 344.983 42.2733 10.3666 approach
494.629 344.983 29.6181 10.3666 before

85.069 360.461 49.2362 10.3666 permission
136.907 360.461 12.9731 10.3666 for
152.506 360.461 46.5733 10.3666 sequential
201.707 360.461 33.3441 10.3666 roll-out
237.591 360.461 15.7552 10.3666 can
255.949 360.461 11.2575 10.3666 be
269.868 360.461 37.6972 10.3666 granted.
310.181 360.461 17.9963 10.3666 This
330.7 360.461 43.1156 10.3666 threshold
376.299 360.461 6.83707 10.3666 is
385.778 360.461 49.4758 10.3666 considered
437.753 360.461 9.53856 10.3666 to
449.75 360.461 11.2575 10.3666 be
463.669 360.461 14.978 10.3666 the
481.195 360.461 43.0207 10.3666 minimum

85.08 375.939 35.1381 10.3666 amount
123.596 375.939 18.4589 10.3666 that
145.312 375.939 15.7563 10.3666 can
164.268 375.939 37.1728 10.3666 mitigate
204.599 375.939 14.978 10.3666 the
222.955 375.939 40.3181 10.3666 concerns
266.397 375.939 9.2471 10.3666 of
278.989 375.939 5.28816 10.3666 a
287.505 375.939 40.4461 10.3666 potential
331.296 375.939 74.5542 10.3666 underestimation
409.055 375.939 9.2471 10.3666 of
421.531 375.939 29.6413 10.3666 capital
454.517 375.939 44.5574 10.3666 stemming
502.391 375.939 21.6572 10.3666 from

85.08 391.296 14.978 10.3666 the
103.922 391.296 56.4354 10.3666 combination
164.164 391.296 9.2471 10.3666 of
177.246 391.296 57.6354 10.3666 standardised
238.687 391.296 16.836 10.3666 and
259.324 391.296 14.766 10.3666 IRB
277.927 391.296 55.8204 10.3666 Approaches.
337.565 391.296 11.2166 10.3666 To
352.69 391.296 19.0528 10.3666 aide
375.609 391.296 16.316 10.3666 this
395.648 391.296 43.8045 10.3666 objective,
443.295 391.296 14.8576 10.3666 the
462.017 391.296 43.1156 10.3666 threshold
508.938 391.296 15.3566 10.3666 has

85.091 406.774 22.5956 10.3666 been
111.372 406.774 39.8765 10.3666 specified
154.932 406.774 15.2175 10.3666 not
173.772 406.774 19.161 10.3666 only
196.572 406.774 8.31533 10.3666 in
208.452 406.774 26.1571 10.3666 terms
238.213 406.774 9.2471 10.3666 of
251.052 406.774 41.2576 10.3666 exposure
295.932 406.774 23.9712 10.3666 value
323.533 406.774 15.2186 10.3666 but
342.494 406.774 17.9334 10.3666 also
364.09 406.774 8.31312 10.3666 in
376.088 406.774 26.0367 10.3666 terms
405.728 406.774 9.2471 10.3666 of
418.685 406.774 60.7608 10.3666 risk-weighted
483.129 406.774 41.1384 10.3666 exposure

85.091 422.252 37.9445 10.3666 amount.

85.091 449.609 11.2166 10.3666 To
99.0081 449.609 30.5775 10.3666 ensure
132.246 449.609 51.9211 10.3666 consistency
186.725 449.609 19.9526 10.3666 with
209.16 449.609 14.9791 10.3666 the
226.799 449.609 16.4673 10.3666 RTS
245.756 449.609 11.6759 10.3666 on
260.053 449.609 14.978 10.3666 the
277.692 449.609 49.7794 10.3666 permanent
330.01 449.609 15.5774 10.3666 use
348.248 449.609 9.2471 10.3666 of
360.008 449.609 14.9791 10.3666 the
377.648 449.609 11.4319 10.3666 SA
391.694 449.609 13.6885 10.3666 (all
408.012 449.609 14.8587 10.3666 the
425.532 449.609 45.4793 10.3666 exposures
473.653 449.609 18.4589 10.3666 that
494.772 449.609 11.4584 10.3666 do
508.931 449.609 15.2186 10.3666 not

85.091 465.087 13.6786 10.3666 fall
101.397 465.087 26.6528 10.3666 under
130.677 465.087 29.1346 10.3666 Article
162.25 465.087 16.7576 10.3666 150
181.691 465.087 9.2471 10.3666 of
193.449 465.087 14.978 10.3666 the
211.091 465.087 17.8749 10.3666 CRR
231.492 465.087 26.0224 10.3666 might
260.176 465.087 21.4584 10.3666 have
284.295 465.087 9.53856 10.3666 to
296.54 465.087 11.1383 10.3666 be
310.339 465.087 33.2768 10.3666 treated
346.22 465.087 26.6528 10.3666 under
375.498 465.087 14.978 10.3666 the
393.136 465.087 14.766 10.3666 IRB
410.534 465.087 49.1998 10.3666 Approach),
462.372 465.087 16.3171 10.3666 this
481.331 465.087 42.9964 10.3666 threshold

85.091 480.565 15.3566 10.3666 has
103.682 480.565 17.813 10.3666 also
124.792 480.565 22.4874 10.3666 been
150.481 480.565 13.4136 10.3666 set
167.041 480.565 8.31643 10.3666 in
178.556 480.565 34.829 10.3666 relation
216.583 480.565 9.53856 10.3666 to
229.307 480.565 14.8576 10.3666 the
247.421 480.565 21.008 10.3666 total
271.536 480.565 21.008 10.3666 level
295.547 480.565 9.2471 10.3666 of
307.911 480.565 45.5952 10.3666 exposures
356.752 480.565 18.3385 10.3666 that
378.347 480.565 29.9162 10.3666 should
411.461 480.565 32.2412 10.3666 initially
446.861 480.565 11.2575 10.3666 be
461.375 480.565 33.2757 10.3666 treated
497.73 480.565 26.5324 10.3666 under

85.069 495.922 14.978 10.3666 the
102.586 495.922 14.766 10.3666 IRB
119.863 495.922 43.2393 10.3666 Approach
165.584 495.922 19.5331 10.3666 (‘set
187.539 495.922 9.2471 10.3666 of
199.171 495.922 36.9332 10.3666 relevant
238.657 495.922 54.383 10.3666 exposures’).

85.08 523.896 53.6148 11.268 Qualitative
141.479 523.896 34.668 11.268 criteria

85.08 550.063 39.871 10.3666 Between
127.432 550.063 14.8576 10.3666 the
144.828 550.063 24.8367 10.3666 initial
172.053 550.063 43.0152 10.3666 minimum
217.645 550.063 40.6581 10.3666 coverage
260.842 550.063 21.0522 10.3666 ratio
284.354 550.063 39.8699 10.3666 specified
326.589 550.063 27.3361 10.3666 above
356.464 550.063 16.8327 10.3666 and
375.779 550.063 14.978 10.3666 the
393.296 550.063 19.4381 10.3666 final
415.123 550.063 40.6603 10.3666 coverage
458.323 550.063 52.7171 10.3666 determined
513.598 550.063 10.6426 10.3666 by

85.08 565.541 14.978 10.3666 the
104.761 565.541 45.5963 10.3666 provisions
154.921 565.541 11.6759 10.3666 on
171.12 565.541 14.978 10.3666 the
190.801 565.541 49.7783 10.3666 permanent
245.161 565.541 15.5774 10.3666 use
265.321 565.541 9.2471 10.3666 of
279.122 565.541 14.978 10.3666 the
298.683 565.541 14.1599 10.3666 SA,
317.524 565.541 50.3965 10.3666 institutions
372.484 565.541 14.617 10.3666 are
391.683 565.541 35.3103 10.3666 allowed
431.519 565.541 9.41822 10.3666 to
445.558 565.541 52.5195 10.3666 temporarily
502.8 565.541 21.4529 10.3666 have

85.08 581.019 45.5753 10.3666 significant
133.436 581.019 39.4768 10.3666 amounts
175.676 581.019 9.2471 10.3666 of
187.557 581.019 41.2576 10.3666 exposure
231.596 581.019 26.6528 10.3666 under
260.996 581.019 14.978 10.3666 the
278.756 581.019 11.4319 10.3666 SA
292.916 581.019 20.2882 10.3666 until
315.955 581.019 19.8819 10.3666 they
338.636 581.019 15.7552 10.3666 can
357.116 581.019 48.82 10.3666 implement
408.718 581.019 14.8576 10.3666 the
426.357 581.019 64.4791 10.3666 corresponding
493.552 581.019 30.5918 10.3666 ratings

85.08 596.376 38.7725 10.3666 systems.
126.48 596.376 25.7088 10.3666 Given
154.912 596.376 18.3385 10.3666 that
176.033 596.376 16.3138 10.3666 this
194.99 596.376 39.3896 10.3666 situation
236.984 596.376 19.1577 10.3666 may
258.821 596.376 21.4551 10.3666 raise
282.938 596.376 24.3377 10.3666 some
309.965 596.376 40.3181 10.3666 concerns
353.046 596.376 42.8772 10.3666 regarding
398.644 596.376 5.28816 10.3666 a
406.564 596.376 40.5676 10.3666 potential
449.764 596.376 74.5575 10.3666 underestimation

85.08 611.854 9.2471 10.3666 of
99.1185 611.854 29.7605 10.3666 capital
133.553 611.854 9.59376 10.3666 as
147.953 611.854 5.28816 10.3666 a
158.032 611.854 25.5355 10.3666 result
188.27 611.854 9.2471 10.3666 of
202.308 611.854 5.28816 10.3666 a
212.271 611.854 39.0982 10.3666 selective
256.193 611.854 28.8972 10.3666 choice
289.793 611.854 9.24821 10.3666 of
303.835 611.854 14.8587 10.3666 the
323.519 611.854 43.4369 10.3666 portfolios
371.641 611.854 10.7607 10.3666 by
387.244 611.854 14.8587 10.3666 the
406.927 611.854 53.0384 10.3666 institutions,
464.768 611.854 5.28816 10.3666 a
474.847 611.854 35.5322 10.3666 number
515.048 611.854 9.2471 10.3666 of

85.091 627.332 47.6045 10.3666 qualitative
135.114 627.332 31.8062 10.3666 criteria
169.427 627.332 21.4551 10.3666 have
193.421 627.332 22.4763 10.3666 been
218.378 627.332 42.6674 10.3666 proposed
263.527 627.332 8.31643 10.3666 in
274.207 627.332 24.8179 10.3666 these
301.445 627.332 16.4662 10.3666 RTS
320.287 627.332 9.41712 10.3666 to
332.166 627.332 37.1695 10.3666 mitigate
371.888 627.332 26.5402 10.3666 them.

85.08 674.13 16.6583 10.3666 The
104.995 674.13 17.6143 10.3666 first
125.751 674.13 9.2471 10.3666 of
138.108 674.13 24.8179 10.3666 these
166.063 674.13 31.8062 10.3666 criteria
201.093 674.13 6.71674 10.3666 is
210.928 674.13 18.4556 10.3666 that
232.52 674.13 49.1788 10.3666 competent
284.836 674.13 48.5904 10.3666 authorities
336.715 674.13 20.4085 10.3666 shall
360.239 674.13 30.6978 10.3666 ensure
394.083 674.13 18.4589 10.3666 that
415.688 674.13 14.978 10.3666 the
433.929 674.13 28.4534 10.3666 higher
465.609 674.13 14.9791 10.3666 the
483.73 674.13 40.5709 10.3666 potential

85.08 689.608 13.089 10.3666 for
103.435 689.608 73.8377 10.3666 underestimating
182.51 689.608 14.978 10.3666 the
202.668 689.608 22.6773 10.3666 risks,
230.623 689.608 14.8576 10.3666 the
250.779 689.608 33.131 10.3666 quicker
289.055 689.608 16.3138 10.3666 this
310.649 689.608 40.4428 10.3666 potential
356.358 689.608 20.4019 10.3666 shall
382.026 689.608 11.2575 10.3666 be
398.464 689.608 39.6248 10.3666 reduced.
443.394 689.608 14.6534 10.3666 For
463.312 689.608 40.8027 10.3666 example,
509.391 689.608 14.8587 10.3666 the

85.069 705.086 40.6824 10.3666 potential
128.865 705.086 12.9731 10.3666 for
144.951 705.086 29.7594 10.3666 capital
177.824 705.086 74.435 10.3666 underestimation
255.347 705.086 27.8738 10.3666 would
286.308 705.086 11.2575 10.3666 be
300.713 705.086 25.5731 10.3666 lower
329.278 705.086 13.089 10.3666 for
345.48 705.086 50.391 10.3666 institutions
398.999 705.086 19.9526 10.3666 with
422.041 705.086 5.28816 10.3666 a
430.442 705.086 19.2328 10.3666 high
452.764 705.086 24.8367 10.3666 initial
480.714 705.086 31.3006 10.3666 degree
515.161 705.086 9.12787 10.3666 of

85.069 720.443 14.766 10.3666 IRB
102.345 720.443 40.6537 10.3666 coverage
145.538 720.443 16.836 10.3666 and
164.856 720.443 16.5567 10.3666 CAs
183.833 720.443 29.9162 10.3666 should
216.235 720.443 19.5375 10.3666 take
238.19 720.443 16.3171 10.3666 this
257.028 720.443 17.6949 10.3666 into
277.302 720.443 35.615 10.3666 account
315.339 720.443 24.8764 10.3666 when
342.696 720.443 50.5533 10.3666 authorising
395.727 720.443 21.2498 10.3666 their
419.483 720.443 33.2205 10.3666 specific
455.23 720.443 33.3761 10.3666 roll-out
491.146 720.443 22.1098 10.3666 plan.

85.069 747.922 43.0759 10.3666 However,
131.38 747.922 24.9912 10.3666 when
159.454 747.922 14.978 10.3666 the
177.689 747.922 24.8488 10.3666 initial
205.649 747.922 31.2984 10.3666 degree
240.089 747.922 9.2471 10.3666 of
252.565 747.922 40.657 10.3666 coverage
296.478 747.922 6.83707 10.3666 is
306.553 747.922 28.0791 10.3666 lower,
337.867 747.922 16.5567 10.3666 CAs
357.662 747.922 30.0365 10.3666 should
390.897 747.922 19.4238 10.3666 take
413.464 747.922 14.978 10.3666 the
431.698 747.922 53.013 10.3666 appropriate
487.858 747.922 23.6366 10.3666 steps
514.622 747.922 9.53856 10.3666 to

85.069 763.4 45.8138 10.3666 guarantee
137.266 763.4 18.4567 10.3666 that
162.105 763.4 14.978 10.3666 the
183.465 763.4 33.2172 10.3666 roll-out
223.184 763.4 19.3553 10.3666 plan
248.984 763.4 21.3569 10.3666 does
276.705 763.4 15.2175 10.3666 not
298.304 763.4 43.6577 10.3666 represent
348.465 763.4 15.9219 10.3666 any
370.785 763.4 36.0357 10.3666 concern
413.265 763.4 42.6365 10.3666 regarding
462.338 763.4 14.978 10.3666 the
483.698 763.4 40.5687 10.3666 potential

518.51 796.52 5.59728 10.3666 9

85.08 116.743 74.669 10.3666 underestimation
164.628 116.743 9.24821 10.3666 of
178.789 116.743 32.4134 10.3666 capital.
216.246 116.743 17.9952 10.3666 This
239.286 116.743 30.5963 10.3666 relates
274.919 116.743 9.41822 10.3666 to
289.32 116.743 14.978 10.3666 the
309.354 116.743 31.7157 10.3666 second
346.088 116.743 31.8062 10.3666 criteria
382.928 116.743 42.6365 10.3666 proposed
430.455 116.743 8.31643 10.3666 in
443.659 116.743 24.819 10.3666 these
473.424 116.743 19.1864 10.3666 RTS,
497.534 116.743 26.676 10.3666 which

85.091 132.221 32.1385 10.3666 involve
122.286 132.221 49.0596 10.3666 competent
176.408 132.221 48.597 10.3666 authorities
230.05 132.221 38.6797 10.3666 ensuring
273.724 132.221 18.3385 10.3666 that
297.119 132.221 50.412 10.3666 institutions
352.575 132.221 21.4573 10.3666 have
379.088 132.221 39.9957 10.3666 provided
424.083 132.221 42.3384 10.3666 adequate
471.483 132.221 34.7959 10.3666 reasons
511.323 132.221 12.972 10.3666 for

85.091 147.577 40.4704 10.3666 including
128.525 147.577 45.7188 10.3666 exposures
177.25 147.577 8.97552 10.3666 at
189.25 147.577 5.28816 10.3666 a
197.53 147.577 20.7707 10.3666 later
221.293 147.577 23.9756 10.3666 stage
248.171 147.577 9.2471 10.3666 of
260.41 147.577 21.3701 10.3666 their
284.772 147.577 33.2238 10.3666 roll-out
321.019 147.577 21.9773 10.3666 plan.
345.977 147.577 42.4709 10.3666 Examples
391.332 147.577 9.2471 10.3666 of
403.571 147.577 24.6987 10.3666 these
431.294 147.577 31.8062 10.3666 criteria
466.092 147.577 26.0169 10.3666 might
495.133 147.577 11.2575 10.3666 be
509.416 147.577 14.8576 10.3666 the

85.091 163.056 47.9379 10.3666 availability
137.032 163.056 9.2471 10.3666 of
150.468 163.056 22.6773 10.3666 data,
177.253 163.056 14.978 10.3666 the
196.33 163.056 51.8427 10.3666 operational
252.24 163.056 42.907 10.3666 capability
299.3 163.056 9.2471 10.3666 of
312.616 163.056 14.978 10.3666 the
331.692 163.056 48.852 10.3666 institution,
384.628 163.056 14.978 10.3666 the
403.705 163.056 21.8537 10.3666 prior
429.621 163.056 49.1766 10.3666 experience
482.895 163.056 16.836 10.3666 and
503.772 163.056 20.498 10.3666 time

85.091 178.534 38.5561 10.3666 required
127.574 178.534 9.53856 10.3666 to
141.017 178.534 35.9043 10.3666 develop
180.731 178.534 5.28816 10.3666 a
189.971 178.534 30.4814 10.3666 ratings
224.416 178.534 31.6208 10.3666 system
259.937 178.534 16.836 10.3666 and
280.698 178.534 14.978 10.3666 the
299.653 178.534 41.9752 10.3666 existence
345.614 178.534 9.2471 10.3666 of
358.698 178.534 34.0352 10.3666 affiliate
396.718 178.534 50.2905 10.3666 institutions
450.855 178.534 8.31643 10.3666 in
463.098 178.534 41.8769 10.3666 countries
508.939 178.534 15.2186 10.3666 not

85.1021 193.89 32.3781 10.3666 subject
120.019 193.89 9.41822 10.3666 to
131.9 193.89 14.978 10.3666 the
149.417 193.89 17.7545 10.3666 CRR
169.694 193.89 12.972 10.3666 (or
185.171 193.89 53.4314 10.3666 equivalent).

512.902 796.531 11.2387 10.3666 10

85.08 131.383 19.9987 24.4516 4.
121.093 131.383 54.5616 24.4516 Draft
182.053 131.383 111.154 24.4516 regulatory
299.545 131.383 96.9079 24.4516 technical
402.846 131.383 105.131 24.4516 standards

85.106 159.35 27.592 24.4516 on
119.052 159.35 35.8753 24.4516 the
161.281 159.35 112.261 24.4516 sequential
279.937 159.35 172.192 24.4516 implementation
458.499 159.35 21.8632 24.4516 of
486.698 159.35 35.8883 24.4516 the

85.106 187.421 35.4066 24.4516 IRB
126.874 187.421 103.553 24.4516 Approach
236.797 187.421 40.2839 24.4516 and
283.45 187.421 119.583 24.4516 permanent
409.429 187.421 69.7898 24.4516 partial
485.614 187.421 37.3127 24.4516 use

85.106 215.388 64.0376 24.4516 under
155.534 215.388 35.8753 24.4516 the
197.643 215.388 140.46 24.4516 Standardised
344.457 215.388 103.657 24.4516 Approach
454.468 215.388 64.0376 24.4516 under

85.106 243.355 80.7631 24.4516 Articles
172.106 243.355 76.5758 24.4516 148(6),
255.017 243.355 69.6804 24.4516 150(3)
331.085 243.355 40.2995 24.4516 and
377.77 243.355 69.6804 24.4516 152(5)
453.838 243.355 21.8632 24.4516 of

85.08 271.426 115.073 24.4516 Regulation
206.4 271.426 45.9372 24.4516 (EU)
258.715 271.426 30.7637 24.4516 No
295.796 271.426 104.142 24.4516 575/2013
406.291 271.426 82.3906 24.4516 (Capital

85.08 299.497 150.332 24.4516 Requirements
241.789 299.497 114.954 24.4516 Regulation
363.109 299.497 12.9679 24.4516 –
382.431 299.497 50.8509 24.4516 CRR)

147.36 356.244 81.384 10.8 COMMISSION
231.72 356.244 75.264 10.8 DELEGATED
309.96 356.244 82.104 10.8 REGULATION
395.04 356.244 24.636 10.8 (EU)
422.64 356.244 14.64 10.8 No
440.28 356.244 21.36 10.8 …/..

285.12 388.044 9.996 10.8 of
298.2 388.044 25.944 10.8 XXX

90.36 419.844 75.36 10.8 supplementing
168.72 419.844 55.992 10.8 Regulation
227.76 419.844 24.636 10.8 (EU)
255.36 419.844 14.64 10.8 No
273 419.844 45.36 10.8 575/2013
321.36 419.844 9.996 10.8 of
334.44 419.844 16.008 10.8 the
353.4 419.844 50.712 10.8 European
407.16 419.844 57.276 10.8 Parliament
467.4 419.844 19.392 10.8 and
489.84 419.844 9.876 10.8 of
502.8 419.844 16.008 10.8 the

131.28 433.644 40.056 10.8 Council
174.36 433.644 22.632 10.8 with
200.04 433.644 34.512 10.8 regard
237.6 433.644 9.96 10.8 to
250.56 433.644 16.008 10.8 the
269.52 433.644 80.5932 10.8 implementation
353.161 433.644 9.996 10.8 of
366.241 433.644 16.008 10.8 the
385.201 433.644 52.056 10.8 sequential
440.281 433.644 17.976 10.8 roll
461.281 433.644 16.716 10.8 out

239.76 465.204 26.016 10.8 (Text
268.8 465.204 21.36 10.8 with
293.16 465.204 23.304 10.8 EEA
319.44 465.204 49.836 10.8 relevance)

85.08 509.004 23.292 10.8 THE
111.36 509.004 63.984 10.8 EUROPEAN
178.32 509.004 79.68 10.8 COMMISSION,

85.08 528.804 35.28 10.8 Having
123.36 528.804 30.6 10.8 regard
156.96 528.804 9.36 10.8 to
169.32 528.804 14.688 10.8 the
186.96 528.804 31.56 10.8 Treaty
221.28 528.804 12 10.8 on
236.28 528.804 14.688 10.8 the
254.04 528.804 58.08 10.8 Functioning
315 528.804 9.996 10.8 of
328.08 528.804 14.688 10.8 the
345.72 528.804 45.84 10.8 European
394.68 528.804 33 10.8 Union,

85.08 548.604 35.28 10.8 Having
125.16 548.604 30.6 10.8 regard
160.56 548.604 9.36 10.8 to
174.72 548.604 52.8 10.8 Regulation
232.32 548.604 23.916 10.8 (EU)
261 548.604 14.64 10.8 No
280.44 548.604 45.36 10.8 575/2013
330.72 548.604 9.996 10.8 of
345.48 548.604 14.6892 10.8 the
364.921 548.604 45.9588 10.8 European
415.68 548.604 52.056 10.8 Parliament
472.56 548.604 17.28 10.8 and
494.64 548.604 9.996 10.8 of
509.4 548.604 14.688 10.8 the

85.08 562.404 38.016 10.8 Council
126.36 562.404 9.996 10.8 of
139.56 562.404 12 10.8 26
154.8 562.404 22.128 10.8 June
180.12 562.404 30.48 10.8 20131
213.6 562.404 12 10.8 on
228.84 562.404 48.576 10.8 prudential
280.68 562.404 62.748 10.8 requirements
346.68 562.404 13.956 10.8 for
363.84 562.404 27.216 10.8 credit
394.32 562.404 53.508 10.8 institutions
451.08 562.404 17.28 10.8 and
471.6 562.404 52.656 10.8 investment

85.08 576.204 25.308 10.8 firms
116.4 576.204 17.28 10.8 and
139.68 576.204 47.28 10.8 amending
192.84 576.204 52.68 10.8 Regulation
251.52 576.204 23.916 10.8 (EU)
281.4 576.204 14.64 10.8 No
302.04 576.204 48.48 10.8 648/2012,
356.52 576.204 17.28 10.8 and
379.8 576.204 9.36 10.8 in
395.16 576.204 45.876 10.8 particular
447 576.204 33.288 10.8 Article
486.24 576.204 18 10.8 148
510.24 576.204 13.956 10.8 (6)

85.08 590.004 36.84 10.8 thereof,

85.08 609.804 45.216 10.8 Whereas:

85.08 629.604 13.956 10.8 (1)
113.4 629.604 18.648 10.8 The
136.92 629.604 51.36 10.8 calibration
193.2 629.604 9.996 10.8 of
208.08 629.604 14.8068 10.8 the
227.879 629.604 20.004 10.8 IRB
252.719 629.604 43.92 10.8 approach
301.679 629.604 13.956 10.8 for
320.639 629.604 27.336 10.8 credit
353.039 629.604 18 10.8 risk
375.959 629.604 31.896 10.8 capital
412.918 629.604 62.6268 10.8 requirements
480.476 629.604 15.948 10.8 has
501.356 629.604 22.68 10.8 been

113.4 643.404 25.968 10.8 made
142.44 643.404 27.276 10.8 under
172.8 643.404 14.688 10.8 the
190.68 643.404 54.72 10.8 assumption
248.52 643.404 17.976 10.8 that
269.64 643.404 32.52 10.8 certain
305.28 643.404 48.588 10.8 categories
357.12 643.404 9.996 10.8 of
370.2 643.404 47.988 10.8 exposures
421.32 643.404 20.76 10.8 may
444.96 643.404 11.328 10.8 be
459.481 643.404 64.8 10.8 exceptionally

113.4 657.204 32.52 10.8 treated
150.6 657.204 27.396 10.8 under
182.64 657.204 14.688 10.8 the
201.96 657.204 15.384 10.8 SA
222.12 657.204 12 10.8 on
238.92 657.204 5.328 10.8 a
248.88 657.204 50.616 10.8 permanent
304.2 657.204 23.988 10.8 basis
332.88 657.204 7.356 10.8 if
345 657.204 32.64 10.8 certain
382.32 657.204 50.028 10.8 conditions
437.04 657.204 14.568 10.8 are
456.36 657.204 21 10.8 met.
482.16 657.204 27.408 10.8 Some
514.2 657.204 9.996 10.8 of

113.4 671.004 24.648 10.8 these
141.96 671.004 50.028 10.8 conditions
195.96 671.004 22.476 10.8 refer
222.36 671.004 9.36 10.8 to
235.8 671.004 14.688 10.8 the
254.4 671.004 52.08 10.8 materiality
310.2 671.004 9.996 10.8 of
324.12 671.004 18.768 10.8 size
346.8 671.004 17.4 10.8 and
368.16 671.004 18 10.8 risk
390.12 671.004 9.996 10.8 of
404.04 671.004 14.688 10.8 the
422.64 671.004 46.68 10.8 exempted
473.28 671.004 51 10.8 exposures.

113.4 684.804 9.84 10.8 In
127.2 684.804 25.356 10.8 order
156.36 684.804 9.36 10.8 to
169.56 684.804 40.008 10.8 measure
213.48 684.804 21.96 10.8 such
239.4 684.804 31.968 10.8 degree
275.16 684.804 10.116 10.8 of
289.08 684.804 54.9588 10.8 materiality,
347.879 684.804 14.808 10.8 the
366.479 684.804 13.296 10.8 set
383.639 684.804 10.116 10.8 of
397.559 684.804 38.616 10.8 relevant
440.159 684.804 47.988 10.8 exposures
491.999 684.804 32.04 10.8 should

113.4 698.604 11.328 10.8 be
127.68 698.604 48.96 10.8 identified.

85.08 760.481 3.52872 6.53544 1

121.077 764.232 8.8713 8.451 OJ
132 764.232 3.78 8.451 L
137.884 764.232 15.939 8.451 176,
155.895 764.232 6.948 8.451 p.
164.899 764.232 6.831 8.451 3.

512.88 796.544 11.2387 10.3666 11

85.08 116.004 13.956 10.8 (2)
113.4 116.004 9.84 10.8 In
132.36 116.004 14.688 10.8 the
156.24 116.004 20.568 10.8 case
185.88 116.004 10.1148 10.8 of
205.08 116.004 47.988 10.8 exposures
262.2 116.004 9.36 10.8 to
280.68 116.004 36.576 10.8 ‘central
326.4 116.004 62.028 10.8 governments
397.56 116.004 17.28 10.8 and
423.96 116.004 32.496 10.8 central
465.6 116.004 32.076 10.8 banks’
506.76 116.004 17.28 10.8 and

113.4 129.804 64.44 10.8 ‘institutions’,
182.52 129.804 49.896 10.8 competent
237.12 129.804 50.628 10.8 authorities
292.44 129.804 20.88 10.8 may
317.76 129.804 44.8056 10.8 authorize
367.199 129.804 14.688 10.8 the
386.519 129.804 50.616 10.8 permanent
441.839 129.804 16.008 10.8 use
462.479 129.804 10.116 10.8 of
477.359 129.804 15.384 10.8 SA
497.399 129.804 7.356 10.8 if
509.399 129.804 14.688 10.8 the

113.4 143.604 36.636 10.8 number
155.16 143.604 9.996 10.8 of
170.28 143.604 39.336 10.8 material
214.92 143.604 67.9092 10.8 counterparties
288.001 143.604 8.028 10.8 is
301.201 143.604 37.08 10.8 limited.
343.441 143.604 26.688 10.8 Since
375.241 143.604 5.328 10.8 a
385.801 143.604 24.048 10.8 large
414.961 143.604 36.636 10.8 number
456.841 143.604 9.996 10.8 of
471.961 143.604 52.056 10.8 immaterial

113.4 157.404 67.908 10.8 counterparties
185.04 157.404 20.88 10.8 may
209.4 157.404 19.32 10.8 also
232.56 157.404 20.568 10.8 give
256.92 157.404 17.328 10.8 rise
277.92 157.404 9.36 10.8 to
291.001 157.404 5.328 10.8 a
300 157.404 24.048 10.8 large
327.72 157.404 21.336 10.8 total
352.92 157.404 43.368 10.8 exposure
399.96 157.404 9.36 10.8 in
413.04 157.404 21.84 10.8 each
438.6 157.404 9.996 10.8 of
452.4 157.404 24.768 10.8 these
480.84 157.404 43.3668 10.8 exposure

113.4 171.204 36.24 10.8 classes,
153 171.204 14.688 10.8 the
171 171.204 50.616 10.8 permanent
225 171.204 16.128 10.8 use
244.44 171.204 9.996 10.8 of
257.76 171.204 14.688 10.8 the
275.76 171.204 15.384 10.8 SA
294.48 171.204 32.04 10.8 should
329.88 171.204 15.336 10.8 not
348.6 171.204 21.48 10.8 only
373.2 171.204 11.328 10.8 be
387.84 171.204 49.296 10.8 dependent
440.52 171.204 12 10.8 on
455.88 171.204 14.688 10.8 the
474.12 171.204 36.636 10.8 number
514.08 171.204 9.996 10.8 of

113.4 185.004 39.216 10.8 material
158.64 185.004 67.908 10.8 counterparties
232.56 185.004 15.336 10.8 but
253.92 185.004 14.688 10.8 the
274.56 185.004 64.56 10.8 consideration
345.12 185.004 38.556 10.8 whether
389.64 185.004 17.388 10.8 this
413.04 185.004 36.636 10.8 number
455.64 185.004 8.028 10.8 is
469.68 185.004 54.72 10.8 sufficiently

113.4 198.804 34.08 10.8 limited
151.2 198.804 23.256 10.8 must
178.2 198.804 19.32 10.8 also
201.24 198.804 19.968 10.8 take
224.88 198.804 18.6 10.8 into
247.2 198.804 37.176 10.8 account
288.12 198.804 14.688 10.8 the
306.48 198.804 51.96 10.8 materiality
362.04 198.804 9.996 10.8 of
375.72 198.804 14.688 10.8 the
394.08 198.804 21.336 10.8 total
419.16 198.804 43.368 10.8 exposure
466.2 198.804 25.848 10.8 value
495.72 198.804 9.996 10.8 of
509.4 198.804 14.688 10.8 the

113.4 212.604 43.368 10.8 exposure
159.72 212.604 26.28 10.8 class.

85.08 240.204 13.956 10.8 (3)
113.4 240.204 18.648 10.8 The
136.08 240.204 50.616 10.8 permanent
190.8 240.204 16.008 10.8 use
210.96 240.204 9.996 10.8 of
225 240.204 14.808 10.8 the
243.84 240.204 15.384 10.8 SA
263.28 240.204 9.36 10.8 in
276.72 240.204 14.688 10.8 the
295.44 240.204 20.688 10.8 case
320.16 240.204 10.116 10.8 of
334.32 240.204 47.988 10.8 exposures
386.4 240.204 9.36 10.8 to
399.84 240.204 36.576 10.8 ‘central
440.64 240.204 62.028 10.8 governments
506.76 240.204 17.28 10.8 and

113.4 254.004 32.496 10.8 central
150 254.004 32.076 10.8 banks’
186.24 254.004 17.28 10.8 and
207.6 254.004 61.476 10.8 ‘institutions’
273.12 254.004 8.028 10.8 is
285.24 254.004 19.32 10.8 also
308.64 254.004 49.296 10.8 dependent
362.16 254.004 12 10.8 on
378.24 254.004 14.688 10.8 the
397.08 254.004 19.296 10.8 cost
420.48 254.004 9.996 10.8 of
434.52 254.004 75.48 10.8 implementation
514.08 254.004 9.996 10.8 of

113.4 267.804 14.688 10.8 the
132.12 267.804 32.508 10.8 ratings
168.72 267.804 36.36 10.8 system.
209.16 267.804 29.328 10.8 Those
242.52 267.804 46.068 10.8 situations
292.68 267.804 29.208 10.8 where
325.92 267.804 43.296 10.8 technical
373.32 267.804 9.9948 10.8 or
387.359 267.804 53.856 10.8 operational
445.319 267.804 52.068 10.8 difficulties
501.479 267.804 22.656 10.8 exist

113.4 281.604 45.96 10.8 regarding
163.68 281.604 14.688 10.8 the
182.64 281.604 75.48 10.8 implementation
262.44 281.604 9.996 10.8 of
276.72 281.604 14.688 10.8 the
295.92 281.604 20.004 10.8 IRB
320.16 281.604 44.04 10.8 approach
368.52 281.604 32.04 10.8 should
404.88 281.604 19.32 10.8 also
428.64 281.604 30.84 10.8 justify
463.68 281.604 5.328 10.8 a
473.52 281.604 50.496 10.8 permanent

113.4 295.404 16.008 10.8 use
132.36 295.404 9.996 10.8 of
145.32 295.404 14.688 10.8 the
162.96 295.404 18.36 10.8 SA.

85.08 323.004 13.956 10.8 (4)
113.4 323.004 9.84 10.8 In
128.64 323.004 14.688 10.8 the
148.56 323.004 24.768 10.8 more
178.68 323.004 35.136 10.8 general
219.24 323.004 23.6388 10.8 case,
248.159 323.004 72.5772 10.8 non-significant
326.04 323.004 40.788 10.8 business
372.12 323.004 23.388 10.8 units
400.8 323.004 17.28 10.8 and
423.36 323.004 52.056 10.8 immaterial
480.72 323.004 43.368 10.8 exposure

113.4 336.804 33.228 10.8 classes
150 336.804 17.28 10.8 and
170.76 336.804 25.308 10.8 types
199.44 336.804 9.996 10.8 of
212.88 336.804 47.988 10.8 exposures
264.24 336.804 20.88 10.8 may
288.36 336.804 19.32 10.8 also
311.04 336.804 11.328 10.8 be
325.68 336.804 60.24 10.8 permanently
389.04 336.804 32.76 10.8 treated
425.16 336.804 27.396 10.8 under
455.88 336.804 14.688 10.8 the
474 336.804 15.384 10.8 SA
492.72 336.804 7.356 10.8 if
503.4 336.804 20.88 10.8 they

113.4 350.604 16.56 10.8 can
135.48 350.604 11.448 10.8 be
152.52 350.604 51.84 10.8 considered
209.999 350.604 9.948 10.8 as
225.599 350.604 51.936 10.8 immaterial
283.079 350.604 9.36 10.8 in
297.959 350.604 26.748 10.8 terms
330.239 350.604 9.996 10.8 of
345.839 350.604 18.888 10.8 size
370.199 350.604 17.28 10.8 and
392.999 350.604 46.68 10.8 perceived
445.199 350.604 18 10.8 risk
468.959 350.604 34.92 10.8 profile.
509.399 350.604 14.6412 10.8 An

113.4 364.404 33.216 10.8 overall
152.28 364.404 22.776 10.8 limit
180.72 364.404 9.36 10.8 to
195.72 364.404 14.688 10.8 the
216 364.404 21.456 10.8 total
243.12 364.404 43.368 10.8 exposure
292.08 364.404 25.968 10.8 value
323.76 364.404 17.28 10.8 and
346.68 364.404 9.36 10.8 to
361.8 364.404 14.688 10.8 the
382.08 364.404 21.336 10.8 total
409.08 364.404 66 10.8 risk-weighted
480.84 364.404 43.368 10.8 exposure

113.4 378.204 40.668 10.8 amounts
158.16 378.204 32.04 10.8 should
194.28 378.204 33.216 10.8 restrict
231.6 378.204 14.808 10.8 the
250.44 378.204 50.616 10.8 permanent
305.16 378.204 16.008 10.8 use
325.2 378.204 10.116 10.8 of
339.36 378.204 14.688 10.8 the
358.2 378.204 15.384 10.8 SA
377.64 378.204 26.688 10.8 while
408.36 378.204 8.616 10.8 at
421.08 378.204 14.688 10.8 the
439.8 378.204 24.768 10.8 same
468.6 378.204 21.4068 10.8 time
494.039 378.204 11.3268 10.8 be
509.398 378.204 14.6892 10.8 the

113.4 392.004 21.936 10.8 least
138.36 392.004 58.608 10.8 burdensome
199.92 392.004 12 10.8 on
214.92 392.004 28.44 10.8 firms.

85.08 419.604 13.956 10.8 (5)
113.4 419.604 18.648 10.8 The
135.84 419.604 52.68 10.8 permission
192.36 419.604 13.956 10.8 for
210.12 419.604 50.736 10.8 permanent
264.72 419.604 30.576 10.8 partial
299.16 419.604 16.128 10.8 use
319.08 419.604 9.996 10.8 of
332.88 419.604 14.6892 10.8 the
351.6 419.604 15.384 10.8 SA
370.8 419.604 13.956 10.8 for
388.56 419.604 37.368 10.8 specific
429.72 419.604 43.368 10.8 exposure
477 419.604 33.228 10.8 classes
514.08 419.604 9.996 10.8 or

113.4 433.404 25.188 10.8 types
142.68 433.404 9.996 10.8 or
156.6 433.404 40.668 10.8 business
201.36 433.404 23.388 10.8 units
228.84 433.404 20.76 10.8 may
253.44 433.404 11.328 10.8 be
268.8 433.404 43.32 10.8 extended
316.08 433.404 12.24 10.8 by
332.04 433.404 14.688 10.8 the
350.88 433.404 49.896 10.8 competent
404.76 433.404 43.56 10.8 authority
452.04 433.404 9.36 10.8 to
465.48 433.404 19.44 10.8 also
488.88 433.404 35.208 10.8 capture

113.4 447.204 21.96 10.8 such
138.96 447.204 47.988 10.8 exposures
190.56 447.204 25.92 10.8 when
220.2 447.204 52.08 10.8 underlying
275.76 447.204 9.36 10.8 to
288.72 447.204 23.508 10.8 units
315.84 447.204 9.996 10.8 or
329.4 447.204 30.108 10.8 shares
363.12 447.204 9.36 10.8 in
376.08 447.204 5.328 10.8 a
384.96 447.204 20.664 10.8 CIU
409.2 447.204 20.76 10.8 held
433.56 447.204 12.24 10.8 by
449.16 447.204 53.508 10.8 institutions
506.28 447.204 17.976 10.8 that

113.4 461.004 42.528 10.8 calculate
160.92 461.004 14.688 10.8 the
180.48 461.004 18 10.8 risk
203.52 461.004 44.04 10.8 weighted
252.48 461.004 17.28 10.8 and
274.8 461.004 42.6 10.8 expected
322.32 461.004 18.708 10.8 loss
345.96 461.004 40.788 10.8 amounts
391.68 461.004 9.996 10.8 of
406.56 461.004 24.648 10.8 these
436.08 461.004 20.664 10.8 CIU
461.76 461.004 47.988 10.8 exposures
514.68 461.004 9.36 10.8 in

113.4 474.804 53.928 10.8 accordance
172.44 474.804 21.36 10.8 with
198.96 474.804 33.288 10.8 Article
237.36 474.804 18 10.8 152
260.52 474.804 13.956 10.8 (2)
279.6 474.804 13.956 10.8 (b)
298.68 474.804 9.996 10.8 of
313.8 474.804 52.56 10.8 Regulation
371.52 474.804 23.916 10.8 (EU)
400.56 474.804 48.36 10.8 575/2013.
454.08 474.804 50.04 10.8 Therefore,
509.28 474.804 14.808 10.8 the

113.4 488.604 23.268 10.8 rules
140.4 488.604 43.92 10.8 proposed
188.04 488.604 9.36 10.8 in
201.12 488.604 17.388 10.8 this
222.24 488.604 52.44 10.8 Regulation
278.4 488.604 13.956 10.8 for
296.04 488.604 14.688 10.8 the
314.4 488.604 53.4 10.8 application
371.52 488.604 9.996 10.8 of
385.2 488.604 33.288 10.8 Article
422.16 488.604 31.956 10.8 150(1)
457.8 488.604 9.996 10.8 of
471.48 488.604 52.56 10.8 Regulation

113.4 502.404 23.916 10.8 (EU)
140.76 502.404 45.36 10.8 575/2013
189.72 502.404 32.04 10.8 should
225.24 502.404 21.336 10.8 treat
250.08 502.404 14.688 10.8 the
268.32 502.404 52.08 10.8 underlying
323.88 502.404 47.988 10.8 exposures
375.36 502.404 9.996 10.8 of
388.921 502.404 14.688 10.8 the
407.042 502.404 20.664 10.8 CIU
431.284 502.404 9.36 10.8 in
444.124 502.404 14.808 10.8 the
462.364 502.404 24.768 10.8 same
490.564 502.404 20.16 10.8 way
514.084 502.404 9.948 10.8 as

113.4 516.204 14.688 10.8 the
131.04 516.204 27.216 10.8 direct
161.28 516.204 51 10.8 exposures.

85.08 543.804 13.956 10.8 (6)
113.4 543.804 53.988 10.8 Institutions
174.6 543.804 17.976 10.8 that
199.8 543.804 22.608 10.8 have
229.56 543.804 40.44 10.8 received
277.2 543.804 52.8 10.8 permission
337.2 543.804 9.36 10.8 to
353.64 543.804 16.0068 10.8 use
376.799 543.804 14.688 10.8 the
398.758 543.804 19.884 10.8 IRB
425.759 543.804 43.9212 10.8 approach
476.999 543.804 20.76 10.8 may
504.719 543.804 19.32 10.8 also

113.4 557.604 56.16 10.8 temporarily
175.08 557.604 16.008 10.8 use
196.8 557.604 14.688 10.8 the
217.2 557.604 15.384 10.8 SA
238.44 557.604 7.356 10.8 if
251.52 557.604 32.64 10.8 certain
289.92 557.604 50.028 10.8 conditions
345.72 557.604 14.688 10.8 are
366.12 557.604 21 10.8 met.
393 557.604 9.84 10.8 In
408.6 557.604 48.96 10.8 particular,
463.32 557.604 6.696 10.8 it
475.919 557.604 15.9492 10.8 has
497.639 557.604 9.36 10.8 to
512.759 557.604 11.328 10.8 be

113.4 571.404 37.2 10.8 ensured
154.44 571.404 18.096 10.8 that
176.4 571.404 14.688 10.8 the
194.88 571.404 16.0068 10.8 use
214.799 571.404 9.996 10.8 of
228.599 571.404 14.808 10.8 the
247.199 571.404 15.384 10.8 SA
266.399 571.404 21.948 10.8 does
292.319 571.404 15.336 10.8 not
311.519 571.404 30.576 10.8 reflect
346.078 571.404 5.328 10.8 a
355.318 571.404 41.928 10.8 selective
401.158 571.404 31.248 10.8 choice
436.318 571.404 29.28 10.8 aimed
469.558 571.404 8.616 10.8 at
482.038 571.404 42.1188 10.8 reducing

113.4 585.204 14.688 10.8 the
131.64 585.204 23.256 10.8 level
158.52 585.204 9.996 10.8 of
172.08 585.204 20.64 10.8 own
196.32 585.204 26.628 10.8 funds
226.56 585.204 65.64 10.8 requirements.
295.8 585.204 33.6 10.8 Hence,
333 585.204 23.928 10.8 there
360.6 585.204 8.028 10.8 is
372.24 585.204 5.328 10.8 a
381.12 585.204 22.56 10.8 need
407.28 585.204 9.36 10.8 to
420.24 585.204 34.8 10.8 specify
458.4 585.204 50.148 10.8 conditions
512.16 585.204 12 10.8 on

113.4 599.004 14.688 10.8 the
131.52 599.004 54.648 10.8 appropriate
189.6 599.004 29.928 10.8 nature
223.08 599.004 17.4 10.8 and
243.96 599.004 31.44 10.8 timing
278.76 599.004 9.996 10.8 of
292.2 599.004 14.688 10.8 the
310.32 599.004 48.696 10.8 sequential
362.52 599.004 16.656 10.8 roll
382.68 599.004 15.336 10.8 out
401.521 599.004 21.36 10.8 with
426.361 599.004 5.328 10.8 a
435.121 599.004 23.304 10.8 view
461.881 599.004 9.36 10.8 to
474.721 599.004 31.248 10.8 enable
509.401 599.004 14.688 10.8 the

113.4 612.804 49.896 10.8 competent
167.64 612.804 50.628 10.8 authorities
222.72 612.804 9.36 10.8 to
236.4 612.804 50.88 10.8 determine,
291.72 612.804 12 10.8 on
308.04 612.804 14.688 10.8 the
327.12 612.804 23.988 10.8 basis
355.56 612.804 9.996 10.8 of
369.84 612.804 21.996 10.8 their
396.24 612.804 56.28 10.8 supervisory
456.6 612.804 48.36 10.8 judgment,
509.28 612.804 14.808 10.8 the

113.4 626.604 54.528 10.8 appropriate
175.56 626.604 31.32 10.8 design
214.56 626.604 9.996 10.8 of
232.2 626.604 18.096 10.8 that
258 626.604 48.576 10.8 sequential
314.28 626.604 16.656 10.8 roll
338.64 626.604 15.336 10.8 out
361.68 626.604 13.956 10.8 for
383.28 626.604 53.508 10.8 institutions
444.36 626.604 17.28 10.8 and
469.32 626.604 17.4 10.8 any
494.16 626.604 29.976 10.8 parent

113.4 640.404 57.36 10.8 undertaking
173.64 640.404 17.28 10.8 and
193.92 640.404 11.388 10.8 its
208.32 640.404 59.64 10.8 subsidiaries.

85.08 668.004 13.956 10.8 (7)
113.4 668.004 13.308 10.8 As
130.8 668.004 11.28 10.8 an
146.16 668.004 33.336 10.8 overall
183.6 668.004 42.648 10.8 principle
230.28 668.004 17.976 10.8 that
252.36 668.004 32.04 10.8 should
288.48 668.004 26.568 10.8 guide
319.08 668.004 14.688 10.8 the
337.8 668.004 31.44 10.8 design
373.32 668.004 9.996 10.8 of
387.36 668.004 14.688 10.8 the
406.2 668.004 16.656 10.8 roll
426.96 668.004 15.336 10.8 out
446.4 668.004 23.64 10.8 plan,
474.12 668.004 49.8948 10.8 competent

113.4 681.804 50.628 10.8 authorities
168.36 681.804 32.04 10.8 should
204.72 681.804 31.368 10.8 ensure
240.48 681.804 17.976 10.8 that
262.8 681.804 14.688 10.8 the
281.88 681.804 30.636 10.8 higher
316.8 681.804 14.808 10.8 the
335.88 681.804 42.096 10.8 potential
382.32 681.804 13.956 10.8 for
400.56 681.804 77.52 10.8 underestimating
482.4 681.804 14.688 10.8 the
501.36 681.804 22.668 10.8 risks

113.4 695.604 47.4 10.8 stemming
163.68 695.604 23.256 10.8 from
189.96 695.604 11.388 10.8 its
204.36 695.604 34.32 10.8 design,
241.68 695.604 14.688 10.8 the
259.32 695.604 35.916 10.8 quicker
298.2 695.604 17.388 10.8 this
318.6 695.604 42.096 10.8 potential
363.72 695.604 32.04 10.8 should
398.76 695.604 11.328 10.8 be
413.04 695.604 40.8 10.8 reduced.

85.08 723.204 13.956 10.8 (8)
113.4 723.204 13.308 10.8 As
129.72 723.204 5.328 10.8 a
138 723.204 46.776 10.8 minimum
187.8 723.204 60.96 10.8 requirement,
251.76 723.204 5.328 10.8 a
260.04 723.204 37.368 10.8 specific
300.36 723.204 35.976 10.8 amount
339.36 723.204 9.996 10.8 of
352.44 723.204 14.688 10.8 the
370.08 723.204 13.296 10.8 set
386.4 723.204 9.996 10.8 of
399.36 723.204 38.616 10.8 relevant
441 723.204 47.988 10.8 exposures
492 723.204 32.04 10.8 should

113.4 737.004 11.328 10.8 be
131.52 737.004 39.96 10.8 required
178.32 737.004 9.36 10.8 to
194.52 737.004 11.328 10.8 be
212.64 737.004 32.76 10.8 treated
252.24 737.004 27.276 10.8 under
286.32 737.004 14.688 10.8 the
308.039 737.004 19.8852 10.8 IRB
334.68 737.004 47.28 10.8 Approach
388.8 737.004 30.768 10.8 before
426.36 737.004 17.52 10.8 any
450.48 737.004 52.92 10.8 permission
510.24 737.004 13.956 10.8 for

113.4 750.804 48.576 10.8 sequential
167.52 750.804 35.976 10.8 roll-out
209.16 750.804 16.56 10.8 can
231.48 750.804 11.328 10.8 be
248.4 750.804 38.88 10.8 granted.
292.8 750.804 21.348 10.8 This
319.8 750.804 44.76 10.8 threshold
370.08 750.804 32.04 10.8 should
407.64 750.804 43.8972 10.8 represent
457.081 750.804 14.8068 10.8 the
477.48 750.804 46.776 10.8 minimum

113.4 764.604 35.976 10.8 amount
155.52 764.604 17.976 10.8 that
179.64 764.604 16.56 10.8 can
202.32 764.604 39.288 10.8 mitigate
247.68 764.604 14.688 10.8 the
268.44 764.604 42.4692 10.8 concerns
317.041 764.604 9.996 10.8 of
333.121 764.604 5.328 10.8 a
344.521 764.604 42.096 10.8 potential
392.761 764.604 77.28 10.8 underestimation
476.161 764.604 9.996 10.8 of
492.241 764.604 31.896 10.8 capital

512.88 796.544 11.2387 10.3666 12

113.4 116.004 47.4 10.8 stemming
164.4 116.004 23.256 10.8 from
191.52 116.004 14.688 10.8 the
209.88 116.004 49.56 10.8 temporary
263.04 116.004 60 10.8 combination
326.76 116.004 9.996 10.8 of
340.44 116.004 15.384 10.8 SA
359.64 116.004 17.28 10.8 and
380.76 116.004 20.004 10.8 IRB
404.4 116.004 57 10.8 approaches.
465.12 116.004 13.32 10.8 To
482.28 116.004 20.64 10.8 help
506.64 116.004 17.388 10.8 this

113.4 129.804 46.92 10.8 objective,
164.28 129.804 14.688 10.8 the
182.88 129.804 44.64 10.8 threshold
231.48 129.804 32.04 10.8 should
267.48 129.804 19.32 10.8 also
290.76 129.804 11.328 10.8 be
306 129.804 43.2 10.8 specified
353.16 129.804 9.36 10.8 in
366.48 129.804 26.628 10.8 terms
397.08 129.804 9.996 10.8 of
411 129.804 65.76 10.8 risk-weighted
480.84 129.804 43.368 10.8 exposure

113.4 143.604 39 10.8 amount.

85.08 171.204 13.956 10.8 (9)
113.4 171.204 52.656 10.8 Competent
171.12 171.204 50.628 10.8 authorities
226.8 171.204 32.04 10.8 should
263.88 171.204 19.32 10.8 also
288.24 171.204 31.248 10.8 ensure
324.48 171.204 17.976 10.8 that
347.52 171.204 53.628 10.8 institutions
406.2 171.204 22.608 10.8 have
433.8 171.204 42.6 10.8 provided
481.44 171.204 42.648 10.8 adequate

113.4 185.004 35.868 10.8 reasons
152.52 185.004 13.956 10.8 for
169.56 185.004 45.48 10.8 including
218.16 185.004 47.988 10.8 exposures
269.28 185.004 8.616 10.8 at
281.16 185.004 5.328 10.8 a
289.56 185.004 21.396 10.8 later
314.04 185.004 24.768 10.8 stage
341.88 185.004 9.996 10.8 of
355.2 185.004 21.996 10.8 their
380.281 185.004 35.9748 10.8 roll-out
419.4 185.004 23.64 10.8 plan.
446.28 185.004 28.608 10.8 These
478.08 185.004 46.068 10.8 situations

113.4 198.804 20.76 10.8 may
140.04 198.804 22.716 10.8 refer
168.84 198.804 9.36 10.8 to
184.32 198.804 14.688 10.8 the
205.08 198.804 54.24 10.8 availability
265.08 198.804 9.996 10.8 of
281.16 198.804 20.088 10.8 data
307.32 198.804 13.956 10.8 for
327.36 198.804 48.84 10.8 modelling
382.2 198.804 45.6 10.8 purposes,
433.92 198.804 9.36 10.8 to
449.4 198.804 14.688 10.8 the
470.16 198.804 53.856 10.8 operational

113.4 212.604 47.4 10.8 capability
165.24 212.604 9.996 10.8 of
179.76 212.604 14.688 10.8 the
199.08 212.604 51.72 10.8 institution,
255.36 212.604 9.36 10.8 to
269.28 212.604 11.388 10.8 its
285.24 212.604 23.316 10.8 prior
313.08 212.604 52.008 10.8 experience
369.72 212.604 17.28 10.8 and
391.56 212.604 21.408 10.8 time
417.48 212.604 39.96 10.8 required
462 212.604 9.36 10.8 to
476.159 212.604 37.9212 10.8 develop
518.759 212.604 5.328 10.8 a

113.4 226.404 32.508 10.8 ratings
149.28 226.404 33.336 10.8 system
186 226.404 9.996 10.8 or
199.32 226.404 9.36 10.8 to
212.04 226.404 14.688 10.8 the
230.04 226.404 44.688 10.8 existence
278.04 226.404 9.996 10.8 of
291.36 226.404 37.368 10.8 affiliate
332.04 226.404 45.468 10.8 intuitions
380.88 226.404 9.36 10.8 in
393.6 226.404 43.9044 10.8 countries
440.878 226.404 15.336 10.8 not
459.598 226.404 33.816 10.8 subject
496.798 226.404 9.36 10.8 to
509.518 226.404 14.688 10.8 the

113.4 240.204 24.648 10.8 same
144.6 240.204 13.956 10.8 (or
165.24 240.204 53.916 10.8 equivalent)
225.84 240.204 49.44 10.8 regulatory
281.76 240.204 52.56 10.8 framework
341.04 240.204 53.28 10.8 established
400.92 240.204 12.12 10.8 by
419.4 240.204 52.8 10.8 Regulation
478.8 240.204 23.916 10.8 (EU)
509.28 240.204 14.76 10.8 No

113.4 254.004 48.36 10.8 575/2013.

85.08 281.604 19.956 10.8 (10)
113.4 281.604 33.888 10.8 Failure
152.76 281.604 9.36 10.8 to
167.76 281.604 36.12 10.8 comply
209.28 281.604 21.36 10.8 with
236.16 281.604 17.52 10.8 any
258.96 281.604 9.996 10.8 of
274.44 281.604 14.808 10.8 the
294.72 281.604 50.028 10.8 provisions
350.399 281.604 46.5612 10.8 contained
402.48 281.604 9.36 10.8 in
417.36 281.604 24.648 10.8 these
447.6 281.604 22.032 10.8 RTS
475.2 281.604 32.04 10.8 should
512.76 281.604 11.328 10.8 be

113.4 295.404 35.52 10.8 treated,
154.92 295.404 9.948 10.8 as
170.88 295.404 21.36 10.8 with
198.24 295.404 17.4 10.8 any
221.4 295.404 24.756 10.8 other
252.12 295.404 77.328 10.8 non-compliance
335.4 295.404 21.36 10.8 with
362.76 295.404 17.4 10.8 any
385.92 295.404 24.636 10.8 other
416.64 295.404 19.884 10.8 IRB
442.44 295.404 48.48 10.8 provision,
496.92 295.404 27.276 10.8 under

113.4 309.204 33.288 10.8 Article
152.64 309.204 18 10.8 146
176.64 309.204 27.12 10.8 CRR,
209.76 309.204 29.28 10.8 which
245.04 309.204 31.308 10.8 allows
282.36 309.204 13.956 10.8 for
302.28 309.204 11.976 10.8 all
320.28 309.204 62.628 10.8 requirements
388.92 309.204 27.276 10.8 under
422.16 309.204 14.688 10.8 the
442.92 309.204 19.884 10.8 IRB
468.72 309.204 43.92 10.8 approach
518.76 309.204 5.328 10.8 a

113.4 323.004 49.44 10.8 temporary
167.76 323.004 77.328 10.8 non-compliance
250.2 323.004 7.356 10.8 if
262.68 323.004 11.28 10.8 an
279.12 323.004 48.84 10.8 institution
333.12 323.004 41.148 10.8 provides
379.44 323.004 5.328 10.8 a
389.88 323.004 20.64 10.8 plan
415.68 323.004 13.956 10.8 for
434.76 323.004 5.328 10.8 a
445.2 323.004 30.84 10.8 timely
481.08 323.004 28.56 10.8 return
514.8 323.004 9.36 10.8 to

113.4 336.804 55.248 10.8 compliance
175.92 336.804 17.28 10.8 and
200.4 336.804 36.108 10.8 realises
243.72 336.804 17.388 10.8 this
268.32 336.804 20.64 10.8 plan
296.16 336.804 30.72 10.8 within
334.08 336.804 5.328 10.8 a
346.56 336.804 30.72 10.8 period
384.48 336.804 31.9212 10.8 agreed
423.72 336.804 21.3612 10.8 with
452.281 336.804 14.688 10.8 the
474.241 336.804 49.896 10.8 competent

113.4 350.604 53.64 10.8 authorities.

85.08 378.204 19.956 10.8 (11)
113.4 378.204 21.348 10.8 This
138.12 378.204 52.56 10.8 Regulation
194.04 378.204 8.028 10.8 is
205.44 378.204 27.24 10.8 based
236.16 378.204 12 10.8 on
251.52 378.204 14.688 10.8 the
269.52 378.204 22.536 10.8 draft
295.44 378.204 49.56 10.8 regulatory
348 378.204 43.416 10.8 technical
394.8 378.204 45.228 10.8 standards
443.4 378.204 47.4 10.8 submitted
494.16 378.204 12.12 10.8 by
509.4 378.204 14.688 10.8 the

113.4 392.004 45.84 10.8 European
162.36 392.004 40.68 10.8 Banking
205.92 392.004 46.92 10.8 Authority
255.6 392.004 9.36 10.8 to
267.96 392.004 14.688 10.8 the
285.6 392.004 63.84 10.8 Commission.

85.08 419.604 19.956 10.8 (12)
113.4 419.604 18.648 10.8 The
137.04 419.604 45.84 10.8 European
188.04 419.604 40.68 10.8 Banking
233.76 419.604 46.8 10.8 Authority
285.36 419.604 15.948 10.8 has
306.36 419.604 49.32 10.8 conducted
360.84 419.604 23.28 10.8 open
389.16 419.604 30.048 10.8 public
424.2 419.604 63.348 10.8 consultations
492.6 419.604 12 10.8 on
509.64 419.604 14.688 10.8 the

113.4 433.404 22.536 10.8 draft
139.92 433.404 49.56 10.8 regulatory
193.2 433.404 43.416 10.8 technical
240.6 433.404 45.228 10.8 standards
289.8 433.404 12 10.8 on
305.76 433.404 29.28 10.8 which
339.12 433.404 17.388 10.8 this
360.48 433.404 52.56 10.8 Regulation
417 433.404 8.028 10.8 is
429 433.404 30.36 10.8 based,
463.32 433.404 41.88 10.8 analysed
509.28 433.404 14.808 10.8 the

113.4 447.204 41.976 10.8 potential
162.36 447.204 32.52 10.8 related
201.96 447.204 23.988 10.8 costs
233.04 447.204 17.28 10.8 and
257.28 447.204 38.028 10.8 benefits
302.28 447.204 17.28 10.8 and
326.52 447.204 46.08 10.8 requested
379.56 447.204 14.688 10.8 the
401.16 447.204 36.72 10.8 opinion
444.84 447.204 9.996 10.8 of
461.76 447.204 14.808 10.8 the
483.48 447.204 40.68 10.8 Banking

113.4 461.004 57.276 10.8 Stakeholder
175.92 461.004 30.6 10.8 Group
211.92 461.004 53.4 10.8 established
270.6 461.004 9.36 10.8 in
285.24 461.004 53.808 10.8 accordance
344.4 461.004 21.48 10.8 with
371.16 461.004 33.288 10.8 Article
409.68 461.004 12 10.8 37
426.96 461.004 9.996 10.8 of
442.2 461.004 52.8 10.8 Regulation
500.28 461.004 23.916 10.8 (EU)

113.4 474.804 60.84 10.8 1093/20102.

85.08 508.404 23.952 10.8 HAS
112.08 508.404 55.944 10.8 ADOPTED
171 508.404 26.592 10.8 THIS
200.76 508.404 80.496 10.8 REGULATION:

233.64 555.804 32.688 10.8 Article
269.28 555.804 6 10.8 1
278.28 555.804 3.996 10.8 -
285.24 555.804 39.216 10.8 General
327.48 555.804 48.108 10.8 principles

85.08 583.404 9 10.8 1.
103.08 583.404 16.596 10.8 For
123.36 583.404 14.688 10.8 the
141.84 583.404 37.968 10.8 purpose
183.6 583.404 9.996 10.8 of
197.4 583.404 53.28 10.8 application
254.4 583.404 9.996 10.8 of
268.08 583.404 17.388 10.8 this
289.2 583.404 55.8 10.8 Regulation,
348.72 583.404 14.688 10.8 the
367.08 583.404 47.328 10.8 ‘exposure
418.08 583.404 30.036 10.8 value’
451.92 583.404 9.996 10.8 of
465.72 583.404 11.28 10.8 an
480.72 583.404 43.368 10.8 exposure

103.08 597.204 17.28 10.8 and
125.52 597.204 14.688 10.8 the
145.32 597.204 69.96 10.8 ‘risk-weighted
220.44 597.204 43.488 10.8 exposure
269.04 597.204 39.996 10.8 amount’
314.16 597.204 9.996 10.8 of
329.28 597.204 11.28 10.8 an
345.72 597.204 43.368 10.8 exposure
394.2 597.204 22.656 10.8 shall
422.04 597.204 11.328 10.8 be
438.48 597.204 48.6 10.8 calculated
492.24 597.204 12.24 10.8 by
509.28 597.204 14.808 10.8 the

103.08 611.004 48.84 10.8 institution
159.48 611.004 9.36 10.8 in
176.4 611.004 53.928 10.8 accordance
237.84 611.004 21.36 10.8 with
266.76 611.004 14.688 10.8 the
289.08 611.004 43.92 10.8 approach
340.8 611.004 29.28 10.8 which
377.64 611.004 17.976 10.8 that
403.2 611.004 48.84 10.8 institution
459.72 611.004 20.628 10.8 uses
487.92 611.004 13.956 10.8 for
509.52 611.004 14.688 10.8 the

103.08 624.804 52.56 10.8 calculation
160.08 624.804 9.996 10.8 of
174.48 624.804 11.388 10.8 its
190.44 624.804 65.88 10.8 risk-weighted
260.88 624.804 43.368 10.8 exposure
308.64 624.804 40.788 10.8 amounts
353.88 624.804 17.28 10.8 and
375.6 624.804 11.388 10.8 its
391.44 624.804 42.6 10.8 expected
438.48 624.804 18.708 10.8 loss
461.76 624.804 40.668 10.8 amounts
506.88 624.804 17.28 10.8 and

103.08 638.604 22.656 10.8 shall
131.64 638.604 11.328 10.8 be
148.8 638.604 14.688 10.8 the
169.32 638.604 22.056 10.8 final
197.28 638.604 36.36 10.8 figures,
239.52 638.604 9.36 10.8 in
254.76 638.604 45.996 10.8 particular
306.6 638.604 21.996 10.8 after
334.56 638.604 53.4 10.8 application
393.84 638.604 9.996 10.8 of
409.68 638.604 52.68 10.8 conversion
468.24 638.604 32.5092 10.8 factors
506.76 638.604 17.2788 10.8 and

103.08 652.404 54.6 10.8 recognition
160.68 652.404 9.996 10.8 of
173.64 652.404 27.336 10.8 credit
204 652.404 18 10.8 risk
225 652.404 52.32 10.8 mitigation.

85.08 680.004 9 10.8 2.
103.08 680.004 16.596 10.8 For
124.08 680.004 14.688 10.8 the
143.28 680.004 37.968 10.8 purpose
185.76 680.004 9.996 10.8 of
200.28 680.004 53.28 10.8 application
258 680.004 9.996 10.8 of
272.52 680.004 33.288 10.8 Article
310.2 680.004 18 10.8 150
332.76 680.004 13.956 10.8 (1)
351.24 680.004 13.236 10.8 (a)
369 680.004 17.28 10.8 and
390.839 680.004 13.956 10.8 (b)
409.2 680.004 10.116 10.8 of
423.72 680.004 52.8 10.8 Regulation
480.96 680.004 23.916 10.8 (EU)
509.4 680.004 14.64 10.8 No

103.08 693.804 48.36 10.8 575/2013,
155.16 693.804 14.688 10.8 the
173.52 693.804 13.296 10.8 set
190.68 693.804 9.996 10.8 of
204.48 693.804 38.616 10.8 relevant
246.84 693.804 47.988 10.8 exposures
298.56 693.804 22.656 10.8 shall
325.08 693.804 33.456 10.8 consist
362.28 693.804 9.996 10.8 of
375.96 693.804 11.976 10.8 all
391.8 693.804 47.988 10.8 exposures
443.52 693.804 9.996 10.8 of
457.32 693.804 11.4 10.8 an
472.44 693.804 51.84 10.8 institution,

103.08 707.604 45.36 10.8 including
153.72 707.604 25.368 10.8 those
184.44 707.604 46.08 10.8 identified
235.92 707.604 47.28 10.8 according
288.48 707.604 9.36 10.8 to
303.24 707.604 14.688 10.8 the
323.28 707.604 50.148 10.8 provisions
378.84 707.604 9.996 10.8 of
394.2 707.604 33.288 10.8 Article
432.84 707.604 18 10.8 152
456.24 707.604 9.996 10.8 of
471.6 707.604 52.56 10.8 Regulation

103.08 721.404 23.916 10.8 (EU)
130.56 721.404 14.64 10.8 No
148.8 721.404 45.36 10.8 2013/575
197.76 721.404 14.076 10.8 for
215.4 721.404 48.1092 10.8 exposures
267.121 721.404 9.36 10.8 in
280.081 721.404 14.688 10.8 the
298.321 721.404 23.256 10.8 form
325.201 721.404 9.996 10.8 of
338.881 721.404 23.388 10.8 units
365.881 721.404 9.996 10.8 or
379.441 721.404 29.868 10.8 shares
412.921 721.404 9.36 10.8 in
425.881 721.404 28.3188 10.8 CIUs,
457.92 721.404 15.336 10.8 but
476.88 721.404 47.4 10.8 excluding

103.08 735.204 14.688 10.8 the
120.72 735.204 47.988 10.8 exposures
171.72 735.204 37.8 10.8 referred
212.52 735.204 9.3612 10.8 to
225 735.204 9.36 10.8 in
237.36 735.204 29.388 10.8 points
269.76 735.204 13.236 10.8 (a)
285.96 735.204 9.36 10.8 to
298.32 735.204 13.956 10.8 (b)
315.24 735.204 32.736 10.8 below:

85.08 760.481 3.52872 6.53544 2

121.077 764.232 8.8713 8.451 OJ
132 764.232 8.2503 8.451 O,
142.323 764.232 15.939 8.451 331,
160.335 764.232 6.948 8.451 p.
169.338 764.232 9.126 8.451 12

512.88 796.544 11.2387 10.3666 13

103.08 129.804 13.236 10.8 (a)
121.08 129.804 30.12 10.8 equity
155.4 129.804 47.988 10.8 exposures
207.72 129.804 9.948 10.8 as
222.12 129.804 37.92 10.8 referred
264.36 129.804 9.36 10.8 to
278.161 129.804 9.36 10.8 in
291.84 129.804 38.028 10.8 Articles
334.2 129.804 32.076 10.8 133(1)
370.56 129.804 17.28 10.8 and
392.28 129.804 31.956 10.8 147(6)
428.64 129.804 9.996 10.8 of
442.92 129.804 52.8 10.8 Regulation
500.04 129.804 24.036 10.8 (EU)

121.08 143.604 14.64 10.8 No
138.72 143.604 48.696 10.8 575/2013;

103.08 171.204 13.956 10.8 (b)
121.08 171.204 11.976 10.8 all
140.04 171.204 47.988 10.8 exposures
195 171.204 13.956 10.8 for
215.88 171.204 29.4 10.8 which
252.24 171.204 14.688 10.8 the
273.84 171.204 48.84 10.8 institution
329.64 171.204 15.948 10.8 has
352.56 171.204 40.44 10.8 received
399.96 171.204 52.8 10.8 permission
459.72 171.204 9.36 10.8 to
476.04 171.204 26.76 10.8 apply
509.52 171.204 14.688 10.8 the

121.08 185.004 61.92 10.8 Standardised
188.64 185.004 47.28 10.8 Approach
241.8 185.004 12 10.8 on
259.44 185.004 14.688 10.8 the
279.72 185.004 23.988 10.8 basis
309.36 185.004 9.996 10.8 of
325.08 185.004 33.288 10.8 Article
364.2 185.004 31.956 10.8 150(1)
401.76 185.004 14.076 10.8 (d)
421.44 185.004 9.36 10.8 to
436.44 185.004 15 10.8 (f),
457.199 185.004 11.316 10.8 (i)
474.119 185.004 17.4 10.8 and
497.159 185.004 11.316 10.8 (j)
514.079 185.004 9.996 10.8 of

121.08 198.804 52.56 10.8 Regulation
176.64 198.804 24.036 10.8 (EU)
203.64 198.804 14.64 10.8 No
221.28 198.804 48.816 10.8 575/2013;

85.08 226.404 9 10.8 3.
103.08 226.404 16.596 10.8 For
123.12 226.404 14.688 10.8 the
141.24 226.404 42.708 10.8 purposes
187.44 226.404 9.996 10.8 of
201 226.404 53.4 10.8 application
257.88 226.404 9.996 10.8 of
271.32 226.404 33.408 10.8 Article
308.16 226.404 31.956 10.8 150(1)
343.68 226.404 13.356 10.8 (c)
360.48 226.404 9.996 10.8 of
373.92 226.404 52.8 10.8 Regulation
430.2 226.404 23.916 10.8 (EU)
457.68 226.404 14.76 10.8 No
475.92 226.404 48.36 10.8 575/2013,

103.08 240.204 14.688 10.8 the
122.28 240.204 13.296 10.8 set
140.16 240.204 9.996 10.8 of
154.8 240.204 38.6148 10.8 relevant
198 240.204 48.108 10.8 exposures
250.68 240.204 22.656 10.8 shall
278.04 240.204 25.896 10.8 equal
308.52 240.204 14.688 10.8 the
327.84 240.204 13.296 10.8 set
345.84 240.204 9.996 10.8 of
360.36 240.204 38.616 10.8 relevant
403.68 240.204 47.988 10.8 exposures
456.24 240.204 54 10.8 determined
514.8 240.204 9.36 10.8 in

103.08 254.004 53.928 10.8 accordance
161.4 254.004 21.36 10.8 with
187.2 254.004 48.12 10.8 paragraph
239.76 254.004 6 10.8 2
250.2 254.004 28.608 10.8 above
283.32 254.004 47.4 10.8 excluding
335.16 254.004 11.976 10.8 all
351.6 254.004 47.988 10.8 exposures
404.04 254.004 13.956 10.8 for
422.4 254.004 29.4 10.8 which
456.24 254.004 14.808 10.8 the
475.44 254.004 48.8412 10.8 institution

103.08 267.804 15.948 10.8 has
122.76 267.804 40.56 10.8 received
167.04 267.804 52.68 10.8 permission
223.44 267.804 9.36 10.8 to
236.52 267.804 16.008 10.8 use
256.2 267.804 14.688 10.8 the
274.56 267.804 61.92 10.8 Standardised
340.2 267.804 47.16 10.8 Approach
391.08 267.804 47.4 10.8 according
442.08 267.804 9.36 10.8 to
455.16 267.804 33.288 10.8 Article
492.12 267.804 31.956 10.8 150(1)

103.08 281.604 13.236 10.8 (a)
119.28 281.604 17.28 10.8 and
139.68 281.604 13.956 10.8 (b)
156.6 281.604 9.9972 10.8 of
169.561 281.604 52.8 10.8 Regulation
225.361 281.604 23.916 10.8 (EU)
252.241 281.604 14.64 10.8 No
269.881 281.604 48.36 10.8 575/2013.

92.16 323.004 32.688 10.8 Article
127.8 323.004 6 10.8 2
136.8 323.004 3.996 10.8 -
143.76 323.004 52.788 10.8 Conditions
199.56 323.004 9.336 10.8 of
211.8 323.004 54.72 10.8 application
269.52 323.004 9.336 10.8 of
281.88 323.004 29.388 10.8 points
314.28 323.004 13.836 10.8 (a)
331.08 323.004 18 10.8 and
352.08 323.004 13.956 10.8 (b)
369 323.004 9.336 10.8 of
381.36 323.004 32.688 10.8 Article
417 323.004 32.076 10.8 150(1)
452.04 323.004 9.336 10.8 of
464.4 323.004 52.68 10.8 Regulation

259.92 336.804 24.036 10.8 (EU)
286.8 336.804 14.04 10.8 No
303.84 336.804 45.36 10.8 575/2013

85.08 364.404 9 10.8 1.
103.08 364.404 16.596 10.8 For
124.44 364.404 14.688 10.8 the
143.88 364.404 38.088 10.8 purpose
186.72 364.404 9.996 10.8 of
201.48 364.404 53.4 10.8 application
259.68 364.404 9.996 10.8 of
274.44 364.404 33.288 10.8 Article
312.48 364.404 32.076 10.8 150(1)
349.44 364.404 13.236 10.8 (a)
367.44 364.404 17.28 10.8 and
389.641 364.404 13.956 10.8 (b)
408.36 364.404 9.996 10.8 of
423.12 364.404 52.8 10.8 Regulation
480.72 364.404 23.916 10.8 (EU)
509.4 364.404 14.64 10.8 No

103.08 378.204 48.36 10.8 575/2013,
157.2 378.204 14.688 10.8 the
177.6 378.204 36.636 10.8 number
220.08 378.204 9.996 10.8 of
235.8 378.204 39.216 10.8 material
280.92 378.204 68.028 10.8 counterparties
354.719 378.204 22.6548 10.8 shall
383.158 378.204 11.328 10.8 be
400.198 378.204 37.32 10.8 deemed
443.398 378.204 9.948 10.8 as
459.24 378.204 34.08 10.8 limited
499.08 378.204 13.956 10.8 for
518.76 378.204 5.328 10.8 a

103.08 392.004 32.52 10.8 certain
138.6 392.004 43.368 10.8 exposure
184.92 392.004 23.388 10.8 class
211.32 392.004 7.356 10.8 if
221.64 392.004 14.688 10.8 the
239.279 392.004 46.6812 10.8 following
288.96 392.004 50.028 10.8 conditions
342 392.004 14.568 10.8 are
359.52 392.004 21.336 10.8 met:

103.08 419.604 13.236 10.8 (a)
121.08 419.604 14.688 10.8 the
138.84 419.604 46.608 10.8 aggregate
188.52 419.604 43.368 10.8 exposure
234.96 419.604 26.088 10.8 value
264.12 419.604 9.9948 10.8 of
277.2 419.604 11.976 10.8 all
292.32 419.604 47.988 10.8 exposures
343.44 419.604 41.28 10.8 assigned
387.84 419.604 9.36 10.8 to
400.32 419.604 17.388 10.8 this
420.84 419.604 23.268 10.8 class
447.24 419.604 21.948 10.8 does
472.32 419.604 15.456 10.8 not
490.92 419.604 33.24 10.8 exceed

121.08 433.404 24.156 10.8 [8]%
150.36 433.404 9.996 10.8 of
165.48 433.404 14.688 10.8 the
185.28 433.404 21.336 10.8 total
211.8 433.404 43.248 10.8 exposure
260.16 433.404 25.968 10.8 value
291.361 433.404 9.996 10.8 of
306.481 433.404 14.688 10.8 the
326.28 433.404 13.416 10.8 set
344.88 433.404 9.996 10.8 of
360.12 433.404 38.496 10.8 relevant
403.92 433.404 47.988 10.8 exposures
457.08 433.404 37.92 10.8 referred
500.16 433.404 9.36 10.8 to
514.68 433.404 9.36 10.8 in

121.08 447.204 33.288 10.8 Article
157.32 447.204 6 10.8 1
166.32 447.204 13.956 10.8 (2)
183.36 447.204 31.896 10.8 above;

103.08 474.804 13.956 10.8 (b)
121.08 474.804 14.688 10.8 the
138.96 474.804 46.488 10.8 aggregate
188.64 474.804 66.12 10.8 risk-weighted
258 474.804 43.368 10.8 exposure
304.56 474.804 35.976 10.8 amount
343.8 474.804 9.996 10.8 of
357 474.804 11.856 10.8 all
372.12 474.804 47.988 10.8 exposures
423.36 474.804 41.16 10.8 assigned
467.76 474.804 9.36 10.8 to
480.36 474.804 17.268 10.8 this
500.88 474.804 23.2668 10.8 class

121.08 488.604 21.948 10.8 does
148.32 488.604 15.336 10.8 not
168.96 488.604 33.24 10.8 exceed
207.6 488.604 24.156 10.8 [8]%
237 488.604 9.996 10.8 of
252.24 488.604 14.688 10.8 the
272.16 488.604 21.336 10.8 total
298.92 488.604 65.88 10.8 risk-weighted
370.2 488.604 43.368 10.8 exposure
418.8 488.604 35.976 10.8 amount
460.08 488.604 9.996 10.8 of
475.44 488.604 14.688 10.8 the
495.36 488.604 13.296 10.8 set
513.96 488.604 10.116 10.8 of

121.08 502.404 38.496 10.8 relevant
162.6 502.404 47.988 10.8 exposures
213.6 502.404 38.04 10.8 referred
254.64 502.404 9.36 10.8 to
267 502.404 9.36 10.8 in
279.36 502.404 33.288 10.8 Article
315.6 502.404 19.956 10.8 1(2)
338.64 502.404 32.016 10.8 above;

103.08 530.004 13.236 10.8 (c)
121.08 530.004 14.688 10.8 the
141 530.004 36.636 10.8 number
182.88 530.004 9.996 10.8 of
198.12 530.004 39.216 10.8 material
242.64 530.004 67.908 10.8 counterparties
315.84 530.004 21.948 10.8 does
343.08 530.004 15.336 10.8 not
363.72 530.004 33.24 10.8 exceed
402.24 530.004 23.496 10.8 [20];
430.92 530.004 13.956 10.8 for
450.12 530.004 17.388 10.8 this
472.8 530.004 40.8 10.8 purpose,
518.88 530.004 5.328 10.8 a

121.08 543.804 60.72 10.8 counterparty
185.16 543.804 22.656 10.8 shall
211.32 543.804 11.328 10.8 be
226.2 543.804 51.96 10.8 considered
281.76 543.804 9.948 10.8 as
295.2 543.804 26.76 10.8 being
325.32 543.804 39.3348 10.8 material
368.279 543.804 7.356 10.8 if
379.079 543.804 14.688 10.8 the
397.199 543.804 21.336 10.8 total
422.159 543.804 43.368 10.8 exposure
468.959 543.804 26.0868 10.8 value
498.478 543.804 9.996 10.8 of
512.038 543.804 11.976 10.8 all

121.08 557.604 47.988 10.8 exposures
174.12 557.604 9.996 10.8 of
189.12 557.604 14.688 10.8 the
208.92 557.604 48.84 10.8 institution
262.8 557.604 9.36 10.8 to
277.2 557.604 17.388 10.8 this
299.64 557.604 60.84 10.8 counterparty
365.4 557.604 30.588 10.8 equals
401.04 557.604 10.116 10.8 or
416.28 557.604 37.908 10.8 exceeds
459.24 557.604 30.036 10.8 [10%]
494.4 557.604 9.996 10.8 of
509.4 557.604 14.688 10.8 the

121.08 571.404 35.928 10.8 eligible
162.24 571.404 31.896 10.8 capital
199.32 571.404 10.116 10.8 of
214.56 571.404 14.688 10.8 the
234.48 571.404 48.96 10.8 institution
288.6 571.404 9.948 10.8 as
303.721 571.404 53.88 10.8 determined
362.881 571.404 12.12 10.8 by
380.041 571.404 24.696 10.8 point
409.921 571.404 20.076 10.8 (71)
435.121 571.404 9.996 10.8 of
450.361 571.404 33.408 10.8 Article
488.881 571.404 19.956 10.8 4(1)
514.081 571.404 9.996 10.8 of

121.08 585.204 52.56 10.8 Regulation
176.64 585.204 24.036 10.8 (EU)
203.64 585.204 14.64 10.8 No
221.28 585.204 48.48 10.8 575/2013.

85.08 612.804 9 10.8 2.
103.08 612.804 16.596 10.8 For
124.44 612.804 14.688 10.8 the
143.88 612.804 38.088 10.8 purpose
186.72 612.804 9.996 10.8 of
201.48 612.804 53.4 10.8 application
259.68 612.804 9.996 10.8 of
274.44 612.804 33.288 10.8 Article
312.48 612.804 32.076 10.8 150(1)
349.44 612.804 13.236 10.8 (a)
367.44 612.804 17.28 10.8 and
389.641 612.804 13.956 10.8 (b)
408.36 612.804 9.996 10.8 of
423.12 612.804 52.8 10.8 Regulation
480.72 612.804 23.916 10.8 (EU)
509.4 612.804 14.64 10.8 No

103.08 626.604 48.36 10.8 575/2013,
154.44 626.604 66.72 10.8 implementing
224.16 626.604 5.328 10.8 a
232.44 626.604 28.08 10.8 rating
263.4 626.604 33.336 10.8 system
299.76 626.604 13.956 10.8 for
316.8 626.604 67.9068 10.8 counterparties
387.719 626.604 9.36 10.8 in
400.199 626.604 11.28 10.8 an
414.479 626.604 43.3692 10.8 exposure
460.8 626.604 23.388 10.8 class
487.2 626.604 22.656 10.8 shall
512.88 626.604 11.328 10.8 be

103.08 640.404 37.2 10.8 deemed
143.28 640.404 9.948 10.8 as
156.24 640.404 33.6 10.8 unduly
192.6 640.404 58.848 10.8 burdensome
254.4 640.404 12 10.8 on
269.4 640.404 14.688 10.8 the
287.04 640.404 23.988 10.8 basis
314.04 640.404 9.996 10.8 of
327 640.404 14.688 10.8 the
344.76 640.404 46.68 10.8 following
394.32 640.404 72.816 10.8 considerations:

103.08 668.004 13.236 10.8 (a)
121.08 668.004 14.688 10.8 the
139.08 668.004 56.64 10.8 information
199.08 668.004 43.368 10.8 available
245.88 668.004 13.956 10.8 for
263.16 668.004 68.028 10.8 counterparties
334.56 668.004 67.368 10.8 representative
405.24 668.004 9.996 10.8 of
418.56 668.004 25.368 10.8 those
447.36 668.004 9.36 10.8 in
460.08 668.004 17.388 10.8 this
480.84 668.004 43.488 10.8 exposure

121.08 681.804 26.616 10.8 class;

103.08 709.404 13.956 10.8 (b)
121.08 709.404 14.688 10.8 the
140.16 709.404 19.296 10.8 cost
163.92 709.404 9.36 10.8 to
177.72 709.404 14.688 10.8 the
196.8 709.404 48.72 10.8 institution
249.96 709.404 9.9972 10.8 of
264.36 709.404 53.4 10.8 developing
322.08 709.404 5.328 10.8 a
331.92 709.404 28.08 10.8 rating
364.44 709.404 33.216 10.8 system
402.12 709.404 14.076 10.8 for
420.6 709.404 68.028 10.8 counterparties
493.08 709.404 9.36 10.8 in
506.88 709.404 17.388 10.8 this

121.08 723.204 43.368 10.8 exposure
167.4 723.204 23.268 10.8 class
193.68 723.204 49.32 10.8 (including
246 723.204 23.988 10.8 costs
273 723.204 39.84 10.8 incurred
315.84 723.204 9.36 10.8 in
328.2 723.204 25.356 10.8 order
356.52 723.204 9.48 10.8 to
369 723.204 35.208 10.8 acquire
407.28 723.204 30.588 10.8 access
440.88 723.204 9.36 10.8 to
453.24 723.204 38.736 10.8 relevant
495 723.204 27.216 10.8 data);

103.08 750.804 13.236 10.8 (c)
121.08 750.804 14.688 10.8 the
138.72 750.804 53.856 10.8 operational
195.6 750.804 47.52 10.8 capability
246 750.804 9.996 10.8 of
258.96 750.804 14.688 10.8 the
276.6 750.804 51.84 10.8 institution.

512.88 796.544 11.2387 10.3666 14

91.8 129.804 32.688 10.8 Article
127.44 129.804 6 10.8 3
136.44 129.804 3.996 10.8 -
143.4 129.804 52.788 10.8 Conditions
199.2 129.804 9.336 10.8 of
211.44 129.804 54.72 10.8 application
269.16 129.804 9.336 10.8 of
281.52 129.804 24.696 10.8 point
309.24 129.804 13.236 10.8 (c)
325.32 129.804 9.456 10.8 of
337.8 129.804 32.688 10.8 Article
373.44 129.804 31.956 10.8 150(1)
408.36 129.804 9.336 10.8 of
420.72 129.804 52.8 10.8 Regulation
476.52 129.804 23.916 10.8 (EU)
503.4 129.804 14.04 10.8 No

281.88 143.604 45.36 10.8 575/2013

85.08 171.204 16.596 10.8 For
104.88 171.204 14.688 10.8 the
122.76 171.204 42.708 10.8 purposes
168.72 171.204 9.996 10.8 of
182.04 171.204 53.28 10.8 application
238.56 171.204 9.996 10.8 of
251.76 171.204 33.408 10.8 Article
288.36 171.204 18 10.8 150
309.6 171.204 13.956 10.8 (1)
327 171.204 13.236 10.8 (c)
343.44 171.204 9.996 10.8 of
356.76 171.204 52.68 10.8 Regulation
412.68 171.204 23.916 10.8 (EU)
439.92 171.204 14.76 10.8 No
457.92 171.204 48.36 10.8 575/2013,
509.52 171.204 14.688 10.8 the

85.08 185.004 53.28 10.8 application
141.6 185.004 9.996 10.8 of
154.8 185.004 14.688 10.8 the
172.8 185.004 62.04 10.8 Standardised
238.08 185.004 47.28 10.8 Approach
288.6 185.004 22.776 10.8 shall
314.64 185.004 11.328 10.8 be
329.28 185.004 51.84 10.8 considered
384.48 185.004 9.948 10.8 as
397.68 185.004 26.7576 10.8 being
427.678 185.004 34.0812 10.8 limited
464.998 185.004 9.36 10.8 to
477.596 185.004 33.228 10.8 classes
514.076 185.004 10.116 10.8 or

85.08 198.804 25.188 10.8 types
113.52 198.804 9.996 10.8 of
126.84 198.804 47.988 10.8 exposures
178.08 198.804 17.976 10.8 that
199.32 198.804 14.688 10.8 are
217.2 198.804 51.936 10.8 immaterial
272.4 198.804 9.36 10.8 in
285 198.804 26.628 10.8 terms
314.88 198.804 9.996 10.8 of
328.2 198.804 18.768 10.8 size
350.16 198.804 17.28 10.8 and
370.68 198.804 46.56 10.8 perceived
420.48 198.804 18 10.8 risk
441.84 198.804 31.968 10.8 profile
477 198.804 9.948 10.8 as
490.2 198.804 20.736 10.8 well
514.2 198.804 9.948 10.8 as

85.08 212.604 9.36 10.8 to
99.36 212.604 47.988 10.8 exposures
152.28 212.604 9.36 10.8 in
171.48 212.604 72.576 10.8 non-significant
249 212.604 40.668 10.8 business
294.6 212.604 23.388 10.8 units
322.92 212.604 17.28 10.8 and
345.12 212.604 14.688 10.8 the
364.68 212.604 50.028 10.8 conditions
419.64 212.604 17.976 10.8 that
442.56 212.604 26.664 10.8 allow
474.12 212.604 49.896 10.8 competent

85.08 226.404 50.628 10.8 authorities
140.76 226.404 9.36 10.8 to
155.16 226.404 31.296 10.8 permit
191.52 226.404 14.688 10.8 the
211.32 226.404 53.28 10.8 application
269.64 226.404 9.996 10.8 of
284.76 226.404 14.688 10.8 the
304.44 226.404 62.04 10.8 Standardised
371.52 226.404 47.28 10.8 Approach
423.96 226.404 47.4 10.8 according
476.28 226.404 9.36 10.8 to
490.8 226.404 33.288 10.8 Article

85.08 240.204 31.956 10.8 152(b)
121.32 240.204 9.996 10.8 of
135.6 240.204 52.68 10.8 Regulation
192.6 240.204 24.036 10.8 (EU)
220.92 240.204 14.64 10.8 No
239.88 240.204 39.36 10.8 575/201
283.56 240.204 22.656 10.8 shall
310.56 240.204 11.328 10.8 be
326.16 240.204 51.84 10.8 considered
382.32 240.204 9.36 10.8 to
396 240.204 11.328 10.8 be
411.6 240.204 21 10.8 met,
436.92 240.204 7.356 10.8 if
448.56 240.204 21.36 10.8 both
474.24 240.204 50.028 10.8 conditions

85.08 254.004 29.304 10.8 below
117.36 254.004 14.568 10.8 are
134.88 254.004 21.456 10.8 met:

85.08 281.604 13.236 10.8 (a)
103.08 281.604 14.688 10.8 the
122.88 281.604 21.336 10.8 total
149.4 281.604 43.368 10.8 exposure
197.88 281.604 25.968 10.8 value
228.96 281.604 9.996 10.8 of
244.08 281.604 11.976 10.8 all
261.24 281.604 38.496 10.8 relevant
304.92 281.604 48.108 10.8 exposures
358.2 281.604 9.36 10.8 to
372.72 281.604 29.28 10.8 which
407.16 281.604 14.688 10.8 the
426.96 281.604 48.72 10.8 institution
480.84 281.604 43.44 10.8 currently

103.08 295.404 33.948 10.8 applies
141.48 295.404 14.688 10.8 the
160.56 295.404 62.04 10.8 Standardised
227.16 295.404 47.28 10.8 Approach
278.88 295.404 8.028 10.8 is
291.36 295.404 26.016 10.8 equal
321.84 295.404 9.36 10.8 to
335.64 295.404 10.116 10.8 or
350.16 295.404 35.316 10.8 smaller
389.88 295.404 20.64 10.8 than
415.08 295.404 24.156 10.8 [8]%
443.64 295.404 9.996 10.8 of
458.04 295.404 14.688 10.8 the
477.12 295.404 13.296 10.8 set
494.88 295.404 9.996 10.8 of
509.4 295.404 14.688 10.8 the

103.08 309.204 38.496 10.8 relevant
144.6 309.204 47.988 10.8 exposures
195.6 309.204 38.0388 10.8 referred
236.639 309.204 9.3588 10.8 to
248.998 309.204 9.36 10.8 in
261.358 309.204 33.288 10.8 Article
297.598 309.204 23.2584 10.8 1(3);

85.08 336.804 13.956 10.8 (b)
103.08 336.804 14.688 10.8 the
124.8 336.804 21.336 10.8 total
153.24 336.804 65.88 10.8 risk-weighted
226.32 336.804 43.368 10.8 exposure
276.72 336.804 35.976 10.8 amount
319.8 336.804 9.996 10.8 of
336.84 336.804 11.976 10.8 all
355.92 336.804 38.496 10.8 relevant
401.52 336.804 47.988 10.8 exposures
456.72 336.804 9.36 10.8 to
473.16 336.804 29.28 10.8 which
509.52 336.804 14.688 10.8 the

103.08 350.604 48.84 10.8 institution
155.04 350.604 43.32 10.8 currently
201.36 350.604 33.948 10.8 applies
238.44 350.604 14.688 10.8 the
256.2 350.604 62.04 10.8 Standardised
321.36 350.604 47.28 10.8 Approach
371.76 350.604 8.028 10.8 is
382.92 350.604 26.016 10.8 equal
412.08 350.604 9.36 10.8 to
424.56 350.604 9.996 10.8 or
437.64 350.604 35.436 10.8 smaller
476.16 350.604 20.64 10.8 than
499.92 350.604 24.156 10.8 [8]%

103.08 364.404 9.996 10.8 of
116.04 364.404 14.688 10.8 the
133.68 364.404 13.296 10.8 set
150 364.404 9.996 10.8 of
162.96 364.404 14.688 10.8 the
180.6 364.404 38.616 10.8 relevant
222.36 364.404 47.988 10.8 exposures
273.36 364.404 37.8 10.8 referred
314.16 364.404 9.36 10.8 to
326.52 364.404 9.36 10.8 in
339 364.404 33.288 10.8 Article
375.24 364.404 22.92 10.8 1(3).

86.28 405.804 32.688 10.8 Article
121.92 405.804 6 10.8 4
130.92 405.804 3.996 10.8 -
137.88 405.804 52.788 10.8 Conditions
193.68 405.804 48.6 10.8 according
245.28 405.804 9.36 10.8 to
257.64 405.804 28.68 10.8 which
289.32 405.804 49.296 10.8 competent
341.64 405.804 52.068 10.8 authorities
396.72 405.804 23.376 10.8 shall
423.12 405.804 47.928 10.8 determine
474 405.804 14.688 10.8 the
491.64 405.804 31.368 10.8 nature

218.16 419.604 18 10.8 and
239.16 419.604 30.72 10.8 timing
272.88 419.604 9.336 10.8 of
285.24 419.604 14.688 10.8 the
302.88 419.604 49.296 10.8 sequential
355.2 419.604 17.376 10.8 roll
375.6 419.604 15.336 10.8 out

85.08 447.204 9 10.8 1.
102.96 447.204 16.596 10.8 For
122.64 447.204 14.808 10.8 the
140.52 447.204 42.708 10.8 purposes
186.36 447.204 9.996 10.8 of
199.56 447.204 58.2 10.8 determining
260.76 447.204 14.688 10.8 the
278.64 447.204 54.648 10.8 appropriate
336.36 447.204 30.048 10.8 nature
369.6 447.204 17.28 10.8 and
390 447.204 31.44 10.8 timing
424.56 447.204 9.996 10.8 of
437.759 447.204 14.688 10.8 the
455.519 447.204 48.696 10.8 sequential
507.359 447.204 16.656 10.8 roll

102.96 461.004 15.336 10.8 out
121.32 461.004 9.996 10.8 of
134.28 461.004 14.688 10.8 the
152.04 461.004 20.004 10.8 IRB
174.96 461.004 47.28 10.8 Approach
225.36 461.004 37.8 10.8 referred
266.281 461.004 9.36 10.8 to
278.641 461.004 9.3588 10.8 in
291 461.004 33.288 10.8 Article
327.241 461.004 32.0748 10.8 148(3)
362.28 461.004 9.996 10.8 of
375.24 461.004 52.8 10.8 Regulation
431.04 461.004 23.9172 10.8 (EU)
458.04 461.004 14.7612 10.8 No
475.801 461.004 48.3588 10.8 575/2013,

102.96 474.804 49.896 10.8 competent
156.6 474.804 50.628 10.8 authorities
210.96 474.804 22.656 10.8 shall
237.36 474.804 31.248 10.8 ensure
272.28 474.804 17.976 10.8 that
294 474.804 14.688 10.8 the
312.36 474.804 30.636 10.8 higher
346.8 474.804 14.688 10.8 the
365.16 474.804 41.976 10.8 potential
410.88 474.804 13.956 10.8 for
428.52 474.804 77.4 10.8 underestimating
509.52 474.804 14.688 10.8 the

102.96 488.604 25.68 10.8 risks,
131.64 488.604 14.688 10.8 the
149.28 488.604 35.916 10.8 quicker
188.16 488.604 17.388 10.8 this
208.56 488.604 41.976 10.8 potential
253.56 488.604 22.656 10.8 shall
279.24 488.604 11.328 10.8 be
293.52 488.604 40.92 10.8 reduced.

85.08 515.844 9 10.8 2.
102.96 515.844 16.596 10.8 For
122.64 515.844 14.808 10.8 the
140.52 515.844 42.708 10.8 purposes
186.36 515.844 9.996 10.8 of
199.56 515.844 58.2 10.8 determining
260.76 515.844 14.688 10.8 the
278.64 515.844 54.6468 10.8 appropriate
336.359 515.844 30.0492 10.8 nature
369.6 515.844 17.28 10.8 and
390 515.844 31.44 10.8 timing
424.56 515.844 9.996 10.8 of
437.76 515.844 14.688 10.8 the
455.52 515.844 48.696 10.8 sequential
507.36 515.844 16.656 10.8 roll

102.96 529.644 15.336 10.8 out
121.32 529.644 9.996 10.8 of
134.28 529.644 14.688 10.8 the
152.04 529.644 20.004 10.8 IRB
174.96 529.644 47.28 10.8 Approach
225.36 529.644 37.8 10.8 referred
266.281 529.644 9.36 10.8 to
278.641 529.644 9.36 10.8 in
291.001 529.644 33.288 10.8 Article
327.241 529.644 32.076 10.8 148(3)
362.281 529.644 9.9972 10.8 of
375.242 529.644 52.8 10.8 Regulation
431.042 529.644 23.916 10.8 (EU)
458.042 529.644 14.76 10.8 No
475.802 529.644 48.36 10.8 575/2013,

102.96 543.444 49.896 10.8 competent
156.48 543.444 50.628 10.8 authorities
210.72 543.444 22.656 10.8 shall
237 543.444 31.248 10.8 ensure
271.8 543.444 17.976 10.8 that
293.4 543.444 11.976 10.8 all
309 543.444 14.688 10.8 the
327.24 543.444 50.028 10.8 conditions
380.88 543.444 29.304 10.8 below
413.76 543.444 14.568 10.8 are
431.88 543.444 17.976 10.8 met
453.48 543.444 52.416 10.8 throughout
509.52 543.444 14.688 10.8 the

102.96 557.244 75.36 10.8 implementation
181.32 557.244 9.996 10.8 of
194.28 557.244 14.688 10.8 the
211.92 557.244 48.576 10.8 sequential
263.52 557.244 16.656 10.8 roll
283.2 557.244 15.336 10.8 out
301.56 557.244 23.976 10.8 plan:

103.08 584.364 13.236 10.8 (a)
121.08 584.364 14.688 10.8 the
140.4 584.364 21.336 10.8 total
166.44 584.364 43.368 10.8 exposure
214.44 584.364 25.968 10.8 value
245.16 584.364 9.996 10.8 of
259.8 584.364 11.976 10.8 all
276.48 584.364 47.988 10.8 exposures
329.16 584.364 14.076 10.8 for
347.88 584.364 29.4 10.8 which
381.96 584.364 52.68 10.8 permission
439.32 584.364 9.36 10.8 to
453.36 584.364 26.88 10.8 apply
484.8 584.364 14.688 10.8 the
504.24 584.364 19.884 10.8 IRB

121.08 598.164 43.8 10.8 approach
171 598.164 47.4 10.8 according
224.28 598.164 9.36 10.8 to
239.64 598.164 33.288 10.8 Article
278.88 598.164 18 10.8 143
302.88 598.164 9.996 10.8 of
318.84 598.164 52.68 10.8 Regulation
377.52 598.164 23.916 10.8 (EU)
407.4 598.164 14.64 10.8 No
428.04 598.164 45.36 10.8 575/2013
479.4 598.164 15.948 10.8 has
501.36 598.164 22.68 10.8 been

121.08 611.964 40.56 10.8 received
165.84 611.964 12.12 10.8 by
181.92 611.964 14.688 10.8 the
200.76 611.964 50.1348 10.8 competent
255.119 611.964 43.44 10.8 authority
302.399 611.964 8.028 10.8 is
314.639 611.964 26.016 10.8 equal
344.879 611.964 9.36 10.8 to
358.439 611.964 9.996 10.8 or
372.599 611.964 27.876 10.8 larger
404.64 611.964 20.64 10.8 than
429.48 611.964 30.156 10.8 [50]%
463.8 611.964 9.996 10.8 of
477.96 611.964 14.568 10.8 the
496.681 611.964 13.296 10.8 set
514.201 611.964 9.996 10.8 of

121.08 625.764 14.688 10.8 the
138.72 625.764 38.496 10.8 relevant
180.36 625.764 47.988 10.8 exposures
231.36 625.764 37.92 10.8 referred
272.28 625.764 9.36 10.8 to
284.64 625.764 9.36 10.8 in
297 625.764 33.288 10.8 Article
333.24 625.764 20.076 10.8 1(3)
356.28 625.764 32.016 10.8 above;

103.08 653.364 13.956 10.8 (b)
121.08 653.364 14.688 10.8 the
139.92 653.364 21.336 10.8 total
165.48 653.364 65.88 10.8 risk-weighted
235.68 653.364 43.488 10.8 exposure
283.32 653.364 35.976 10.8 amount
323.52 653.364 9.996 10.8 of
337.68 653.364 11.976 10.8 all
353.88 653.364 48.108 10.8 exposures
406.2 653.364 13.956 10.8 for
424.32 653.364 29.28 10.8 which
457.8 653.364 52.92 10.8 permission
514.92 653.364 9.36 10.8 to

121.08 667.164 26.76 10.8 apply
154.2 667.164 14.688 10.8 the
175.68 667.164 19.884 10.8 IRB
202.08 667.164 44.04 10.8 approach
252.72 667.164 47.28 10.8 according
306.48 667.164 9.36 10.8 to
322.44 667.164 9.36 10.8 in
338.4 667.164 33.408 10.8 Article
378.36 667.164 18 10.8 143
402.96 667.164 9.996 10.8 of
419.52 667.164 52.68 10.8 Regulation
478.92 667.164 23.916 10.8 (EU)
509.4 667.164 14.64 10.8 No

121.08 680.964 45.36 10.8 575/2013
170.76 680.964 15.948 10.8 has
191.04 680.964 22.56 10.8 been
218.04 680.964 40.68 10.8 received
263.04 680.964 12.24 10.8 by
279.36 680.964 14.688 10.8 the
298.439 680.964 49.896 10.8 competent
352.679 680.964 43.56 10.8 authority
400.319 680.964 8.028 10.8 is
412.679 680.964 26.016 10.8 equal
443.039 680.964 9.36 10.8 to
456.719 680.964 9.996 10.8 or
471 680.964 28.116 10.8 larger
503.4 680.964 20.64 10.8 than

121.08 694.764 30.156 10.8 [50]%
154.2 694.764 9.996 10.8 of
167.16 694.764 14.688 10.8 the
184.8 694.764 13.296 10.8 set
201.12 694.764 9.996 10.8 of
214.08 694.764 14.688 10.8 the
231.72 694.764 38.616 10.8 relevant
273.36 694.764 47.988 10.8 exposures
324.36 694.764 37.92 10.8 referred
365.4 694.764 9.36 10.8 to
377.76 694.764 9.36 10.8 in
390.12 694.764 33.288 10.8 Article
426.36 694.764 19.956 10.8 1(3)
449.28 694.764 31.68 10.8 above.

85.08 722.004 9 10.8 3.
102.96 722.004 16.596 10.8 For
122.64 722.004 14.808 10.8 the
140.52 722.004 42.708 10.8 purposes
186.36 722.004 9.996 10.8 of
199.56 722.004 58.2 10.8 determining
260.76 722.004 14.688 10.8 the
278.64 722.004 54.648 10.8 appropriate
336.36 722.004 30.048 10.8 nature
369.6 722.004 17.28 10.8 and
390 722.004 31.44 10.8 timing
424.56 722.004 9.996 10.8 of
437.759 722.004 14.688 10.8 the
455.519 722.004 48.696 10.8 sequential
507.359 722.004 16.656 10.8 roll

102.96 735.804 15.336 10.8 out
121.32 735.804 9.996 10.8 of
134.28 735.804 14.688 10.8 the
152.04 735.804 20.004 10.8 IRB
174.96 735.804 47.28 10.8 Approach
225.36 735.804 37.8 10.8 referred
266.281 735.804 9.36 10.8 to
278.641 735.804 9.36 10.8 in
291.001 735.804 33.288 10.8 Article
327.241 735.804 32.076 10.8 148(3)
362.281 735.804 9.9972 10.8 of
375.242 735.804 52.8 10.8 Regulation
431.042 735.804 23.916 10.8 (EU)
458.04 735.804 14.76 10.8 No
475.8 735.804 48.36 10.8 575/2013,

102.96 749.604 49.896 10.8 competent
156.6 749.604 50.628 10.8 authorities
210.96 749.604 22.776 10.8 shall
237.48 749.604 31.248 10.8 ensure
272.4 749.604 17.976 10.8 that
294.12 749.604 53.508 10.8 institutions
351.36 749.604 22.608 10.8 have
377.64 749.604 42.6 10.8 provided
424.08 749.604 42.648 10.8 adequate
470.4 749.604 35.988 10.8 reasons
510.12 749.604 13.956 10.8 for

102.96 763.404 45.36 10.8 including
151.56 763.404 9.36 10.8 in
164.28 763.404 14.688 10.8 the
182.52 763.404 19.884 10.8 IRB
205.8 763.404 47.28 10.8 Approach
256.56 763.404 5.328 10.8 a
265.2 763.404 45.996 10.8 particular
314.64 763.404 43.368 10.8 exposure
361.32 763.404 26.4 10.8 class,
391.08 763.404 40.668 10.8 business
435.12 763.404 18.696 10.8 unit
457.2 763.404 10.116 10.8 or
470.64 763.404 16.008 10.8 use
489.96 763.404 10.116 10.8 of
503.4 763.404 20.64 10.8 own

512.88 796.544 11.2387 10.3666 15

102.96 116.004 44.628 10.8 estimates
152.88 116.004 9.996 10.8 of
168.24 116.004 29.028 10.8 LGDs
202.56 116.004 17.28 10.8 and
225.239 116.004 52.5588 10.8 conversion
283.078 116.004 32.628 10.8 factors
320.998 116.004 8.616 10.8 at
334.918 116.004 5.328 10.8 a
345.478 116.004 21.276 10.8 later
371.998 116.004 24.648 10.8 stage
401.878 116.004 9.36 10.8 in
416.518 116.004 53.9304 10.8 accordance
475.68 116.004 21.36 10.8 with
502.32 116.004 21.996 10.8 their

102.96 129.804 48.576 10.8 sequential
160.32 129.804 16.656 10.8 roll
185.76 129.804 15.336 10.8 out
209.88 129.804 23.88 10.8 plan.
242.52 129.804 24 10.8 Such
275.28 129.804 35.988 10.8 reasons
320.04 129.804 22.776 10.8 shall
351.6 129.804 19.968 10.8 take
380.28 129.804 18.72 10.8 into
407.88 129.804 37.296 10.8 account
453.96 129.804 14.8092 10.8 the
477.481 129.804 46.8 10.8 following

102.96 143.604 72.576 10.8 considerations:

103.08 170.844 13.236 10.8 (a)
121.08 170.844 42.84 10.8 accurate,
166.92 170.844 54.648 10.8 appropriate
224.52 170.844 10.116 10.8 or
237.599 170.844 44.088 10.8 complete
284.639 170.844 21.408 10.8 time
308.999 170.844 27.228 10.8 series
339.239 170.844 19.968 10.8 data
362.28 170.844 14.568 10.8 are
379.8 170.844 15.336 10.8 not
398.16 170.844 46.32 10.8 available.

103.08 198.444 13.956 10.8 (b)
121.08 198.444 14.688 10.8 the
138.72 198.444 48.84 10.8 institution
190.56 198.444 8.028 10.8 is
201.6 198.444 15.216 10.8 not
219.84 198.444 36.528 10.8 capable
259.32 198.444 53.856 10.8 operational
316.2 198.444 9.36 10.8 to
328.56 198.444 60.2412 10.8 immediately
391.561 198.444 38.0412 10.8 develop
432.602 198.444 14.688 10.8 the
450.242 198.444 28.08 10.8 rating
481.322 198.444 36.2376 10.8 system.

103.08 226.044 13.236 10.8 (c)
121.08 226.044 23.928 10.8 there
147.96 226.044 8.028 10.8 is
159 226.044 19.92 10.8 lack
181.92 226.044 9.996 10.8 of
194.88 226.044 45.336 10.8 sufficient
243.36 226.044 23.316 10.8 prior
269.64 226.044 54.8388 10.8 experience.

103.08 253.644 13.956 10.8 (d)
121.08 253.644 14.688 10.8 the
138.72 253.644 29.88 10.8 length
171.6 253.644 9.996 10.8 of
184.56 253.644 14.808 10.8 the
202.32 253.644 21.408 10.8 time
226.68 253.644 39.96 10.8 required
269.64 253.644 13.956 10.8 for
286.56 253.644 14.688 10.8 the
304.2 253.644 62.136 10.8 development
369.36 253.644 9.996 10.8 of
382.32 253.644 14.688 10.8 the
399.96 253.644 28.08 10.8 rating
430.92 253.644 41.04 10.8 systems.

103.08 281.244 13.236 10.8 (e)
121.08 281.244 23.928 10.8 there
148.56 281.244 14.568 10.8 are
166.68 281.244 53.508 10.8 institutions
223.68 281.244 43.32 10.8 affiliated
270.481 281.244 9.36 10.8 to
283.321 281.244 14.688 10.8 the
301.561 281.244 48.84 10.8 institution
353.881 281.244 17.28 10.8 and
374.641 281.244 15.336 10.8 not
393.48 281.244 33.936 10.8 subject
431.04 281.244 9.36 10.8 to
443.88 281.244 52.8 10.8 Regulation
500.16 281.244 23.916 10.8 (EU)

121.08 295.044 14.64 10.8 No
138.72 295.044 45.36 10.8 575/2013
187.08 295.044 9.996 10.8 or
200.04 295.044 9.36 10.8 to
212.4 295.044 49.896 10.8 equivalent
265.32 295.044 22.68 10.8 third
291 295.044 45.228 10.8 country’s
339.24 295.044 53.16 10.8 legislation.

240.6 336.084 32.688 10.8 Article
276.24 336.084 6 10.8 5
285.24 336.084 6 10.8 –
294.24 336.084 26.016 10.8 Final
323.28 336.084 45.36 10.8 provision

85.08 363.684 21.348 10.8 This
109.8 363.684 52.56 10.8 Regulation
165.72 363.684 22.656 10.8 shall
191.76 363.684 23.916 10.8 enter
219 363.684 18.72 10.8 into
241.08 363.684 24.528 10.8 force
268.92 363.684 12 10.8 on
284.28 363.684 14.688 10.8 the
302.28 363.684 44.64 10.8 twentieth
350.28 363.684 17.4 10.8 day
370.8 363.684 46.8 10.8 following
420.84 363.684 17.976 10.8 that
442.2 363.684 9.996 10.8 of
455.52 363.684 11.388 10.8 its
470.28 363.684 54 10.8 publication

85.08 377.484 9.36 10.8 in
97.44 377.484 14.688 10.8 the
115.08 377.484 36.696 10.8 Official
154.8 377.484 37.296 10.8 Journal
195.12 377.484 9.336 10.8 of
207.36 377.484 14.688 10.8 the
225 377.484 47.28 10.8 European
275.28 377.484 33 10.8 Union.

85.08 415.284 21.348 10.8 This
111.96 415.284 52.56 10.8 Regulation
170.04 415.284 22.656 10.8 shall
198.24 415.284 11.448 10.8 be
215.16 415.284 36.72 10.8 binding
257.28 415.284 9.36 10.8 in
272.16 415.284 11.388 10.8 its
289.08 415.284 36.84 10.8 entirety
331.32 415.284 17.28 10.8 and
354.12 415.284 36.84 10.8 directly
396.24 415.284 49.368 10.8 applicable
451.2 415.284 9.36 10.8 in
466.08 415.284 11.9748 10.8 all
483.599 415.284 40.596 10.8 Member

85.08 429.084 31.68 10.8 States.

85.08 468.684 25.968 10.8 Done
114 468.684 8.616 10.8 at
125.76 468.684 43.56 10.8 Brussels,

297.72 518.484 17.988 10.8 For
318.72 518.484 14.688 10.8 the
336.36 518.484 59.4 10.8 Commission

297.72 532.404 18.048 10.8 The
318.72 532.404 45.936 10.8 President

297.72 564.084 14.64 10.8 On
315.36 564.084 29.976 10.8 behalf
348.36 564.084 9.336 10.8 of
360.72 564.084 14.688 10.8 the
378.36 564.084 46.056 10.8 President

297.72 580.532 42.5117 10.0354 [Position]

512.88 796.544 11.2387 10.3666 16

85.08 119.503 19.9987 24.4516 5.
121.093 119.503 156.974 24.4516 Accompanying
284.401 119.503 120.089 24.4516 documents

85.08 178.433 20.2149 14.9864 5.1
121.086 178.433 33.3021 14.9864 Draft
158.043 178.433 78.3093 14.9864 cost-benefit
240.012 178.433 101.569 14.9864 analysis/impact
345.241 178.433 75.0663 14.9864 assessment

85.08 208.776 49.7628 11.256 Definition
137.639 208.776 10.272 11.256 of
150.599 208.776 16.596 11.256 the
169.919 208.776 42.276 11.256 problem

85.08 234.943 16.6583 10.3666 The
104.885 234.943 17.7545 10.3666 CRR
125.769 234.943 28.311 10.3666 allows
157.087 234.943 14.766 10.3666 IRB
174.853 234.943 50.3888 10.3666 institutions
228.369 234.943 9.41822 10.3666 to
240.974 234.943 57.3164 10.3666 permanently
301.334 234.943 30.6106 10.3666 and/or
335.058 234.943 52.5151 10.3666 temporarily
390.616 234.943 15.5785 10.3666 use
409.217 234.943 14.978 10.3666 the
427.341 234.943 11.433 10.3666 SA
441.716 234.943 12.9687 10.3666 for
457.795 234.943 14.978 10.3666 the
475.798 234.943 48.5042 10.3666 calculation

85.08 250.421 9.2471 10.3666 of
96.8376 250.421 21.3734 10.3666 their
120.595 250.421 19.4757 10.3666 own
142.551 250.421 24.957 10.3666 funds
170.028 250.421 60.837 10.3666 requirements
233.266 250.421 13.0923 10.3666 for
248.742 250.421 26.0191 10.3666 credit
277.179 250.421 15.7033 10.3666 risk
295.416 250.421 26.6528 10.3666 under
324.336 250.421 31.3558 10.3666 certain
358.173 250.421 49.3422 10.3666 conditions.

85.08 277.778 8.556 10.3666 In
96.6024 277.778 14.9791 10.3666 the
114.606 277.778 19.7782 10.3666 case
137.289 277.778 9.24821 10.3666 of
149.41 277.778 14.9791 10.3666 the
167.414 277.778 49.7783 10.3666 permanent
220.217 277.778 15.5785 10.3666 use
238.821 277.778 9.2471 10.3666 of
250.944 277.778 14.978 10.3666 the
268.947 277.778 14.1599 10.3666 SA,
285.986 277.778 22.6585 10.3666 most
311.546 277.778 9.24821 10.3666 of
323.789 277.778 24.6987 10.3666 these
351.513 277.778 46.6771 10.3666 conditions
401.196 277.778 21.4584 10.3666 have
425.679 277.778 22.4763 10.3666 been
451.003 277.778 19.161 10.3666 fully
473.158 277.778 39.9869 10.3666 specified
516.111 277.778 8.1961 10.3666 in

85.08 293.256 14.978 10.3666 the
107.035 293.256 17.8749 10.3666 CRR
131.75 293.256 14.182 10.3666 (cf.
152.866 293.256 28.9171 10.3666 letters
184.319 293.256 12.462 10.3666 (d)
203.63 293.256 9.41822 10.3666 to
220.065 293.256 9.34205 10.3666 (j)
236.256 293.256 29.0175 10.3666 Article
267.836 293.256 29.0253 10.3666 150(1)
303.717 293.256 16.8338 10.3666 and
327.359 293.256 45.9904 10.3666 paragraph
375.829 293.256 5.59728 10.3666 2
388.425 293.256 29.0175 10.3666 Article
419.989 293.256 22.8219 10.3666 150).
449.632 293.256 43.0759 10.3666 However,
499.553 293.256 24.7329 10.3666 other

85.069 308.734 46.7919 10.3666 conditions
136.904 308.734 37.1154 10.3666 referred
179.14 308.734 9.41822 10.3666 to
193.775 308.734 14.8576 10.3666 the
213.811 308.734 59.8258 10.3666 immateriality
278.831 308.734 9.2471 10.3666 of
293.107 308.734 14.978 10.3666 the
313.262 308.734 43.4325 10.3666 portfolios
361.854 308.734 16.8338 10.3666 and
383.807 308.734 14.978 10.3666 the
403.963 308.734 18.3385 10.3666 cost
427.479 308.734 9.2471 10.3666 of
441.871 308.734 62.3153 10.3666 implementing
509.302 308.734 14.8576 10.3666 the

85.069 324.091 64.5995 10.3666 corresponding
152.148 324.091 30.5918 10.3666 ratings
185.26 324.091 35.7564 10.3666 systems
223.537 324.091 21.4573 10.3666 have
247.417 324.091 9.53856 10.3666 to
259.414 324.091 11.2586 10.3666 be
273.212 324.091 39.8765 10.3666 specified
315.569 324.091 10.7607 10.3666 by
328.649 324.091 14.978 10.3666 the
346.165 324.091 17.7921 10.3666 EBA
366.468 324.091 8.31643 10.3666 in
377.143 324.091 24.6987 10.3666 these
404.381 324.091 21.9343 10.3666 draft
428.744 324.091 19.2228 10.3666 RTS.

85.0579 351.569 8.556 10.3666 In
96.7018 351.569 14.978 10.3666 the
114.826 351.569 19.6578 10.3666 case
137.507 351.569 9.2471 10.3666 of
149.75 351.569 14.978 10.3666 the
167.755 351.569 47.3605 10.3666 temporary
218.279 351.569 15.5785 10.3666 use
236.883 351.569 9.2471 10.3666 of
249.128 351.569 14.978 10.3666 the
267.132 351.569 14.1599 10.3666 SA,
284.416 351.569 29.012 10.3666 Article
315.816 351.569 16.7576 10.3666 148
335.622 351.569 9.2471 10.3666 of
347.987 351.569 14.8587 10.3666 the
365.992 351.569 17.7556 10.3666 CRR
386.876 351.569 38.3872 10.3666 specifies
428.271 351.569 14.978 10.3666 the
446.154 351.569 46.7964 10.3666 conditions
495.836 351.569 9.2471 10.3666 of
508.188 351.569 16.0411 10.3666 any

85.069 367.047 46.6882 10.3666 sequential
135.945 367.047 71.9179 10.3666 implementation
211.901 367.047 9.2471 10.3666 of
225.216 367.047 14.978 10.3666 the
244.411 367.047 14.6457 10.3666 IRB
263.246 367.047 43.2547 10.3666 Approach
310.659 367.047 28.0758 10.3666 across
342.934 367.047 14.978 10.3666 the
362.008 367.047 39.3388 10.3666 different
405.443 367.047 48.1631 10.3666 exposures.
457.779 367.047 37.5912 10.3666 Through
499.53 367.047 24.6976 10.3666 these

85.0579 382.404 21.9343 10.3666 draft
109.531 382.404 19.2008 10.3666 RTS,
131.249 382.404 14.8709 10.3666 the
148.659 382.404 17.7921 10.3666 EBA
168.937 382.404 38.4004 10.3666 specifies
209.744 382.404 14.978 10.3666 the
227.264 382.404 46.6738 10.3666 conditions
276.337 382.404 9.53856 10.3666 to
288.454 382.404 11.1383 10.3666 be
302.132 382.404 21.3955 10.3666 used
325.891 382.404 10.7618 10.3666 by
339.209 382.404 49.1777 10.3666 competent
390.926 382.404 48.597 10.3666 authorities
441.937 382.404 24.9957 10.3666 when
469.416 382.404 54.8798 10.3666 determining

85.0579 397.882 14.978 10.3666 the
102.939 397.882 53.0141 10.3666 appropriate
158.857 397.882 29.8566 10.3666 nature
191.617 397.882 16.7135 10.3666 and
211.176 397.882 28.5947 10.3666 timing
242.612 397.882 9.2471 10.3666 of
254.729 397.882 15.9186 10.3666 any
273.567 397.882 46.6826 10.3666 sequential
322.999 397.882 33.481 10.3666 roll-out
359.383 397.882 22.0988 10.3666 plan.
384.341 397.882 26.0533 10.3666 Other
413.263 397.882 33.3563 10.3666 aspects
449.504 397.882 20.5554 10.3666 such
472.905 397.882 9.59707 10.3666 as
485.387 397.882 14.9791 10.3666 the
503.27 397.882 21.0091 10.3666 total

85.0579 413.36 28.4711 10.3666 length
116.971 413.36 9.2471 10.3666 of
129.569 413.36 14.978 10.3666 the
147.926 413.36 33.3485 10.3666 roll-out
184.775 413.36 31.9244 10.3666 period,
220.055 413.36 9.73286 10.3666 or
233.252 413.36 14.8587 10.3666 the
251.611 413.36 20.1381 10.3666 date
275.248 413.36 20.2882 10.3666 until
298.888 413.36 26.5556 10.3666 which
328.885 413.36 14.766 10.3666 IRB
347.123 413.36 50.3965 10.3666 institutions
400.883 413.36 30.0365 10.3666 should
434.36 413.36 11.1383 10.3666 be
449 413.36 19.0584 10.3666 able
471.437 413.36 9.53856 10.3666 to
484.408 413.36 39.8069 10.3666 calculate

85.0469 428.717 21.3712 10.3666 their
108.924 428.717 29.7594 10.3666 capital
141.073 428.717 60.8381 10.3666 requirements
204.194 428.717 23.556 10.3666 using
230.228 428.717 14.978 10.3666 the
247.746 428.717 11.4319 10.3666 SA
261.663 428.717 14.617 10.3666 are
278.698 428.717 8.97552 10.3666 at
290.126 428.717 14.978 10.3666 the
307.643 428.717 44.436 10.3666 discretion
354.443 428.717 9.2471 10.3666 of
366.082 428.717 14.9791 10.3666 the
383.6 428.717 49.0584 10.3666 competent
435.198 428.717 51.3846 10.3666 authorities.

85.08 456.696 51.1308 11.268 Objectives

85.08 482.863 26.496 10.3666 These
117.24 482.863 16.3513 10.3666 RTS
139.209 482.863 30.0354 10.3666 should
174.846 482.863 46.8979 10.3666 contribute
227.408 482.863 9.41822 10.3666 to
242.529 482.863 5.28816 10.3666 a
253.451 482.863 39.6358 10.3666 common
298.693 482.863 64.8401 10.3666 understanding
369.13 482.863 31.0003 10.3666 among
405.728 482.863 50.2773 10.3666 institutions
461.65 482.863 16.836 10.3666 and
484.092 482.863 14.978 10.3666 the
504.734 482.863 19.5563 10.3666 EU’s

85.091 498.341 36.7201 10.3666 national
124.317 498.341 49.1788 10.3666 competent
176.035 498.341 48.5892 10.3666 authorities
227.145 498.341 9.2471 10.3666 of
238.933 498.341 14.8576 10.3666 the
256.33 498.341 46.676 10.3666 conditions
305.527 498.341 18.4578 10.3666 that
326.407 498.341 15.7563 10.3666 can
344.644 498.341 27.3207 10.3666 justify
374.52 498.341 5.28816 10.3666 a
382.317 498.341 49.8986 10.3666 permanent
434.754 498.341 9.73286 10.3666 or
446.874 498.341 47.4808 10.3666 temporary
496.912 498.341 15.5785 10.3666 use
515.029 498.341 9.24821 10.3666 of

85.091 513.697 14.978 10.3666 the
102.608 513.697 11.433 10.3666 SA
116.526 513.697 10.7618 10.3666 by
129.724 513.697 14.7649 10.3666 IRB
147 513.697 53.1819 10.3666 institutions.

85.091 541.176 8.556 10.3666 In
96.3706 541.176 14.978 10.3666 the
114.131 541.176 19.7782 10.3666 case
136.571 541.176 9.2471 10.3666 of
148.451 541.176 14.978 10.3666 the
166.211 541.176 49.659 10.3666 permanent
218.652 541.176 15.5785 10.3666 use
236.892 541.176 9.2471 10.3666 of
248.893 541.176 14.9791 10.3666 the
266.654 541.176 14.1599 10.3666 SA,
283.453 541.176 50.2773 10.3666 institutions
336.494 541.176 14.6181 10.3666 are
353.894 541.176 35.3114 10.3666 allowed
391.809 541.176 9.53856 10.3666 to
404.05 541.176 57.323 10.3666 permanently
464.172 541.176 30.5775 10.3666 handle
497.534 541.176 26.6528 10.3666 under

85.091 556.654 14.978 10.3666 the
102.973 556.654 11.4319 10.3666 SA
117.254 556.654 25.0586 10.3666 those
145.215 556.654 43.4336 10.3666 portfolios
191.417 556.654 49.4758 10.3666 considered
243.736 556.654 48.7217 10.3666 immaterial
295.337 556.654 24.3962 10.3666 (both
322.579 556.654 8.1961 10.3666 in
333.621 556.654 26.1571 10.3666 terms
362.664 556.654 9.2471 10.3666 of
374.665 556.654 16.6549 10.3666 size
394.223 556.654 16.8327 10.3666 and
413.902 556.654 43.9536 10.3666 perceived
460.702 556.654 15.7022 10.3666 risk
479.302 556.654 32.6155 10.3666 profile)
514.702 556.654 9.61253 10.3666 or

85.1021 572.132 15.2981 10.3666 too
102.987 572.132 25.8811 10.3666 costly
131.424 572.132 9.41712 10.3666 to
143.42 572.132 11.2575 10.3666 be
157.105 572.132 33.2768 10.3666 treated
192.864 572.132 26.5324 10.3666 under
221.901 572.132 14.978 10.3666 the
239.418 572.132 14.6457 10.3666 IRB
256.575 572.132 45.9926 10.3666 Approach.

85.1021 598.142 5.05632 10.6536 
102.148 599.489 23.4975 10.3666 Since
129.384 599.489 14.978 10.3666 the
148.107 599.489 57.7513 10.3666 standardised
209.543 599.489 16.7157 10.3666 and
229.942 599.489 14.7649 10.3666 IRB
248.422 599.489 51.9587 10.3666 approaches
304.103 599.489 21.4573 10.3666 have
329.302 599.489 22.4763 10.3666 been
355.463 599.489 64.881 10.3666 independently
423.984 599.489 47.5206 10.3666 calibrated,
475.224 599.489 49.0584 10.3666 competent

102.148 614.967 48.8365 10.3666 authorities
155.187 614.967 19.0418 10.3666 may
178.584 614.967 21.5777 10.3666 have
204.501 614.967 24.2173 10.3666 some
233.057 614.967 40.317 10.3666 concerns
277.694 614.967 20.1723 10.3666 over
302.169 614.967 14.766 10.3666 IRB
321.247 614.967 50.3965 10.3666 institutions
375.963 614.967 23.5594 10.3666 using
403.795 614.967 14.978 10.3666 the
423.112 614.967 11.4319 10.3666 SA
438.868 614.967 17.0182 10.3666 due
460.225 614.967 9.53746 10.3666 to
474.141 614.967 5.28816 10.3666 a
483.734 614.967 40.5632 10.3666 potential

102.148 630.445 74.6757 10.3666 underestimation
180.022 630.445 9.2471 10.3666 of
192.497 630.445 19.596 10.3666 own
215.417 630.445 24.8367 10.3666 funds
243.618 630.445 60.8459 10.3666 requirements
307.823 630.445 28.1962 10.3666 unless
339.386 630.445 14.8565 10.3666 the
357.621 630.445 11.4319 10.3666 SA
372.377 630.445 6.83376 10.3666 is
382.586 630.445 33.1476 10.3666 applied
419.053 630.445 9.53856 10.3666 to
432.01 630.445 11.0731 10.3666 an
446.404 630.445 48.6025 10.3666 immaterial
498.351 630.445 13.5395 10.3666 set
515.149 630.445 9.12677 10.3666 of

102.148 645.802 48.385 10.3666 exposures.
154.948 645.802 26.3757 10.3666 These
185.784 645.802 16.4662 10.3666 RTS
206.66 645.802 29.797 10.3666 should
240.859 645.802 42.8186 10.3666 therefore
288.138 645.802 31.0412 10.3666 specify
323.656 645.802 26.5512 10.3666 which
354.609 645.802 46.7964 10.3666 conditions
405.847 645.802 29.9162 10.3666 should
440.165 645.802 11.2575 10.3666 be
455.883 645.802 17.9786 10.3666 met
478.321 645.802 10.7618 10.3666 by
493.56 645.802 14.9791 10.3666 the
512.999 645.802 11.3127 10.3666 SA

102.148 661.28 45.5985 10.3666 exposures
150.15 661.28 9.2471 10.3666 of
161.907 661.28 14.766 10.3666 IRB
179.184 661.28 50.1569 10.3666 institutions
231.861 661.28 10.138 10.3666 so
244.457 661.28 18.4589 10.3666 that
265.457 661.28 19.8808 10.3666 they
287.773 661.28 15.7552 10.3666 can
306.012 661.28 11.2586 10.3666 be
319.702 661.28 49.4747 10.3666 considered
371.657 661.28 9.59376 10.3666 as
383.772 661.28 51.3735 10.3666 immaterial.

85.1021 687.412 5.05632 10.6536 
102.148 688.759 10.6768 10.3666 As
115.709 688.759 28.3573 10.3666 stated
146.913 688.759 8.31533 10.3666 in
158.074 688.759 30.1182 10.3666 Recital
190.589 688.759 11.2387 10.3666 42
204.632 688.759 9.2471 10.3666 of
216.754 688.759 14.8576 10.3666 the
234.515 688.759 20.6448 10.3666 CRR,
258.033 688.759 10.2562 10.3666 ‘…
271.236 688.759 14.978 10.3666 the
288.997 688.759 23.98 10.3666 more
315.879 688.759 57.9313 10.3666 risk-sensitive
376.714 688.759 51.9542 10.3666 approaches
431.554 688.759 32.6188 10.3666 require
467.076 688.759 57.2115 10.3666 considerable

102.159 704.115 41.3768 10.3666 expertise
148.117 704.115 16.8327 10.3666 and
169.474 704.115 43.4424 10.3666 resources
217.479 704.115 9.47674 10.3666 as
231.519 704.115 18.4854 10.3666 well
254.553 704.115 9.47674 10.3666 as
268.592 704.115 20.0464 10.3666 data
293.067 704.115 9.24821 10.3666 of
306.864 704.115 19.2328 10.3666 high
330.62 704.115 30.551 10.3666 quality
365.77 704.115 16.8327 10.3666 and
387.127 704.115 41.3691 10.3666 sufficient
433.077 704.115 36.0191 10.3666 volume.
473.634 704.115 50.6791 10.3666 Institutions

102.159 719.593 30.0354 10.3666 should
134.915 719.593 42.6983 10.3666 therefore
180.399 719.593 32.4808 10.3666 comply
215.56 719.593 19.8356 10.3666 with
238.119 719.593 19.2317 10.3666 high
260.075 719.593 44.0364 10.3666 standards
306.875 719.593 29.7373 10.3666 before
339.274 719.593 37.7204 10.3666 applying
379.71 719.593 25.1778 10.3666 those
407.55 719.593 51.9564 10.3666 approaches
462.269 719.593 12.9731 10.3666 for
477.989 719.593 46.2764 10.3666 regulatory

102.159 735.072 19.596 10.3666 own
125.441 735.072 24.9559 10.3666 funds
154.246 735.072 43.8178 10.3666 purposes.
201.762 735.072 13.2259 10.3666 …’.
218.686 735.072 16.5379 10.3666 The
239.088 735.072 41.2609 10.3666 exposure
284.093 735.072 30.8369 10.3666 classes
318.654 735.072 33.8486 10.3666 ‘central
356.337 735.072 59.1578 10.3666 governments
419.221 735.072 16.836 10.3666 and
439.741 735.072 31.2101 10.3666 central
474.784 735.072 28.9204 10.3666 banks’
507.426 735.072 16.836 10.3666 and

102.17 750.428 56.0313 10.3666 ‘institutions’
160.841 750.428 14.4955 10.3666 are
178.118 750.428 22.8793 10.3666 likely
203.677 750.428 9.53746 10.3666 to
215.917 750.428 13.5615 10.3666 fall
232.228 750.428 26.6528 10.3666 under
261.509 750.428 24.8179 10.3666 these
288.99 750.428 65.3921 10.3666 considerations
357.145 750.428 24.033 10.3666 given
383.783 750.428 14.8576 10.3666 the
401.303 750.428 54.1887 10.3666 traditionally
458.171 750.428 16.1714 10.3666 low
477.129 750.428 35.413 10.3666 number
515.17 750.428 9.12787 10.3666 of

102.17 765.906 36.2278 10.3666 defaults
144.517 765.906 16.8327 10.3666 and
167.431 765.906 31.4673 10.3666 limited
204.978 765.906 35.413 10.3666 number
246.38 765.906 9.24821 10.3666 of
261.733 765.906 68.66 10.3666 counterparties.
336.488 765.906 26.5346 10.3666 These
369.161 765.906 16.3469 10.3666 RTS
391.597 765.906 30.0354 10.3666 should
427.713 765.906 31.0412 10.3666 specify
464.801 765.906 26.6528 10.3666 under
497.556 765.906 26.676 10.3666 which

512.913 796.509 11.2387 10.3666 17

102.12 116.743 63.8366 10.3666 circumstances
170.278 116.743 14.978 10.3666 the
189.716 116.743 71.7964 10.3666 implementation
265.914 116.743 9.2471 10.3666 of
279.472 116.743 14.9791 10.3666 the
298.791 116.743 14.766 10.3666 IRB
317.988 116.743 43.1222 10.3666 Approach
365.513 116.743 13.0923 10.3666 for
382.911 116.743 24.6987 10.3666 these
412.07 116.743 41.1384 10.3666 exposure
457.669 116.743 30.8358 10.3666 classes
492.946 116.743 15.636 10.3666 can
512.984 116.743 11.2586 10.3666 be

102.12 132.221 49.5961 10.3666 considered
154.078 132.221 15.2981 10.3666 too
171.838 132.221 26.0014 10.3666 costly
200.276 132.221 13.0934 10.3666 for
215.754 132.221 14.8576 10.3666 the
233.15 132.221 50.3965 10.3666 institutions
286.067 132.221 16.836 10.3666 and
305.384 132.221 42.5791 10.3666 therefore
350.502 132.221 15.3379 10.3666 not
368.259 132.221 38.9016 10.3666 justified.

85.0853 159.578 45.0399 10.3666 Regarding
134.524 159.578 14.9791 10.3666 the
153.963 159.578 47.3605 10.3666 temporary
205.683 159.578 15.5774 10.3666 use
225.721 159.578 9.2471 10.3666 of
239.28 159.578 14.978 10.3666 the
258.718 159.578 14.1599 10.3666 SA,
277.316 159.578 14.8576 10.3666 the
296.634 159.578 23.8585 10.3666 same
324.834 159.578 40.4362 10.3666 concerns
369.593 159.578 43.7162 10.3666 described
417.712 159.578 12.972 10.3666 for
434.991 159.578 14.9791 10.3666 the
454.431 159.578 49.8975 10.3666 permanent
508.788 159.578 15.4582 10.3666 use

85.0853 175.056 27.1363 10.3666 apply.
114.96 175.056 8.556 10.3666 In
126.24 175.056 16.3138 10.3666 this
145.317 175.056 22.5569 10.3666 case,
170.634 175.056 41.7621 10.3666 however,
215.156 175.056 6.21552 10.3666 it
224.154 175.056 6.83376 10.3666 is
233.751 175.056 15.2186 10.3666 not
251.752 175.056 38.9778 10.3666 effective
293.52 175.056 9.41822 10.3666 to
305.761 175.056 31.9001 10.3666 restrict
340.443 175.056 14.978 10.3666 the
358.203 175.056 47.3616 10.3666 temporary
408.363 175.056 45.5786 10.3666 treatment
456.724 175.056 19.161 10.3666 only
478.562 175.056 9.53856 10.3666 to
490.922 175.056 5.28816 10.3666 a
498.84 175.056 13.5384 10.3666 set
515.039 175.056 9.24821 10.3666 of

85.0853 190.534 48.8487 10.3666 immaterial
137.766 190.534 48.2636 10.3666 exposures.
189.849 190.534 47.1585 10.3666 Therefore,
240.85 190.534 24.819 10.3666 these
269.531 190.534 16.3458 10.3666 RTS
289.692 190.534 30.0354 10.3666 should
323.534 190.534 31.0412 10.3666 specify
358.447 190.534 14.978 10.3666 the
377.292 190.534 46.676 10.3666 conditions
427.811 190.534 18.3341 10.3666 that
450.012 190.534 30.0354 10.3666 should
483.976 190.534 11.2575 10.3666 be
499.1 190.534 25.2363 10.3666 taken

85.0963 205.891 17.8175 10.3666 into
105.494 205.891 35.6184 10.3666 account
143.651 205.891 10.7618 10.3666 by
156.852 205.891 49.1777 10.3666 competent
208.448 205.891 48.7162 10.3666 authorities
259.685 205.891 24.9968 10.3666 when
287.163 205.891 54.6392 10.3666 determining
344.275 205.891 14.978 10.3666 the
361.792 205.891 29.882 10.3666 nature
394.213 205.891 16.8338 10.3666 and
413.527 205.891 28.4766 10.3666 timing
444.481 205.891 9.12677 10.3666 of
456.114 205.891 14.978 10.3666 the
473.631 205.891 14.766 10.3666 IRB
490.904 205.891 33.3684 10.3666 roll-out

85.0963 221.369 42.8175 10.3666 sequence
130.576 221.369 33.1553 10.3666 applied
166.454 221.369 10.7618 10.3666 by
179.895 221.369 53.1598 10.3666 institutions,
235.693 221.369 10.138 10.3666 so
248.532 221.369 18.4589 10.3666 that
269.652 221.369 14.978 10.3666 the
287.292 221.369 40.1966 10.3666 concerns
330.252 221.369 32.0767 10.3666 related
364.932 221.369 9.53856 10.3666 to
377.173 221.369 14.978 10.3666 the
394.814 221.369 40.5676 10.3666 potential
438.013 221.369 74.4372 10.3666 underestimation
515.055 221.369 9.2471 10.3666 of

85.0963 236.847 14.978 10.3666 the
102.613 236.847 29.7594 10.3666 capital
134.762 236.847 60.8381 10.3666 requirements
198.013 236.847 14.4977 10.3666 are
215.05 236.847 45.7476 10.3666 mitigated.

85.08 264.696 46.752 11.256 Technical
134.639 264.696 37.668 11.256 options
174.959 264.696 54.8028 11.256 considered

85.08 290.983 17.9952 10.3666 This
107.163 290.983 32.3163 10.3666 section
143.528 290.983 36.4784 10.3666 explains
184.09 290.983 14.8587 10.3666 the
203.05 290.983 40.1779 10.3666 rationale
247.335 290.983 31.1162 10.3666 behind
282.499 290.983 14.978 10.3666 the
301.46 290.983 22.6585 10.3666 most
328.081 290.983 37.058 10.3666 relevant
369.246 290.983 33.2359 10.3666 choices
406.566 290.983 18.4589 10.3666 that
429.007 290.983 14.978 10.3666 the
447.965 290.983 17.7921 10.3666 EBA
469.813 290.983 25.4174 10.3666 made
499.216 290.983 24.9968 10.3666 when

85.091 306.339 42.515 10.3666 designing
130.079 306.339 14.978 10.3666 the
147.596 306.339 16.4617 10.3666 RTS
166.547 306.339 45.9772 10.3666 proposals.

85.08 334.296 15.54 11.268 Set
103.44 334.296 9.9 11.268 of
116.16 334.296 40.26 11.268 relevant
159.24 334.296 49.452 11.268 exposures

85.08 360.463 11.2166 10.3666 To
99.0014 360.463 39.6358 10.3666 establish
141.362 360.463 14.8587 10.3666 the
158.881 360.463 44.7032 10.3666 maximum
206.283 360.463 21.1284 10.3666 level
229.925 360.463 9.2471 10.3666 of
241.805 360.463 45.5985 10.3666 exposures
290.048 360.463 18.4589 10.3666 that
311.168 360.463 15.7563 10.3666 can
329.528 360.463 11.2586 10.3666 be
343.448 360.463 33.2768 10.3666 treated
379.328 360.463 26.6528 10.3666 under
408.608 360.463 14.978 10.3666 the
426.368 360.463 11.4319 10.3666 SA
440.408 360.463 10.6415 10.3666 by
453.848 360.463 14.766 10.3666 IRB
471.248 360.463 53.0428 10.3666 institutions,

85.08 375.941 14.978 10.3666 the
103.436 375.941 16.348 10.3666 RTS
123.113 375.941 36.8184 10.3666 propose
163.189 375.941 5.28816 10.3666 a
171.825 375.941 35.4119 10.3666 number
210.46 375.941 9.2471 10.3666 of
222.936 375.941 47.2755 10.3666 thresholds
273.478 375.941 26.6726 10.3666 which
303.471 375.941 14.617 10.3666 are
321.347 375.941 45.2795 10.3666 expressed
369.835 375.941 9.59376 10.3666 as
382.674 375.941 14.978 10.3666 the
401.034 375.941 16.178 10.3666 ‘set
420.47 375.941 9.24821 10.3666 of
432.942 375.941 37.0591 10.3666 relevant
473.268 375.941 51.0269 10.3666 exposures’.

85.069 391.297 17.9963 10.3666 This
107.625 391.297 13.535 10.3666 set
125.621 391.297 38.757 10.3666 excludes
168.829 391.297 45.4793 10.3666 exposures
218.874 391.297 18.4589 10.3666 that
241.671 391.297 19.1588 10.3666 may
265.308 391.297 11.2575 10.3666 be
281.15 391.297 33.1564 10.3666 treated
318.83 391.297 26.5335 10.3666 under
349.91 391.297 14.9791 10.3666 the
369.47 391.297 11.4319 10.3666 SA
385.313 391.297 27.2721 10.3666 (given
417.109 391.297 31.1162 10.3666 certain
452.748 391.297 50.0244 10.3666 conditions)
507.348 391.297 16.836 10.3666 and

85.069 406.776 42.8186 10.3666 therefore
130.913 406.776 19.161 10.3666 only
153.23 406.776 36.8361 10.3666 includes
193.195 406.776 14.8576 10.3666 the
211.199 406.776 45.5996 10.3666 exposures
259.926 406.776 18.3385 10.3666 that
281.411 406.776 26.0136 10.3666 might
310.571 406.776 21.4573 10.3666 have
335.175 406.776 9.41822 10.3666 to
347.755 406.776 11.2575 10.3666 be
362.151 406.776 33.2768 10.3666 treated
398.517 406.776 26.6528 10.3666 under
428.28 406.776 14.8587 10.3666 the
446.165 406.776 14.766 10.3666 IRB
464.028 406.776 46.103 10.3666 Approach.
513.233 406.776 11.0014 10.3666 By

85.069 422.254 29.32 10.3666 linking
117.944 422.254 14.978 10.3666 the
136.424 422.254 15.5774 10.3666 use
155.502 422.254 9.2471 10.3666 of
168.221 422.254 14.9791 10.3666 the
186.701 422.254 11.433 10.3666 SA
201.581 422.254 9.41822 10.3666 to
214.541 422.254 14.978 10.3666 the
233.02 422.254 26.018 10.3666 scope
262.54 422.254 9.2471 10.3666 of
275.258 422.254 49.5961 10.3666 application
328.417 422.254 9.2471 10.3666 of
341.136 422.254 14.978 10.3666 the
359.615 422.254 14.7649 10.3666 IRB
377.854 422.254 45.9772 10.3666 Approach,
427.43 422.254 6.0985 10.3666 it
437.15 422.254 6.83707 10.3666 is
447.348 422.254 36.517 10.3666 ensured
487.428 422.254 18.3396 10.3666 that
509.268 422.254 14.978 10.3666 the

85.069 437.61 40.6824 10.3666 potential
128.14 437.61 9.2471 10.3666 of
139.778 437.61 29.7594 10.3666 capital
172.043 437.61 74.4317 10.3666 underestimation
248.956 437.61 6.83376 10.3666 is
258.191 437.61 45.7365 10.3666 mitigated.

85.069 465.089 60.0002 10.3666 Alternatively,
147.829 465.089 6.0985 10.3666 it
156.71 465.089 17.3924 10.3666 was
176.865 465.089 42.876 10.3666 discussed
222.466 465.089 37.9279 10.3666 whether
263.142 465.089 24.6987 10.3666 these
290.623 465.089 24.3576 10.3666 limits
317.744 465.089 29.9162 10.3666 should
350.383 465.089 21.5788 10.3666 have
374.744 465.089 22.4752 10.3666 been
399.943 465.089 45.158 10.3666 expressed
447.826 465.089 8.31643 10.3666 in
458.867 465.089 26.2774 10.3666 terms
487.787 465.089 9.2471 10.3666 of
499.665 465.089 24.6126 10.3666 other

85.069 480.567 33.3518 10.3666 metrics
121.656 480.567 20.5521 10.3666 such
145.407 480.567 9.59707 10.3666 as
158.239 480.567 14.8576 10.3666 the
176.381 480.567 53.1488 10.3666 institution’s
232.663 480.567 19.596 10.3666 own
255.457 480.567 24.957 10.3666 funds
283.652 480.567 9.73397 10.3666 or
296.61 480.567 10.4361 10.3666 its
310.285 480.567 20.8866 10.3666 total
334.395 480.567 34.7694 10.3666 balance
372.421 480.567 24.6987 10.3666 sheet
400.377 480.567 44.064 10.3666 exposure.
447.534 480.567 6.4584 10.3666 It
457.248 480.567 17.5161 10.3666 was
478.002 480.567 46.2366 10.3666 concluded

85.0579 495.924 18.4589 10.3666 that
107.502 495.924 24.6976 10.3666 these
136.185 495.924 33.3563 10.3666 metrics
173.508 495.924 11.4584 10.3666 do
188.992 495.924 15.2186 10.3666 not
208.076 495.924 46.1616 10.3666 accurately
258.239 495.924 29.0186 10.3666 reflect
291.243 495.924 14.8587 10.3666 the
310.087 495.924 25.8976 10.3666 scope
339.97 495.924 9.2471 10.3666 of
353.173 495.924 49.5961 10.3666 application
406.696 495.924 9.24821 10.3666 of
419.776 495.924 14.978 10.3666 the
438.74 495.924 14.6457 10.3666 IRB
457.343 495.924 46.0313 10.3666 Approach,
507.338 495.924 16.836 10.3666 and

85.0579 511.402 42.8186 10.3666 therefore
131.619 511.402 14.4977 10.3666 are
149.859 511.402 15.3379 10.3666 not
168.94 511.402 35.2573 10.3666 suitable
207.819 511.402 9.53856 10.3666 to
221.14 511.402 34.7959 10.3666 address
259.54 511.402 14.978 10.3666 the
278.26 511.402 40.317 10.3666 concerns
322.175 511.402 9.12677 10.3666 of
335.015 511.402 5.28816 10.3666 a
344.015 511.402 40.6879 10.3666 potential
388.416 511.402 74.4273 10.3666 underestimation
466.529 511.402 9.2471 10.3666 of
479.485 511.402 32.4101 10.3666 capital.
515.594 511.402 8.556 10.3666 In

85.0579 526.88 39.9648 10.3666 addition,
128.865 526.88 20.0012 10.3666 they
152.623 526.88 26.0136 10.3666 might
182.508 526.88 25.3556 10.3666 mean
211.55 526.88 18.4589 10.3666 that
233.873 526.88 24.458 10.3666 some
262.195 526.88 50.3976 10.3666 institutions
316.434 526.88 27.6364 10.3666 would
347.876 526.88 15.339 10.3666 not
367.078 526.88 11.2586 10.3666 be
382.201 526.88 38.5561 10.3666 required
424.562 526.88 9.53856 10.3666 to
438.005 526.88 48.8178 10.3666 implement
490.557 526.88 14.978 10.3666 the
509.399 526.88 14.766 10.3666 IRB

85.08 542.236 43.3552 10.3666 Approach
131.282 542.236 8.97552 10.3666 at
143.041 542.236 10.3224 10.3666 all
156.234 542.236 5.88432 10.3666 if
164.873 542.236 19.8819 10.3666 they
187.675 542.236 33.0736 10.3666 already
223.67 542.236 16.8349 10.3666 had
243.36 542.236 5.28816 10.3666 a
251.401 542.236 19.2825 10.3666 very
273.482 542.236 45.5654 10.3666 significant
321.965 542.236 21.0036 10.3666 level
345.723 542.236 9.2471 10.3666 of
357.725 542.236 45.4782 10.3666 exposures
406.088 542.236 33.2768 10.3666 treated
441.969 542.236 26.6528 10.3666 under
471.49 542.236 14.978 10.3666 the
489.371 542.236 14.1687 10.3666 SA.
506.278 542.236 17.9963 10.3666 This

85.08 557.714 6.83376 10.3666 is
94.9277 557.714 17.0182 10.3666 due
114.971 557.714 9.53856 10.3666 to
127.452 557.714 14.978 10.3666 the
145.454 557.714 45.5963 10.3666 provisions
194.057 557.714 9.2471 10.3666 of
206.173 557.714 29.1357 10.3666 Article
237.719 557.714 19.5629 10.3666 150,
260.285 557.714 26.676 10.3666 which
289.928 557.714 14.4977 10.3666 are
307.448 557.714 15.2186 10.3666 not
325.569 557.714 46.1163 10.3666 addressed
374.651 557.714 10.7607 10.3666 by
388.454 557.714 24.6987 10.3666 these
416.177 557.714 16.3458 10.3666 RTS
435.498 557.714 32.3604 10.3666 (Article
470.277 557.714 41.4972 10.3666 150(1)(d)
514.788 557.714 9.41822 10.3666 to

85.069 573.192 9.34426 10.3666 (j)
96.948 573.192 16.8327 10.3666 and
116.262 573.192 29.0175 10.3666 Article
147.82 573.192 35.063 10.3666 150(2)).

85.08 601.176 54.3 11.268 Permanent
142.2 601.176 16.896 11.268 use
161.879 601.176 9.8988 11.268 of
174.478 601.176 16.416 11.268 the
193.558 601.176 12.468 11.268 SA
208.68 601.176 14.268 11.268 for
225.6 601.176 37.0668 11.268 ‘central
265.439 601.176 64.3308 11.268 governments
332.518 601.176 18.42 11.268 and
353.638 601.176 34.0668 11.268 central
390.356 601.176 31.56 11.268 banks’
424.676 601.176 18.3 11.268 and
445.556 601.176 61.0788 11.268 ‘institutions’

85.08 627.343 8.556 10.3666 In
96.3596 627.343 14.978 10.3666 the
114.12 627.343 19.6578 10.3666 case
136.44 627.343 9.2471 10.3666 of
148.44 627.343 45.4804 10.3666 exposures
196.683 627.343 9.41822 10.3666 to
208.803 627.343 31.3282 10.3666 central
242.884 627.343 89.2783 10.3666 governments/banks
334.925 627.343 16.836 10.3666 and
354.485 627.343 50.3965 10.3666 institutions
407.645 627.343 32.3781 10.3666 (Article
442.445 627.343 40.8999 10.3666 150(1)(a)
486.12 627.343 16.836 10.3666 and
505.68 627.343 18.5969 10.3666 (b)),

85.08 642.699 24.8179 10.3666 these
116.279 642.699 21.9343 10.3666 draft
144.596 642.699 16.4673 10.3666 RTS
167.395 642.699 28.4181 10.3666 define
202.203 642.699 14.8576 10.3666 the
223.564 642.699 26.0367 10.3666 terms
256.083 642.699 36.7201 10.3666 ‘limited’
299.163 642.699 16.8349 10.3666 and
322.443 642.699 42.8264 10.3666 ‘material’
371.756 642.699 8.31643 10.3666 in
386.396 642.699 43.2978 10.3666 reference
436.075 642.699 9.53856 10.3666 to
452.035 642.699 14.978 10.3666 the
473.397 642.699 35.413 10.3666 number
515.156 642.699 9.12677 10.3666 of

85.069 658.177 65.9971 10.3666 counterparties
153.583 658.177 8.31643 10.3666 in
164.259 658.177 14.978 10.3666 the
181.655 658.177 41.2598 10.3666 exposure
225.457 658.177 23.9016 10.3666 class.

85.0579 685.656 6.4584 10.3666 It
94.5413 685.656 17.3924 10.3666 was
114.939 685.656 42.876 10.3666 discussed
160.661 685.656 37.9323 10.3666 whether
201.464 685.656 9.61253 10.3666 or
214.067 685.656 15.2186 10.3666 not
232.177 685.656 9.53856 10.3666 to
244.652 685.656 32.4973 10.3666 include
280.057 685.656 14.978 10.3666 the
297.82 685.656 30.4848 10.3666 overall
331.176 685.656 42.9953 10.3666 threshold
377.016 685.656 9.2471 10.3666 of
388.658 685.656 13.5339 10.3666 8%
405.096 685.656 9.59376 10.3666 as
417.574 685.656 18.577 10.3666 part
438.934 685.656 9.2471 10.3666 of
450.936 685.656 14.9791 10.3666 the
468.94 685.656 43.236 10.3666 definition
515.023 685.656 9.2471 10.3666 of

85.0579 701.013 34.2273 10.3666 ‘limited
122.02 701.013 35.413 10.3666 number
160.061 701.013 9.2471 10.3666 of
172.058 701.013 37.3251 10.3666 material
212.132 701.013 71.5469 10.3666 counterparties’.
286.416 701.013 16.5379 10.3666 The
305.736 701.013 47.6751 10.3666 conclusion
356.136 701.013 17.5161 10.3666 was
376.416 701.013 18.3385 10.3666 that
397.536 701.013 15.3379 10.3666 not
415.656 701.013 24.999 10.3666 doing
443.371 701.013 10.0177 10.3666 so
456.212 701.013 26.0136 10.3666 might
485.015 701.013 18.991 10.3666 lead
506.731 701.013 9.41822 10.3666 to
518.971 701.013 5.28816 10.3666 a

85.0469 716.491 39.5066 10.3666 situation
128.835 716.491 28.4192 10.3666 where
161.593 716.491 11.0731 10.3666 an
176.966 716.491 41.1406 10.3666 exposure
222.445 716.491 21.1107 10.3666 class
247.876 716.491 18.4556 10.3666 that
270.67 716.491 6.83376 10.3666 is
281.824 716.491 45.4428 10.3666 significant
331.605 716.491 36.8173 10.3666 because
372.761 716.491 9.12677 10.3666 of
386.24 716.491 5.28816 10.3666 a
395.845 716.491 22.2942 10.3666 large
422.484 716.491 35.0156 10.3666 amount
461.838 716.491 9.2471 10.3666 of
475.39 716.491 48.7195 10.3666 immaterial

85.0469 731.969 45.5985 10.3666 exposures
133.281 731.969 20.1944 10.3666 (and
156.077 731.969 15.2186 10.3666 not
173.956 731.969 17.0182 10.3666 due
193.516 731.969 9.41822 10.3666 to
205.516 731.969 10.5542 10.3666 its
218.713 731.969 37.4422 10.3666 material
258.665 731.969 48.9591 10.3666 exposures)
310.164 731.969 25.8987 10.3666 might
338.722 731.969 21.5777 10.3666 have
362.84 731.969 9.41822 10.3666 to
374.958 731.969 11.2586 10.3666 be
388.768 731.969 33.2746 10.3666 treated
424.645 731.969 26.5324 10.3666 under
453.803 731.969 14.978 10.3666 the
471.44 731.969 14.1599 10.3666 SA,
488.119 731.969 26.676 10.3666 which
517.399 731.969 6.83707 10.3666 is

85.0469 747.325 15.3379 10.3666 not
102.932 747.325 14.8576 10.3666 the
120.332 747.325 41.0765 10.3666 intention
163.768 747.325 9.2471 10.3666 of
175.531 747.325 14.8576 10.3666 the
192.928 747.325 20.5421 10.3666 CRR.

512.858 796.531 11.2387 10.3666 18

85.08 116.743 16.6583 10.3666 The
104.763 116.743 45.5963 10.3666 provisions
153.245 116.743 42.8749 10.3666 regarding
198.956 116.743 14.8576 10.3666 the
216.839 116.743 43.236 10.3666 definition
262.919 116.743 9.2471 10.3666 of
275.042 116.743 33.3209 10.3666 ‘unduly
311.404 116.743 59.52 10.3666 burdensome’
373.807 116.743 14.617 10.3666 are
391.208 116.743 9.24821 10.3666 of
403.319 116.743 5.28816 10.3666 a
411.599 116.743 47.4908 10.3666 qualitative
461.997 116.743 32.6618 10.3666 nature.
497.519 116.743 6.4584 10.3666 It
506.881 116.743 17.3924 10.3666 was

85.08 132.221 35.5554 10.3666 decided
124.559 132.221 18.4589 10.3666 that
147.003 132.221 11.5776 10.3666 no
162.606 132.221 54.4581 10.3666 quantitative
221.05 132.221 60.7167 10.3666 requirements
285.733 132.221 30.0354 10.3666 should
319.697 132.221 11.2586 10.3666 be
334.941 132.221 39.9957 10.3666 specified
378.863 132.221 36.6981 10.3666 because
419.547 132.221 6.21552 10.3666 it
429.747 132.221 27.6331 10.3666 would
461.308 132.221 11.2575 10.3666 be
476.551 132.221 34.1633 10.3666 difficult
514.699 132.221 9.53856 10.3666 to

85.08 147.577 46.8979 10.3666 determine
134.639 147.577 14.978 10.3666 the
152.159 147.577 40.4484 10.3666 technical
195.116 147.577 46.676 10.3666 conditions
244.442 147.577 18.4589 10.3666 that
265.44 147.577 27.876 10.3666 would
295.922 147.577 27.197 10.3666 justify
325.686 147.577 15.3379 10.3666 not
343.684 147.577 62.3197 10.3666 implementing
408.598 147.577 5.28816 10.3666 a
416.523 147.577 30.594 10.3666 ratings
449.638 147.577 31.6208 10.3666 system
483.957 147.577 12.9731 10.3666 for
499.558 147.577 24.6976 10.3666 these

85.08 163.056 41.2598 10.3666 exposure
128.879 163.056 33.6245 10.3666 classes.

85.08 191.016 54.2988 11.268 Permanent
142.199 191.016 16.896 11.268 use
161.879 191.016 9.9 11.268 of
174.479 191.016 16.4148 11.268 the
193.558 191.016 12.468 11.268 SA
208.678 191.016 14.268 11.268 for
225.598 191.016 53.148 11.268 immaterial
281.398 191.016 49.5708 11.268 exposures

85.08 217.183 16.6572 10.3666 The
104.643 217.183 60.3226 10.3666 insignificance
167.869 217.183 9.2471 10.3666 of
179.986 217.183 38.2735 10.3666 business
221.146 217.183 24.8532 10.3666 units,
248.88 217.183 59.8258 10.3666 immateriality
311.626 217.183 9.2471 10.3666 of
323.622 217.183 41.2587 10.3666 exposure
367.783 217.183 30.9517 10.3666 classes
401.62 217.183 16.8327 10.3666 and
421.299 217.183 24.2361 10.3666 types
448.3 217.183 9.2471 10.3666 of
460.418 217.183 45.6239 10.3666 exposures
508.927 217.183 15.3566 10.3666 has

85.08 232.539 22.5956 10.3666 been
111.239 232.539 45.996 10.3666 addressed
160.679 232.539 19.9526 10.3666 with
184.075 232.539 11.0764 10.3666 an
198.594 232.539 30.4881 10.3666 overall
232.553 232.539 42.9964 10.3666 threshold
279.112 232.539 37.058 10.3666 (relative
319.671 232.539 9.41822 10.3666 to
332.631 232.539 14.978 10.3666 the
351.111 232.539 13.5384 10.3666 set
368.031 232.539 9.2471 10.3666 of
380.87 232.539 36.9376 10.3666 relevant
421.31 232.539 51.6241 10.3666 exposures).
476.511 232.539 27.8528 10.3666 Under
507.951 232.539 16.3171 10.3666 this

85.08 248.017 41.9973 10.3666 proposal,
130.192 248.017 14.978 10.3666 the
148.307 248.017 21.0047 10.3666 total
172.419 248.017 13.5384 10.3666 set
188.979 248.017 9.24821 10.3666 of
201.45 248.017 45.5985 10.3666 exposures
250.167 248.017 18.4556 10.3666 that
271.759 248.017 13.6786 10.3666 fall
288.661 248.017 26.6539 10.3666 under
318.423 248.017 16.1935 10.3666 this
337.854 248.017 42.9953 10.3666 threshold
384.048 248.017 6.83376 10.3666 is
393.999 248.017 49.4758 10.3666 considered
446.559 248.017 9.59376 10.3666 as
459.392 248.017 48.7217 10.3666 immaterial
511.221 248.017 12.9698 10.3666 for

85.08 263.496 29.7594 10.3666 capital
119.388 263.496 77.2999 10.3666 underestimation.
201.105 263.496 17.8738 10.3666 This
223.541 263.496 42.2733 10.3666 approach
270.338 263.496 15.3566 10.3666 has
290.137 263.496 14.978 10.3666 the
309.697 263.496 32.0304 10.3666 benefit
346.187 263.496 9.2471 10.3666 of
359.984 263.496 24.7572 10.3666 being
389.276 263.496 21.7333 10.3666 clear
415.556 263.496 16.836 10.3666 and
436.796 263.496 20.0012 10.3666 easy
461.395 263.496 9.41822 10.3666 to
475.435 263.496 48.8189 10.3666 implement

85.08 278.974 28.3154 10.3666 across
116.404 278.974 14.978 10.3666 the
134.408 278.974 39.33 10.3666 different
176.764 278.974 54.1137 10.3666 jurisdictions
233.885 278.974 16.8327 10.3666 and
253.807 278.974 30.0332 10.3666 should
286.804 278.974 42.7005 10.3666 therefore
332.651 278.974 37.2942 10.3666 increase
372.959 278.974 14.978 10.3666 the
391.076 278.974 61.272 10.3666 comparability
455.389 278.974 9.2471 10.3666 of
467.628 278.974 14.978 10.3666 the
485.749 278.974 38.3607 10.3666 solvency

85.08 294.33 52.0978 10.3666 framework.

85.08 323.383 54.6811 10.3555 Explanatory
142.326 323.383 16.8316 10.3555 box
161.647 323.383 13.2789 10.3555 for
177.367 323.383 57.0569 10.3555 consultation
236.897 323.383 41.8571 10.3555 purposes

85.08 350.743 10.6768 10.3666 As
98.8844 350.743 11.0753 10.3666 an
113.049 350.743 48.4579 10.3666 alternative
164.653 350.743 9.41712 10.3666 to
177.133 350.743 14.978 10.3666 the
195.257 350.743 42.5161 10.3666 proposed
240.861 350.743 44.8798 10.3666 approach,
288.865 350.743 14.978 10.3666 the
306.869 350.743 30.3677 10.3666 overall
340.354 350.743 42.9953 10.3666 threshold
386.438 350.743 24.5154 10.3666 could
414.042 350.743 11.2575 10.3666 be
428.446 350.743 67.9556 10.3666 complemented
499.49 350.743 10.7607 10.3666 by
513.293 350.743 11.0764 10.3666 an

85.08 366.223 35.0244 10.3666 analysis
125.749 366.223 9.24821 10.3666 of
140.628 366.223 14.978 10.3666 the
161.268 366.223 136.91 10.3666 immateriality/non-significance
303.841 366.223 9.2471 10.3666 of
318.721 366.223 14.8587 10.3666 the
339.362 366.223 39.2174 10.3666 different
384.243 366.223 24.3576 10.3666 types
414.125 366.223 9.2471 10.3666 of
429.007 366.223 48.3629 10.3666 exposures,
483.011 366.223 41.2609 10.3666 exposure

85.08 381.583 30.9506 10.3666 classes
119.158 381.583 16.8327 10.3666 and
139.08 381.583 38.2735 10.3666 business
180.481 381.583 22.0745 10.3666 units
205.558 381.583 18.4556 10.3666 that
227.16 381.583 13.6786 10.3666 fall
243.952 381.583 26.6528 10.3666 under
273.718 381.583 16.3138 10.3666 this
293.161 381.583 30.4848 10.3666 overall
326.634 381.583 45.8723 10.3666 threshold.
375.609 381.583 6.1272 10.3666 If
384.849 381.583 14.978 10.3666 the
402.973 381.583 25.6581 10.3666 result
431.653 381.583 9.2471 10.3666 of
444.014 381.583 16.1935 10.3666 this
463.335 381.583 35.0255 10.3666 analysis
501.488 381.583 22.6585 10.3666 were

85.08 397.063 18.4589 10.3666 that
107.524 397.063 10.3279 10.3666 all
121.688 397.063 24.6987 10.3666 these
150.372 397.063 33.5969 10.3666 subsets
187.807 397.063 9.2471 10.3666 of
200.891 397.063 45.5963 10.3666 exposures
250.333 397.063 24.5132 10.3666 could
278.773 397.063 11.2586 10.3666 be
293.897 397.063 49.3576 10.3666 considered
347.182 397.063 9.59376 10.3666 as
360.622 397.063 121.889 10.3666 immaterial/non-significant,
486.475 397.063 5.28816 10.3666 a
495.598 397.063 28.5715 10.3666 higher

85.08 412.543 30.4848 10.3666 overall
118.071 412.543 42.9931 10.3666 threshold
163.442 412.543 26.0136 10.3666 might
192.002 412.543 11.2575 10.3666 be
205.558 412.543 38.9016 10.3666 justified.

85.08 439.903 6.39216 10.3666 A
97.4349 439.903 31.836 10.3666 second
135.23 439.903 48.449 10.3666 alternative
189.596 439.903 17.5172 10.3666 was
213 439.903 17.9345 10.3666 also
236.872 439.903 42.9864 10.3666 discussed
285.698 439.903 8.31312 10.3666 in
299.996 439.903 26.676 10.3666 which
332.511 439.903 14.978 10.3666 the
353.391 439.903 30.4881 10.3666 overall
389.745 439.903 42.9953 10.3666 threshold
438.7 439.903 24.3951 10.3666 could
469.055 439.903 11.2575 10.3666 be
486.329 439.903 37.9511 10.3666 changed

85.08 455.383 47.5603 10.3666 depending
137.16 455.383 11.6759 10.3666 on
153.36 455.383 37.9301 10.3666 whether
195.716 455.383 14.8587 10.3666 the
215.157 455.383 33.2304 10.3666 specific
252.956 455.383 63.7163 10.3666 circumstances
321.116 455.383 9.12677 10.3666 of
334.796 455.383 14.978 10.3666 the
354.356 455.383 46.0037 10.3666 institution
404.761 455.383 37.2898 10.3666 mitigate
446.392 455.383 9.73286 10.3666 or
460.673 455.383 44.1346 10.3666 aggravate
509.27 455.383 14.978 10.3666 the

85.08 470.863 43.8255 10.3666 likelihood
131.404 470.863 9.2471 10.3666 of
143.041 470.863 73.724 10.3666 underestimating
219.238 470.863 14.978 10.3666 the
236.759 470.863 18.5008 10.3666 risk.

85.08 498.343 40.0432 10.3555 Proposal
127.672 498.343 8.68848 10.3555 1:
143.272 498.343 43.9977 10.3555 Flexibility
194.271 498.343 27.0535 10.3555 based
228.236 498.343 11.8084 10.3555 on
246.955 498.343 50.4815 10.3555 mandatory
304.439 498.343 64.2605 10.3555 quantification
375.611 498.343 9.36854 10.3555 of
391.926 498.343 15.2772 10.3555 the
414.125 498.343 41.6042 10.3555 potential
462.729 498.343 45.2927 10.3555 likelihood
514.932 498.343 9.36854 10.3555 of

85.08 513.703 75.6902 10.3555 underestimating
163.457 513.703 9.36854 10.3555 of
175.577 513.703 15.2772 10.3555 the
193.462 513.703 16.2189 10.3555 risk
212.422 513.703 11.1173 10.3555 by
226.225 513.703 34.3962 10.3555 directly
263.309 513.703 49.0463 10.3555 identifying
315.042 513.703 15.1524 10.3555 the
332.921 513.703 46.7224 10.3555 difference
382.25 513.703 40.4925 10.3555 between
425.335 513.703 11.8492 10.3555 SA
439.974 513.703 17.0932 10.3555 and
459.783 513.703 64.4239 10.3555 approximated

85.08 529.183 15.3136 10.3555 IRB
102.96 529.183 30.5554 10.3555 capital
135.956 529.183 62.0172 10.3555 requirements

85.08 556.663 50.3832 10.3666 Competent
140.288 556.663 48.7173 10.3666 authorities
193.69 556.663 19.0407 10.3666 may
217.572 556.663 23.7382 10.3666 grant
246.135 556.663 49.7783 10.3666 permanent
300.738 556.663 28.9303 10.3666 partial
334.342 556.663 15.5785 10.3666 use
354.745 556.663 11.5556 10.3666 up
371.068 556.663 9.41822 10.3666 to
382.917 556.663 19.0539 10.3666 15%
406.677 556.663 9.2471 10.3666 of
420.716 556.663 45.4793 10.3666 exposures
471.001 556.663 5.88432 10.3666 if
481.677 556.663 6.21552 10.3666 it
492.594 556.663 15.753 10.3666 can
513.113 556.663 11.1383 10.3666 be

85.08 572.023 31.7157 10.3666 proven
120.117 572.023 18.4589 10.3666 that
141.954 572.023 24.3388 10.3666 there
169.671 572.023 6.83597 10.3666 is
179.866 572.023 11.4573 10.3666 no
194.741 572.023 74.5564 10.3666 underestimation
272.618 572.023 9.2471 10.3666 of
285.213 572.023 14.978 10.3666 the
303.595 572.023 18.3816 10.3666 risk.
325.31 572.023 45.4782 10.3666 Exposures
374.148 572.023 18.4556 10.3666 that
395.982 572.023 56.8328 10.3666 cumulatively
456.209 572.023 35.1359 10.3666 amount
494.724 572.023 9.41822 10.3666 to
507.56 572.023 16.6737 10.3666 less

85.08 587.503 20.5554 10.3666 than
108.12 587.503 13.5339 10.3666 8%
124.795 587.503 14.4944 10.3666 are
142.433 587.503 49.4724 10.3666 considered
195.105 587.503 48.6014 10.3666 immaterial
246.93 587.503 8.31312 10.3666 in
258.322 587.503 26.04 10.3666 terms
287.485 587.503 9.2471 10.3666 of
299.84 587.503 16.6549 10.3666 size
319.631 587.503 16.7168 10.3666 and
339.546 587.503 44.0783 10.3666 perceived
386.704 587.503 15.7022 10.3666 risk
405.538 587.503 32.0304 10.3666 profile,
440.683 587.503 16.7168 10.3666 and
460.598 587.503 28.2304 10.3666 within
491.906 587.503 16.3138 10.3666 this
510.716 587.503 13.5339 10.3666 8%

85.08 602.983 45.8392 10.3666 threshold,
133.681 602.983 48.7107 10.3666 authorities
185.156 602.983 21.4584 10.3666 have
209.398 602.983 40.6228 10.3666 flexibility
252.822 602.983 9.41712 10.3666 to
265.183 602.983 23.8475 10.3666 allow
291.939 602.983 12.9731 10.3666 for
307.661 602.983 49.8964 10.3666 permanent
360.34 602.983 28.9215 10.3666 partial
392.015 602.983 18.3606 10.3666 use,
413.137 602.983 23.916 10.3666 given
439.779 602.983 18.3352 10.3666 that
461.016 602.983 14.978 10.3666 the
478.657 602.983 45.5985 10.3666 exposures

85.08 618.343 11.6759 10.3666 on
99.2377 618.343 44.4945 10.3666 aggregate
146.271 618.343 6.83376 10.3666 is
155.626 618.343 39.1534 10.3666 assessed
197.26 618.343 9.41822 10.3666 to
209.136 618.343 11.2575 10.3666 be
222.933 618.343 51.4961 10.3666 immaterial.

85.08 645.823 43.0803 10.3666 However,
131.042 645.823 5.88432 10.3666 if
139.796 645.823 14.8587 10.3666 the
157.193 645.823 13.4136 10.3666 8%
173.515 645.823 42.8738 10.3666 threshold
219.235 645.823 6.83376 10.3666 is
228.954 645.823 15.2186 10.3666 not
247.077 645.823 44.149 10.3666 sufficient,
293.986 645.823 49.1865 10.3666 competent
346.076 645.823 48.5892 10.3666 authorities
397.429 645.823 22.6585 10.3666 must
422.99 645.823 36.7853 10.3666 perform
462.715 645.823 5.28816 10.3666 a
470.874 645.823 15.5852 10.3666 risk
489.357 645.823 34.9074 10.3666 analysis

85.08 661.303 9.2471 10.3666 of
97.2019 661.303 14.978 10.3666 the
115.083 661.303 43.438 10.3666 portfolios
161.406 661.303 26.6539 10.3666 under
190.928 661.303 14.9791 10.3666 the
208.69 661.303 11.4319 10.3666 SA
222.972 661.303 9.53856 10.3666 to
235.454 661.303 34.1611 10.3666 identify
272.413 661.303 38.0483 10.3666 whether
313.208 661.303 14.9791 10.3666 the
330.971 661.303 40.6879 10.3666 potential
374.531 661.303 12.9731 10.3666 for
390.372 661.303 74.4361 10.3666 underestimation
467.654 661.303 9.2471 10.3666 of
479.775 661.303 25.8987 10.3666 credit
508.578 661.303 15.7033 10.3666 risk

85.08 676.663 6.83376 10.3666 is
95.1518 676.663 15.6017 10.3666 still
113.977 676.663 51.4707 10.3666 immaterial,
168.683 676.663 13.5792 10.3666 i.e.
185.361 676.663 37.9334 10.3666 whether
226.518 676.663 24.6976 10.3666 these
254.473 676.663 43.4292 10.3666 portfolios
301.141 676.663 14.4944 10.3666 are
318.892 676.663 15.4825 10.3666 still
337.598 676.663 51.5877 10.3666 immaterial,
392.307 676.663 15.3379 10.3666 not
410.786 676.663 19.1577 10.3666 only
433.098 676.663 8.31312 10.3666 in
444.611 676.663 26.1593 10.3666 terms
473.893 676.663 9.2471 10.3666 of
486.364 676.663 19.3178 10.3666 size,
508.917 676.663 15.2186 10.3666 but

85.08 692.143 17.94 10.3666 also
105.963 692.143 8.31533 10.3666 in
117.125 692.143 26.1571 10.3666 terms
146.045 692.143 9.2471 10.3666 of
158.167 692.143 14.978 10.3666 the
176.048 692.143 43.9558 10.3666 perceived
222.85 692.143 15.7033 10.3666 risk
241.452 692.143 32.0624 10.3666 profile.
276.373 692.143 17.993 10.3666 This
297.251 692.143 15.583 10.3666 risk
315.732 692.143 34.9085 10.3666 analysis
353.525 692.143 37.0778 10.3666 requires
393.361 692.143 14.978 10.3666 the
411.246 692.143 49.0584 10.3666 competent
463.206 692.143 48.7184 10.3666 authorities
514.687 692.143 9.53856 10.3666 to

85.08 707.623 39.9251 10.3666 calculate
128.748 707.623 14.8576 10.3666 the
147.348 707.623 14.766 10.3666 IRB
165.823 707.623 29.7605 10.3666 capital
199.293 707.623 60.7167 10.3666 requirements
263.734 707.623 13.089 10.3666 for
280.532 707.623 10.7563 10.3555 all
295.083 707.623 45.476 10.3666 exposures
344.283 707.623 26.6528 10.3666 under
374.643 707.623 14.978 10.3666 the
393.363 707.623 11.4264 10.3666 SA
408.486 707.623 23.5572 10.3666 using
435.724 707.623 49.6513 10.3666 reasonable
489.118 707.623 35.158 10.3666 proxies,

85.08 722.983 26.6726 10.3666 which
114.234 722.983 15.7541 10.3666 can
132.47 722.983 11.2586 10.3666 be
146.148 722.983 33.8751 10.3666 derived
182.504 722.983 21.7775 10.3666 from
206.619 722.983 41.4287 10.3666 following
250.525 722.983 16.0334 10.3666 list:

85.08 749.236 5.05632 10.6536 
102.126 750.583 36.9674 10.3666 external
141.482 750.583 33.555 10.3666 ratings;

512.88 796.544 11.2387 10.3666 19

85.08 116.956 5.05632 10.6536 
102.126 118.303 34.925 10.3666 internal
139.557 118.303 63.5164 10.3666 non-approved
205.433 118.303 43.5539 10.3666 estimates
251.385 118.303 9.2471 10.3666 of
263.142 118.303 15.7022 10.3666 risk
281.261 118.303 54.6767 10.3666 parameters;

85.08 144.316 5.05632 10.6536 
102.126 145.663 41.0423 10.3666 historical
145.674 145.663 31.7698 10.3666 default
179.983 145.663 22.5591 10.3666 rates
205.063 145.663 16.8327 10.3666 and
224.26 145.663 29.7153 10.3666 losses;

85.08 171.796 5.05632 10.6536 
102.126 173.143 48.5628 10.3666 third-party
153.123 173.143 31.8129 10.3666 vendor
187.323 173.143 46.5215 10.3666 estimates;

85.08 199.276 5.05632 10.6536 
102.126 200.623 43.6742 10.3666 estimates
148.2 200.623 21.7786 10.3666 from
172.435 200.623 29.882 10.3666 similar
204.702 200.623 43.428 10.3666 portfolios
250.53 200.623 21.7786 10.3666 from
274.767 200.623 24.6137 10.3666 other
301.887 200.623 50.2684 10.3666 institutions
354.676 200.623 69.796 10.3666 (‘benchmarks’).

85.08 227.983 17.9941 10.3666 This
106.434 227.983 14.766 10.3666 IRB
124.43 227.983 29.7594 10.3666 capital
157.417 227.983 56.2576 10.3666 requirement
216.964 227.983 22.6585 10.3666 must
242.875 227.983 11.2575 10.3666 be
257.389 227.983 45.5157 10.3666 compared
306.112 227.983 9.41712 10.3666 to
318.83 227.983 14.8576 10.3666 the
337.066 227.983 64.4835 10.3666 corresponding
404.861 227.983 29.7672 10.3666 capital
437.857 227.983 56.378 10.3666 requirement
497.613 227.983 26.6528 10.3666 under

85.08 243.463 14.978 10.3666 the
106.803 243.463 14.182 10.3666 SA.
127.687 243.463 6.1272 10.3666 If
140.401 243.463 14.978 10.3666 the
162.005 243.463 21.008 10.3666 total
189.608 243.463 29.6479 10.3666 capital
225.971 243.463 56.378 10.3666 requirement
289.094 243.463 26.6528 10.3666 under
322.336 243.463 14.8576 10.3666 the
343.939 243.463 11.433 10.3666 SA
362.063 243.463 21.358 10.3666 does
390.005 243.463 15.2186 10.3666 not
411.969 243.463 23.7338 10.3666 show
442.332 243.463 21.953 10.3666 signs
471.012 243.463 9.24821 10.3666 of
486.855 243.463 37.4444 10.3666 material

85.08 258.943 77.3937 10.3666 underestimation,
165.356 258.943 13.5792 10.3666 i.e.
181.797 258.943 31.199 10.3666 higher,
215.999 258.943 29.7649 10.3666 similar
248.634 258.943 9.73286 10.3666 or
261.115 258.943 19.1577 10.3666 only
283.194 258.943 56.1086 10.3666 immaterially
342.344 258.943 25.4527 10.3666 lower
370.665 258.943 29.7605 10.3666 capital
403.3 258.943 63.4811 10.3666 requirements,
469.665 258.943 20.796 10.3666 then
493.308 258.943 14.9791 10.3666 the
510.716 258.943 13.5339 10.3666 8%

85.08 274.303 43.1156 10.3666 threshold
132.235 274.303 15.7563 10.3666 can
152.15 274.303 11.1383 10.3666 be
167.506 274.303 42.9964 10.3666 increased
214.661 274.303 19.957 10.3666 with
238.656 274.303 14.9769 10.3666 the
257.731 274.303 16.6549 10.3666 size
278.401 274.303 9.2471 10.3666 of
291.836 274.303 16.316 10.3666 this
312.23 274.303 41.7809 10.3666 portfolio.
358.184 274.303 42.9588 10.3666 However,
405.338 274.303 22.6574 10.3666 since
432.093 274.303 14.978 10.3666 the
451.169 274.303 14.7649 10.3666 IRB
470.003 274.303 43.396 10.3666 Approach
517.438 274.303 6.83376 10.3666 is

85.08 289.783 23.9778 10.3666 more
112.204 289.783 15.5841 10.3666 risk
130.804 289.783 39.0982 10.3666 sensitive
172.93 289.783 20.5565 10.3666 than
196.45 289.783 14.978 10.3666 the
214.575 289.783 14.1599 10.3666 SA,
231.735 289.783 16.316 10.3666 this
251.18 289.783 51.5778 10.3666 assessment
305.904 289.783 26.6373 10.3666 needs
335.669 289.783 9.41822 10.3666 to
348.274 289.783 11.2575 10.3666 be
362.558 289.783 39.3212 10.3666 regularly
405.042 289.783 40.1845 10.3666 updated.
448.208 289.783 17.9963 10.3666 This
469.332 289.783 6.83707 10.3666 is
479.176 289.783 36.8184 10.3666 because
519.02 289.783 5.28816 10.3666 a

85.08 305.263 27.9356 10.3666 future
116.041 305.263 37.292 10.3666 increase
156.237 305.263 8.31312 10.3666 in
167.395 305.263 15.7022 10.3666 risk
185.997 305.263 33.5914 10.3666 profiles
222.472 305.263 9.2471 10.3666 of
234.595 305.263 43.4358 10.3666 portfolios
280.916 305.263 26.6528 10.3666 under
310.437 305.263 14.978 10.3666 the
328.198 305.263 11.4319 10.3666 SA
342.601 305.263 26.0147 10.3666 might
371.524 305.263 25.5377 10.3666 result
400.087 305.263 8.31312 10.3666 in
411.247 305.263 62.673 10.3666 approximated
476.886 305.263 14.766 10.3666 IRB
494.529 305.263 29.6424 10.3666 capital

85.08 320.623 60.8381 10.3666 requirements
151.077 320.623 20.6757 10.3666 then
176.873 320.623 43.5881 10.3666 indicating
225.577 320.623 5.28816 10.3666 a
236.01 320.623 37.4444 10.3666 material
278.599 320.623 74.5564 10.3666 underestimation
358.275 320.623 9.2471 10.3666 of
372.551 320.623 15.7022 10.3666 risk
393.426 320.623 9.41712 10.3666 to
408.062 320.623 14.8587 10.3666 the
428.098 320.623 28.778 10.3666 extent
462.054 320.623 18.4589 10.3666 that
485.644 320.623 18.4589 10.3666 that
509.281 320.623 14.978 10.3666 the

85.08 336.103 33.1034 10.3666 current
120.722 336.103 51.9929 10.3666 assumption
175.196 336.103 6.83376 10.3666 is
184.552 336.103 11.4584 10.3666 no
198.589 336.103 28.4534 10.3666 longer
229.548 336.103 23.8928 10.3666 valid.

85.08 363.583 16.656 10.3666 The
104.275 363.583 15.5774 10.3666 use
122.392 363.583 33.6356 10.3666 beyond
158.509 363.583 14.978 10.3666 the
175.917 363.583 13.5339 10.3666 8%
191.878 363.583 43.1156 10.3666 threshold
237.474 363.583 30.0354 10.3666 should
269.99 363.583 15.2186 10.3666 not
287.747 363.583 11.2575 10.3666 be
301.543 363.583 48.2393 10.3666 automatic,
352.3 363.583 15.2186 10.3666 but
370.057 363.583 11.2575 10.3666 be
383.853 363.583 44.8875 10.3666 additional
431.25 363.583 9.41712 10.3666 to
443.151 363.583 14.978 10.3666 the
460.669 363.583 63.6003 10.3666 requirements,

85.08 378.943 18.4589 10.3666 that
106.078 378.943 14.9791 10.3666 the
123.596 378.943 43.3188 10.3666 portfolios
169.436 378.943 19.0374 10.3666 only
191.042 378.943 21.4618 10.3666 have
215.043 378.943 9.53856 10.3666 to
227.04 378.943 24.3156 10.3666 apply
253.913 378.943 12.9731 10.3666 for
269.392 378.943 43.4314 10.3666 portfolios
315.343 378.943 8.31312 10.3666 in
326.137 378.943 53.724 10.3666 insignificant
382.4 378.943 38.2746 10.3666 business
423.195 378.943 22.0767 10.3666 units
447.722 378.943 9.73286 10.3666 or
459.965 378.943 43.4358 10.3666 portfolios
505.803 378.943 18.4589 10.3666 that

85.08 394.423 14.617 10.3666 are
103.44 394.423 48.7206 10.3666 immaterial
155.753 394.423 8.31312 10.3666 in
167.63 394.423 26.1571 10.3666 terms
197.391 394.423 9.2471 10.3666 of
210.232 394.423 16.6549 10.3666 size
230.51 394.423 16.8327 10.3666 and
251.028 394.423 43.9536 10.3666 perceived
298.666 394.423 15.583 10.3666 risk
317.986 394.423 32.0304 10.3666 profile,
353.617 394.423 9.59376 10.3666 as
366.814 394.423 44.9074 10.3666 stipulated
415.286 394.423 8.31312 10.3666 in
427.164 394.423 14.978 10.3666 the
445.765 394.423 20.6625 10.3666 CRR.
470.125 394.423 44.3819 10.3666 Therefore
518.131 394.423 6.0985 10.3666 it

85.08 409.903 30.0332 10.3666 should
118.08 409.903 11.2575 10.3666 be
132.362 409.903 64.7132 10.3666 supplemented
200.043 409.903 10.6415 10.3666 by
213.726 409.903 44.9979 10.3666 additional
261.716 409.903 47.4864 10.3666 qualitative
312.104 409.903 31.8062 10.3666 criteria
346.902 409.903 18.4556 10.3666 that
368.383 409.903 30.5775 10.3666 ensure
402.005 409.903 18.4589 10.3666 that
423.489 409.903 49.0507 10.3666 competent
475.565 409.903 48.597 10.3666 authorities

85.08 425.263 11.5776 10.3666 do
100.561 425.263 15.2175 10.3666 not
119.643 425.263 10.8578 10.3666 go
134.405 425.263 33.5152 10.3666 beyond
171.725 425.263 14.978 10.3666 the
189.121 425.263 13.4136 10.3666 8%
206.282 425.263 45.8392 10.3666 threshold,
255.842 425.263 28.1951 10.3666 unless
287.76 425.263 20.0012 10.3666 they
311.523 425.263 15.7541 10.3666 can
330.963 425.263 27.3152 10.3666 justify
362.039 425.263 18.4556 10.3666 that
384.239 425.263 33.2238 10.3666 specific
421.314 425.263 63.7107 10.3666 circumstances
488.749 425.263 35.4958 10.3666 warrant

85.08 440.743 19.0992 10.3666 this.
106.674 440.743 26.4982 10.3666 These
135.591 440.743 63.7129 10.3666 circumstances
201.708 440.743 15.4825 10.3666 will
219.696 440.743 22.5956 10.3666 need
244.655 440.743 9.53856 10.3666 to
256.654 440.743 11.2586 10.3666 be
270.452 440.743 34.2306 10.3666 defined
307.043 440.743 29.2339 10.3666 clearly
338.832 440.743 16.8327 10.3666 and
358.146 440.743 8.31312 10.3666 in
368.939 440.743 34.9571 10.3666 relation
406.26 440.743 9.53856 10.3666 to
418.257 440.743 14.978 10.3666 the
435.774 440.743 41.0048 10.3666 business.

85.08 468.223 47.2843 10.3666 Therefore,
137.278 468.223 8.31312 10.3666 in
150.596 468.223 36.3558 10.3666 general,
191.872 468.223 49.1876 10.3666 competent
246.116 468.223 48.597 10.3666 authorities
299.751 468.223 29.9162 10.3666 should
334.665 468.223 15.339 10.3666 not
355.059 468.223 10.8589 10.3666 go
371.019 468.223 33.6356 10.3666 beyond
409.543 468.223 14.978 10.3666 the
426.956 468.223 13.5339 10.3666 8%
445.44 468.223 45.8403 10.3666 threshold,
496.32 468.223 27.9566 10.3666 unless

85.08 483.583 33.3408 10.3666 specific
122.151 483.583 63.7129 10.3666 circumstances
189.468 483.583 35.4958 10.3666 warrant
228.705 483.583 19.0992 10.3666 this.
251.502 483.583 43.0792 10.3666 However,
298.302 483.583 5.89978 10.3666 if
307.795 483.583 16.3171 10.3666 this
327.716 483.583 6.83707 10.3666 is
338.277 483.583 14.978 10.3666 the
356.997 483.583 22.4399 10.3666 case,
383.158 483.583 14.8587 10.3666 the
401.759 483.583 37.2975 10.3666 increase
442.799 483.583 30.9363 10.3666 cannot
477.475 483.583 19.4183 10.3666 take
500.636 483.583 23.6179 10.3666 place

85.08 499.063 28.1962 10.3666 unless
117.839 499.063 14.978 10.3666 the
137.278 499.063 76.2367 10.3666 abovementioned
218.038 499.063 15.7033 10.3666 risk
238.198 499.063 35.0365 10.3666 analysis
277.677 499.063 30.8402 10.3666 shows,
312.837 499.063 11.6759 10.3666 on
328.917 499.063 11.0764 10.3666 an
344.517 499.063 39.3929 10.3666 on-going
388.429 499.063 24.9548 10.3666 basis,
417.823 499.063 18.4556 10.3666 that
440.74 499.063 14.8576 10.3666 the
460.181 499.063 43.9536 10.3666 perceived
508.657 499.063 15.5852 10.3666 risk

85.08 514.543 29.3708 10.3666 profile
119.63 514.543 6.83376 10.3666 is
131.744 514.543 49.8765 10.3666 adequately
186.936 514.543 35.9186 10.3666 covered
228.095 514.543 10.7607 10.3666 by
244.053 514.543 14.8587 10.3666 the
264.211 514.543 14.1533 10.3666 SA,
283.436 514.543 9.73286 10.3666 or
298.318 514.543 18.4545 10.3666 that
321.954 514.543 10.9561 10.3666 an
338.151 514.543 50.848 10.3666 inadequate
394.179 514.543 40.6581 10.3666 coverage
440.016 514.543 6.83376 10.3666 is
452.011 514.543 15.339 10.3666 not
472.551 514.543 51.623 10.3666 substantial.

85.08 530.023 68.6335 10.3666 Extraordinarily,
157.313 530.023 24.7009 10.3666 these
185.635 530.023 33.2205 10.3666 specific
222.464 530.023 63.8344 10.3666 circumstances
289.901 530.023 32.4929 10.3666 include
325.897 530.023 24.9173 10.3666 many
354.453 530.023 23.4026 10.3666 small
381.443 530.023 43.4303 10.3666 portfolios
428.476 530.023 21.7422 10.3666 (that
453.838 530.023 14.6181 10.3666 are
472.077 530.023 39.1556 10.3666 unsuited
514.795 530.023 9.41712 10.3666 to

85.08 545.383 14.978 10.3666 the
104.165 545.383 14.766 10.3666 IRB
123.009 545.383 38.7438 10.3666 models),
165.838 545.383 16.1714 10.3666 low
186.115 545.383 31.772 10.3666 default
221.993 545.383 9.73286 10.3666 or
235.794 545.383 24.6137 10.3666 other
264.481 545.383 46.1903 10.3666 portfolios,
314.756 545.383 26.5578 10.3666 which
345.359 545.383 14.978 10.3666 the
364.444 545.383 49.1777 10.3666 competent
417.728 545.383 41.2421 10.3666 authority
463.094 545.383 32.2578 10.3666 believe
499.459 545.383 9.41712 10.3666 to
513.018 545.383 11.2586 10.3666 be

85.08 560.863 58.4005 10.3666 inadequately
146.399 560.863 42.2766 10.3666 modelled
191.642 560.863 26.5335 10.3666 under
221.166 560.863 14.978 10.3666 the
239.169 560.863 14.766 10.3666 IRB
256.812 560.863 46.0633 10.3666 Approach,
305.878 560.863 42.6 10.3666 provided,
351.481 560.863 41.9995 10.3666 however,
396.363 560.863 18.4589 10.3666 that
417.723 560.863 14.978 10.3666 the
435.726 560.863 26.0191 10.3666 effect
464.646 560.863 9.2471 10.3666 of
476.888 560.863 47.4389 10.3666 exempting

85.08 576.343 24.8179 10.3666 these
112.437 576.343 45.5985 10.3666 exposures
160.679 576.343 9.59707 10.3666 is,
172.794 576.343 8.31312 10.3666 in
183.71 576.343 23.7548 10.3666 total,
209.998 576.343 15.6028 10.3666 still
228.228 576.343 48.725 10.3666 immaterial
279.581 576.343 8.31312 10.3666 in
290.378 576.343 26.1571 10.3666 terms
319.058 576.343 9.2471 10.3666 of
330.817 576.343 16.6549 10.3666 size
350.133 576.343 16.8338 10.3666 and
369.569 576.343 14.978 10.3666 the
387.112 576.343 44.0761 10.3666 perceived
433.791 576.343 15.583 10.3666 risk
451.908 576.343 29.3774 10.3666 profile
483.946 576.343 9.47674 10.3666 as
496.066 576.343 28.237 10.3666 stated

85.08 591.703 8.31643 10.3666 in
95.8771 591.703 14.978 10.3666 the
113.393 591.703 20.6625 10.3666 CRR.

85.08 619.183 16.6583 10.3666 The
104.763 619.183 39.128 10.3666 proposal
146.766 619.183 15.7563 10.3666 can
165.37 619.183 11.2575 10.3666 be
179.529 619.183 64.7154 10.3666 supplemented
247.212 619.183 10.6415 10.3666 by
260.772 619.183 24.6137 10.3666 other
288.375 619.183 31.7908 10.3666 criteria
322.918 619.183 18.4556 10.3666 that
344.399 619.183 15.7541 10.3666 can
363 619.183 11.2575 10.3666 be
377.162 619.183 21.3966 10.3666 used
401.525 619.183 9.47563 10.3666 as
414.008 619.183 11.0731 10.3666 an
427.928 619.183 51.4298 10.3666 alternative;
482.402 619.183 41.8824 10.3666 however,

85.08 634.663 16.3171 10.3666 this
104.635 634.663 22.6585 10.3666 must
130.55 634.663 11.2575 10.3666 be
145.065 634.663 29.2416 10.3666 clearly
177.58 634.663 39.755 10.3666 specified
220.534 634.663 8.31533 10.3666 in
232.049 634.663 14.978 10.3666 the
250.284 634.663 19.2217 10.3666 RTS.
272.718 634.663 26.3757 10.3666 These
302.351 634.663 15.7563 10.3666 can
321.305 634.663 22.356 10.3666 build
346.859 634.663 11.6759 10.3666 on
361.735 634.663 24.4569 10.3666 some
389.448 634.663 9.2471 10.3666 of
401.809 634.663 14.9791 10.3666 the
420.045 634.663 43.0759 10.3666 principles
466.359 634.663 24.3973 10.3666 listed
493.955 634.663 30.2364 10.3666 below,

85.08 650.023 13.5825 10.3666 i.e.
103.675 650.023 14.9791 10.3666 the
123.596 650.023 15.5774 10.3666 use
144.116 650.023 9.246 10.3666 of
158.276 650.023 21.9983 10.3666 fixed
185.159 650.023 25.3191 10.3666 LGDs,
215.513 650.023 26.6715 10.3666 which
247.063 650.023 27.7557 10.3666 would
279.823 650.023 30.9374 10.3666 reduce
315.824 650.023 14.8587 10.3666 the
335.739 650.023 22.4763 10.3666 need
363.213 650.023 9.41822 10.3666 to
377.761 650.023 15.456 10.3666 use
398.163 650.023 14.978 10.3666 the
415.562 650.023 13.5339 10.3666 8%
434.037 650.023 9.73286 10.3666 or
448.671 650.023 37.2986 10.3666 increase
491.026 650.023 14.8576 10.3666 the
510.827 650.023 13.4136 10.3666 8%

85.08 665.503 43.1156 10.3666 threshold
130.676 665.503 5.88432 10.3666 if
138.95 665.503 5.28816 10.3666 a
146.627 665.503 35.1282 10.3666 PD/LGD
184.322 665.503 42.1562 10.3666 approach
228.959 665.503 6.83597 10.3666 is
238.315 665.503 21.2763 10.3666 used
261.955 665.503 11.6759 10.3666 on
276.112 665.503 38.3022 10.3666 equities.

85.08 692.983 40.0432 10.3555 Proposal
127.672 692.983 8.68738 10.3555 2:
140.155 692.983 13.2601 10.3555 No
157.319 692.983 53.5727 10.3555 comparison
214.811 692.983 40.4925 10.3555 between
259.223 692.983 15.2772 10.3555 the
278.39 692.983 11.8503 10.3555 SA
294.234 692.983 17.2125 10.3555 and
315.366 692.983 15.3931 10.3555 the
334.672 692.983 58.6014 10.3555 approximate
397.204 692.983 15.4339 10.3555 IRB
416.524 692.983 30.6791 10.3555 capital
451.09 692.983 62.1364 10.3555 requirements
517.075 692.983 7.16496 10.3555 is

85.08 708.343 42.3207 10.3555 required.
134.396 708.343 36.7003 10.3555 Instead,
178.206 708.343 24.7528 10.3555 there
209.883 708.343 7.04462 10.3555 is
224.04 708.343 15.2738 10.3555 the
246.242 708.343 42.5537 10.3555 flexibility
295.8 708.343 9.77923 10.3555 to
312.48 708.343 38.8431 10.3555 consider
358.32 708.343 15.2772 10.3555 the
380.519 708.343 57.0613 10.3555 contribution
444.492 708.343 9.36854 10.3555 of
460.931 708.343 46.517 10.3555 mitigating
514.455 708.343 9.7991 10.3555 or

85.08 723.823 53.597 10.3555 aggravating
141.849 723.823 64.7684 10.3555 circumstances
209.755 723.823 43.8818 10.3555 regarding
256.918 723.823 15.2772 10.3555 the
275.396 723.823 41.7202 10.3555 potential
320.395 723.823 76.2566 10.3555 underestimation
399.843 723.823 9.36854 10.3555 of
412.437 723.823 16.4584 10.3555 risk
432.111 723.823 8.68848 10.3555 in
443.99 723.823 15.1579 10.3555 the
462.35 723.823 49.2528 10.3555 calibration
514.793 723.823 9.36854 10.3555 of

85.08 739.303 15.2772 10.3555 the
105.365 739.303 48.4535 10.3555 thresholds
158.893 739.303 18.9546 10.3555 that
182.883 739.303 47.7933 10.3555 determine
235.688 739.303 61.8726 10.3555 immateriality
302.642 739.303 46.4133 10.3555 exposures
354.125 739.303 8.68848 10.3555 in
367.81 739.303 26.6042 10.3555 terms
399.484 739.303 9.36854 10.3555 of
413.764 739.303 17.0734 10.3555 size
435.838 739.303 17.2125 10.3555 and
458.048 739.303 44.9317 10.3555 perceived
507.969 739.303 16.3392 10.3555 risk

85.08 754.783 33.1862 10.3555 profile.

512.88 796.544 11.2387 10.3666 20

85.08 118.303 50.3788 10.3666 Competent
138.122 118.303 48.7173 10.3666 authorities
189.359 118.303 19.0407 10.3666 may
211.08 118.303 23.9656 10.3666 allow
237.71 118.303 55.434 10.3666 adjustments
295.786 118.303 9.41712 10.3666 to
307.905 118.303 14.978 10.3666 the
325.425 118.303 47.7844 10.3666 calibration
375.694 118.303 9.2471 10.3666 of
387.568 118.303 14.978 10.3666 the
405.087 118.303 47.2755 10.3666 thresholds
455.005 118.303 13.0901 10.3666 for
470.723 118.303 16.6549 10.3666 size
489.918 118.303 16.8327 10.3666 and
509.353 118.303 14.8587 10.3666 the

85.08 133.663 44.075 10.3666 perceived
132.244 133.663 15.7022 10.3666 risk
151.087 133.663 29.2527 10.3666 profile
183.486 133.663 13.089 10.3666 for
199.688 133.663 5.28816 10.3666 a
207.973 133.663 43.205 10.3666 particular
254.291 133.663 48.9525 10.3666 institution,
306.368 133.663 11.5556 10.3666 up
321.013 133.663 9.41822 10.3666 to
333.617 133.663 5.28816 10.3666 a
342.018 133.663 44.6976 10.3666 maximum
389.9 133.663 9.2471 10.3666 of
401.52 133.663 21.8371 10.3666 15%,
426.481 133.663 16.8327 10.3666 and
446.278 133.663 32.3792 10.3666 subject
481.802 133.663 9.41822 10.3666 to
494.407 133.663 5.28816 10.3666 a
502.808 133.663 21.3668 10.3666 floor

85.08 149.143 9.2471 10.3666 of
96.8376 149.143 13.4136 10.3666 0%
113.994 149.143 21.6616 10.3666 from
139.434 149.143 14.8598 10.3666 the
156.829 149.143 13.4136 10.3666 8%
173.868 149.143 45.7453 10.3666 threshold.
223.312 149.143 17.9941 10.3666 This
245.03 149.143 6.83376 10.3666 is
255.467 149.143 19.0407 10.3666 only
278.268 149.143 45.0333 10.3666 permitted
326.866 149.143 5.88432 10.3666 if
336.46 149.143 6.21552 10.3666 it
346.43 149.143 6.83707 10.3666 is
356.874 149.143 36.8758 10.3666 deemed
397.313 149.143 44.1203 10.3666 necessary
444.951 149.143 9.53856 10.3666 to
458.276 149.143 28.8917 10.3666 reflect
490.91 149.143 33.2205 10.3666 specific

85.08 164.623 63.8333 10.3666 circumstances
151.795 164.623 21.1195 10.3666 that,
175.917 164.623 12.9731 10.3666 for
191.76 164.623 16.1979 10.3666 this
210.964 164.623 48.8354 10.3666 institution,
262.68 164.623 37.2975 10.3666 increase
302.884 164.623 9.73286 10.3666 or
315.487 164.623 30.8182 10.3666 reduce
349.33 164.623 14.8587 10.3666 the
367.09 164.623 21.008 10.3666 total
391.093 164.623 40.4484 10.3666 potential
434.537 164.623 12.9731 10.3666 for
450.38 164.623 73.841 10.3666 underestimating

85.08 179.983 26.0169 10.3666 credit
115.313 179.983 18.3816 10.3666 risk.
137.868 179.983 11.1118 10.3666 To
153.237 179.983 34.0551 10.3666 provide
191.509 179.983 41.3691 10.3666 sufficient
237.095 179.983 69.6238 10.3666 standardisation
310.759 179.983 16.8338 10.3666 and
331.631 179.983 9.53746 10.3666 to
345.306 179.983 24.394 10.3666 avoid
373.738 179.983 39.0772 10.3666 arbitrary
416.929 179.983 18.3606 10.3666 use,
439.365 179.983 14.8587 10.3666 the
458.441 179.983 13.0526 10.3666 list
475.59 179.983 9.2471 10.3666 of
488.906 179.983 35.3103 10.3666 allowed

85.08 195.463 55.5566 10.3666 adjustments
144.957 195.463 22.4752 10.3666 need
171.713 195.463 9.41822 10.3666 to
185.51 195.463 11.1394 10.3666 be
200.879 195.463 48.098 10.3666 exhaustive
253.195 195.463 16.836 10.3666 and
274.311 195.463 14.8576 10.3666 the
293.394 195.463 39.5983 10.3666 methods
337.311 195.463 9.2471 10.3666 of
350.748 195.463 51.2179 10.3666 adjustment
406.184 195.463 22.5956 10.3666 need
432.94 195.463 9.41822 10.3666 to
446.62 195.463 11.2575 10.3666 be
462.216 195.463 61.8814 10.3666 quantitatively

85.08 210.943 42.7325 10.3666 specified.
130.311 210.943 16.6572 10.3666 The
149.389 210.943 41.4364 10.3666 following
193.181 210.943 24.2184 10.3666 three
219.942 210.943 24.2361 10.3666 types
246.578 210.943 9.2471 10.3666 of
258.214 210.943 55.5577 10.3666 adjustments
316.191 210.943 27.7557 10.3666 would
346.429 210.943 11.2586 10.3666 be
360.227 210.943 37.9478 10.3666 allowed.

85.08 238.292 8.42352 10.0354 1.
99.2443 238.292 21.358 10.0354 Take
123.366 238.292 17.5448 10.0354 into
143.527 238.292 35.3821 10.0354 account
181.691 238.292 11.316 10.0354 an
195.734 238.292 45.0156 10.0354 additional
243.501 238.292 34.4768 10.0354 existing
280.583 238.292 40.3324 10.0354 potential
323.547 238.292 12.7865 10.0354 for
338.907 238.292 73.7218 10.0354 underestimation
415.356 238.292 9.00754 10.0354 of
426.997 238.292 25.4196 10.0354 credit
455.078 238.292 15.5841 10.0354 risk
473.318 238.292 18.7018 10.0354 that
494.682 238.292 29.4967 10.0354 results

99.24 253.772 21.5722 10.0354 from
123.716 253.772 46.4685 10.0354 combining
173.031 253.772 23.3916 10.0354 more
199.186 253.772 15.6989 10.0354 risk
217.667 253.772 38.3938 10.0354 sensitive
258.945 253.772 14.6457 10.0354 IRB
276.466 253.772 38.8542 10.0354 methods
318.102 253.772 19.8312 10.0354 with
340.781 253.772 16.2906 10.0354 less
359.854 253.772 15.7 10.0354 risk
378.332 253.772 38.3916 10.0354 sensitive
419.609 253.772 14.6457 10.0354 IRB
437.13 253.772 38.736 10.0354 methods
478.77 253.772 27.9897 10.0354 within
509.485 253.772 14.6379 10.0354 the

99.24 269.252 23.9988 10.0354 same
125.758 269.252 21.2156 10.0354 class
149.516 269.252 9.00754 10.0354 of
161.033 269.252 47.3042 10.0354 exposures.

85.08 296.623 67.0249 10.3666 Quantification:
156.365 296.623 67.4014 10.3666 simultaneously
228.004 296.623 31.0577 10.3666 reduce
263.164 296.623 14.978 10.3666 the
282.358 296.623 47.1563 10.3666 thresholds
333.713 296.623 13.0934 10.3666 for
350.988 296.623 16.6549 10.3666 size
371.861 296.623 16.836 10.3666 and
392.856 296.623 43.9558 10.3666 perceived
440.971 296.623 15.5841 10.3666 risk
460.767 296.623 29.3774 10.3666 profile
494.362 296.623 10.6404 10.3666 by
509.237 296.623 14.978 10.3666 the

85.08 312.103 50.7376 10.3666 percentage
139.684 312.103 9.2471 10.3666 of
152.763 312.103 45.5996 10.3666 exposures
202.206 312.103 26.6528 10.3666 under
232.81 312.103 14.9791 10.3666 the
251.774 312.103 14.766 10.3666 IRB
270.497 312.103 45.9485 10.3666 Approach,
320.409 312.103 12.9731 10.3666 for
337.334 312.103 26.6748 10.3666 which
367.812 312.103 5.28816 10.3666 a
377.053 312.103 16.6737 10.3666 less
397.573 312.103 58.0494 10.3666 risk-sensitive
459.608 312.103 14.766 10.3666 IRB
478.211 312.103 35.3159 10.3666 method
517.455 312.103 6.83597 10.3666 is

85.08 327.583 21.3955 10.3666 used
110.161 327.583 45.3965 10.3666 compared
159.121 327.583 9.53746 10.3666 to
172.321 327.583 14.978 10.3666 the
190.922 327.583 14.766 10.3666 IRB
209.282 327.583 35.3159 10.3666 method
248.283 327.583 21.3955 10.3666 used
273.244 327.583 12.972 10.3666 for
289.795 327.583 24.7329 10.3666 other
318.116 327.583 45.476 10.3666 exposures
367.196 327.583 28.2359 10.3666 within
398.997 327.583 14.978 10.3666 the
417.598 327.583 23.8574 10.3666 same
445.079 327.583 41.2576 10.3666 exposure
489.96 327.583 21.1162 10.3666 class
514.559 327.583 9.73397 10.3666 or

85.08 342.943 43.1002 10.3666 sub-class.
132.121 342.943 17.9941 10.3666 This
154.082 342.943 26.2807 10.3666 refers
184.33 342.943 8.31312 10.3666 in
196.57 342.943 43.0858 10.3666 particular
243.603 342.943 9.41712 10.3666 to
257.05 342.943 14.978 10.3666 the
275.893 342.943 50.6195 10.3666 percentage
330.378 342.943 9.2471 10.3666 of
343.582 342.943 51.5612 10.3666 supervisory
399.013 342.943 22.6784 10.3666 LGDs
425.653 342.943 21.2763 10.3666 used
450.857 342.943 24.9957 10.3666 when
479.781 342.943 44.5552 10.3666 combined

85.08 358.423 19.9559 10.3666 with
108.124 358.423 18.301 10.3666 LGD
129.6 358.423 43.5561 10.3666 estimates
176.4 358.423 12.9731 10.3666 for
192.365 358.423 24.6126 10.3666 other
220.089 358.423 45.5985 10.3666 exposures
268.811 358.423 19.5596 10.3666 (e.g.
291.468 358.423 31.0577 10.3666 reduce
325.663 358.423 14.8576 10.3666 the
343.777 358.423 47.2766 10.3666 thresholds
394.171 358.423 21.7808 10.3666 from
418.433 358.423 13.4136 10.3666 8%
434.997 358.423 9.53856 10.3666 to
446.872 358.423 13.5339 10.3666 6%
463.547 358.423 5.88432 10.3666 if
472.551 358.423 51.5612 10.3666 supervisory

85.08 373.903 22.7965 10.3666 LGDs
110.272 373.903 14.6181 10.3666 are
127.429 373.903 21.2708 10.3666 used
151.181 373.903 12.9963 10.3666 for
166.677 373.903 13.4136 10.3666 2%
182.512 373.903 9.2471 10.3666 of
194.269 373.903 14.8576 10.3666 the
211.666 373.903 45.5985 10.3666 exposures
259.665 373.903 9.41712 10.3666 to
271.662 373.903 26.676 10.3666 which
300.713 373.903 14.978 10.3666 the
318.23 373.903 46.1229 10.3666 institution
366.715 373.903 31.676 10.3666 applies
400.911 373.903 14.8587 10.3666 the
418.309 373.903 14.766 10.3666 IRB
435.586 373.903 49.3554 10.3666 Approach).

85.08 401.252 8.42352 10.0354 2.
99.2443 401.252 59.52 10.0354 Acknowledge
161.278 401.252 14.639 10.0354 the
178.316 401.252 35.9175 10.0354 reduced
216.721 401.252 40.3324 10.0354 potential
259.562 401.252 12.7865 10.0354 for
274.918 401.252 73.4767 10.0354 underestimating
350.879 401.252 25.5399 10.0354 credit
378.958 401.252 18.3661 10.0354 risk,
399.841 401.252 26.316 10.0354 which
428.641 401.252 29.4956 10.0354 results
460.56 401.252 21.5733 10.0354 from
484.678 401.252 39.6369 10.0354 choosing

99.24 416.732 32.1374 10.0354 models
134.284 416.732 26.4375 10.0354 based
163.57 416.732 11.3149 10.0354 on
177.602 416.732 14.766 10.0354 IRB
195.121 416.732 38.8498 10.0354 methods
236.875 416.732 32.791 10.0354 instead
272.392 416.732 9.00643 10.0354 of
284.274 416.732 21.5159 10.0354 fixed
308.637 416.732 14.766 10.0354 IRB
326.037 416.732 15.583 10.0354 risk
344.518 416.732 34.8941 10.0354 weights
382.194 416.732 21.5004 10.0354 (also
406.553 416.732 43.5683 10.0354 necessary
452.988 416.732 12.6662 10.0354 for
468.589 416.732 55.7233 10.0354 encouraging

99.24 432.212 49.9008 10.0354 institutions
151.566 432.212 9.384 10.0354 to
163.443 432.212 36.9597 10.0354 increase
202.923 432.212 20.8281 10.0354 their
226.323 432.212 61.9499 10.0354 models-based
290.756 432.212 57.8662 10.0354 approaches).

85.08 459.583 67.0249 10.3666 Quantification:
155.88 459.583 67.3926 10.3666 simultaneously
227.043 459.583 37.2975 10.3666 increase
267.963 459.583 14.978 10.3666 the
286.563 459.583 47.1574 10.3666 thresholds
337.444 459.583 13.0923 10.3666 for
354.125 459.583 16.6583 10.3666 size
374.526 459.583 16.836 10.3666 and
394.925 459.583 44.0761 10.3666 perceived
442.566 459.583 15.5841 10.3666 risk
461.887 459.583 29.2582 10.3666 profile
494.888 459.583 10.6415 10.3666 by
509.289 459.583 14.978 10.3666 the

85.08 475.063 50.7376 10.3666 percentage
138.72 475.063 9.2471 10.3666 of
150.84 475.063 45.5996 10.3666 exposures
199.446 475.063 26.5324 10.3666 under
228.969 475.063 14.978 10.3666 the
246.972 475.063 14.7649 10.3666 IRB
264.734 475.063 43.2238 10.3666 Approach
310.925 475.063 18.3385 10.3666 that
332.288 475.063 15.5785 10.3666 use
350.89 475.063 11.0731 10.3666 an
364.927 475.063 34.9239 10.3666 internal
402.722 475.063 62.6796 10.3666 models-based
468.366 475.063 14.766 10.3666 IRB
486.008 475.063 38.1553 10.3666 method,

85.08 490.543 32.9158 10.3666 instead
120.599 490.543 9.2471 10.3666 of
132.478 490.543 11.0764 10.3666 an
146.157 490.543 14.766 10.3666 IRB
163.556 490.543 35.4362 10.3666 method
201.594 490.543 12.9731 10.3666 for
217.192 490.543 14.978 10.3666 the
234.831 490.543 23.8585 10.3666 same
261.35 490.543 19.8985 10.3666 type
283.909 490.543 9.2471 10.3666 of
295.669 490.543 45.5996 10.3666 exposures
343.911 490.543 18.4589 10.3666 that
365.03 490.543 15.5785 10.3666 use
383.281 490.543 21.9895 10.3666 fixed
407.874 490.543 15.5819 10.3666 risk
426.112 490.543 37.5956 10.3666 weights.
466.324 490.543 17.9941 10.3666 This
486.96 490.543 26.3966 10.3666 refers
515.999 490.543 8.31533 10.3666 in

85.08 506.023 43.2028 10.3666 particular
132.596 506.023 9.53856 10.3666 to
146.396 506.023 28.2779 10.3666 equity
178.913 506.023 45.4793 10.3666 exposures
228.713 506.023 9.73397 10.3666 or
242.752 506.023 12.9731 10.3666 for
260.031 506.023 48.6257 10.3666 specialised
312.938 506.023 32.9169 10.3666 lending
350.15 506.023 19.5783 10.3666 (e.g.
374.023 506.023 37.4179 10.3666 increase
415.78 506.023 14.8587 10.3666 the
434.977 506.023 47.2777 10.3666 thresholds
486.575 506.023 21.6605 10.3666 from
510.827 506.023 13.4136 10.3666 8%

85.08 521.383 9.53856 10.3666 to
97.0805 521.383 19.0539 10.3666 11%
120.361 521.383 5.88432 10.3666 if
130.319 521.383 14.978 10.3666 the
149.403 521.383 35.1094 10.3666 PD/LGD
188.764 521.383 42.1518 10.3666 approach
235.08 521.383 6.83707 10.3666 is
246.116 521.383 21.2719 10.3666 used
271.557 521.383 32.7954 10.3666 instead
308.512 521.383 9.2471 10.3666 of
321.827 521.383 14.8576 10.3666 the
340.902 521.383 29.3973 10.3666 simple
374.517 521.383 53.8675 10.3666 risk-weights
432.586 521.383 42.1518 10.3666 approach
478.899 521.383 12.9731 10.3666 for
496.054 521.383 28.1619 10.3666 equity

85.08 536.863 45.5985 10.3666 exposures
133.2 536.863 12.9731 10.3666 for
148.56 536.863 13.5339 10.3666 3%
164.516 536.863 9.2471 10.3666 of
176.151 536.863 14.978 10.3666 the
193.672 536.863 45.476 10.3666 exposures
241.547 536.863 18.4589 10.3666 that
262.559 536.863 14.8576 10.3666 the
279.956 536.863 46.1207 10.3666 institution
328.438 536.863 31.6682 10.3666 applies
362.627 536.863 14.978 10.3666 the
380.025 536.863 14.766 10.3666 IRB
397.297 536.863 43.2624 10.3666 Approach
443.041 536.863 15.6216 10.3666 to).

85.08 564.332 8.42352 10.0354 3.
99.2443 564.332 8.43456 10.0354 In
110.88 564.332 41.9178 10.0354 assessing
155.889 564.332 37.1507 10.0354 whether
196.217 564.332 14.6379 10.0354 the
213.983 564.332 46.4199 10.0354 thresholds
263.548 564.332 14.7583 10.0354 are
281.43 564.332 20.3997 10.0354 met,
304.92 564.332 58.6842 10.0354 acknowledge
366.842 564.332 63.2184 10.0354 circumstances
433.2 564.332 27.8385 10.0354 where
464.156 564.332 11.316 10.0354 an
478.674 564.332 45.519 10.0354 institution

99.24 579.692 37.7767 10.0354 provides
140.885 579.692 5.67456 10.0354 a
150.247 579.692 27.3085 10.0354 better
181.331 579.692 38.64 10.0354 measure
223.696 579.692 9.00754 10.0354 of
236.538 579.692 14.6368 10.0354 the
254.882 579.692 42.8749 10.0354 perceived
301.438 579.692 15.7 10.0354 risk
320.876 579.692 28.6775 10.0354 profile
353.397 579.692 9.00754 10.0354 of
366.24 579.692 44.1909 10.0354 exempted
414.239 579.692 44.4923 10.0354 exposures
462.473 579.692 20.6746 10.0354 than
486.955 579.692 14.6379 10.0354 the
505.315 579.692 19.097 10.0354 risk-

99.24 595.172 41.6771 10.0354 weighted
143.401 595.172 40.3203 10.0354 exposure
186.121 595.172 39.2196 10.0354 amounts
227.884 595.172 25.9915 10.0354 under
256.328 595.172 14.639 10.0354 the
273.487 595.172 14.182 10.0354 SA.

85.08 622.663 67.0249 10.3666 Quantification:
156.342 622.663 13.089 10.3666 for
173.5 622.663 14.978 10.3666 the
192.696 622.663 21.0544 10.3666 ratio
218.008 622.663 9.2471 10.3666 of
231.444 622.663 14.8576 10.3666 the
250.519 622.663 44.0772 10.3666 perceived
298.756 622.663 15.5819 10.3666 risk
318.551 622.663 32.1529 10.3666 profile,
354.899 622.663 39.8091 10.3666 calculate
398.925 622.663 14.8576 10.3666 the
418 622.663 60.8282 10.3666 risk-weighted
482.987 622.663 41.2587 10.3666 exposure

85.08 638.023 39.4735 10.3666 amounts
128.277 638.023 13.089 10.3666 for
144.961 638.023 14.978 10.3666 the
163.685 638.023 45.4771 10.3666 exposures
212.886 638.023 26.676 10.3666 which
243.246 638.023 14.978 10.3666 the
261.966 638.023 11.433 10.3666 SA
277.088 638.023 6.83376 10.3666 is
287.645 638.023 33.1476 10.3666 applied
324.372 638.023 12.3604 10.3666 to,
340.457 638.023 10.7607 10.3666 by
354.978 638.023 41.92 10.3666 assuming
400.574 638.023 18.4589 10.3666 that
422.654 638.023 14.978 10.3666 the
441.375 638.023 14.6457 10.3666 IRB
459.736 638.023 43.353 10.3666 Approach
506.775 638.023 17.5139 10.3666 was

85.08 653.503 33.1564 10.3666 applied
122.163 653.503 9.53746 10.3666 to
135.607 653.503 24.6976 10.3666 these
164.29 653.503 48.12 10.3666 exposures,
216.373 653.503 16.836 10.3666 and
237.123 653.503 39.9957 10.3666 provided
280.923 653.503 18.4578 10.3666 that
303.243 653.503 14.978 10.3666 the
322.206 653.503 46.1152 10.3666 institution
372.249 653.503 6.71674 10.3666 is
382.933 653.503 23.5594 10.3666 using
410.407 653.503 66.4851 10.3666 risk-parameter
480.72 653.503 43.5572 10.3666 estimates

85.08 668.983 26.6726 10.3666 which
117.48 668.983 14.617 10.3666 are
137.763 668.983 48.9227 10.3666 sufficiently
192.367 668.983 56.7379 10.3666 conservative
254.769 668.983 12.972 10.3666 for
273.492 668.983 24.6976 10.3666 these
303.855 668.983 48.3486 10.3666 exposures,
357.845 668.983 48.8365 10.3666 (exposures
412.328 668.983 18.4578 10.3666 that
436.448 668.983 14.8576 10.3666 the
457.09 668.983 46.1163 10.3666 institution
508.933 668.983 15.3566 10.3666 has

85.08 684.343 63.756 10.3666 demonstrated
155.401 684.343 9.41822 10.3666 to
171.364 684.343 11.2575 10.3666 be
189.125 684.343 33.9215 10.3666 broadly
229.687 684.343 8.31643 10.3666 in
244.564 684.343 16.1725 10.3666 line
267.239 684.343 19.9537 10.3666 with
293.757 684.343 14.6457 10.3666 IRB
314.872 684.343 43.0185 10.3666 minimum
364.431 684.343 66.8748 10.3666 requirements).
437.764 684.343 17.8738 10.3666 This
462.243 684.343 37.0778 10.3666 requires
505.806 684.343 18.4545 10.3666 that

85.08 699.823 50.5168 10.3666 institutions
141.716 699.823 21.4573 10.3666 have
169.313 699.823 63.4038 10.3666 non-approved
238.801 699.823 18.5748 10.3666 (but
263.513 699.823 57.1165 10.3666 nevertheless
326.632 699.823 34.0418 10.3666 broadly
366.829 699.823 48.1156 10.3666 compliant)
421.071 699.823 34.8047 10.3666 internal
461.981 699.823 12.5492 10.3666 PD
480.697 699.823 43.4336 10.3666 estimates

85.08 715.303 42.462 10.3666 available,
131.742 715.303 26.6748 10.3666 which
162.697 715.303 20.7574 10.3666 goes
187.774 715.303 33.5163 10.3666 beyond
225.572 715.303 14.978 10.3666 the
244.888 715.303 56.3791 10.3666 requirement
305.606 715.303 8.31312 10.3666 in
318.201 715.303 45.8712 10.3666 paragraph
369.117 715.303 8.40144 10.3666 6,
381.835 715.303 16.8327 10.3666 and
402.949 715.303 6.83376 10.3666 is
413.987 715.303 36.9122 10.3666 typically
455.255 715.303 19.0418 10.3666 only
478.652 715.303 45.5632 10.3666 applicable

85.08 730.663 28.5384 10.3666 where
116.156 730.663 11.0764 10.3666 an
129.714 730.663 46.1229 10.3666 institution
178.317 730.663 6.83376 10.3666 is
187.671 730.663 23.5572 10.3666 using
213.706 730.663 34.925 10.3666 internal
251.137 730.663 26.316 10.3666 rating
279.93 730.663 35.997 10.3666 systems
318.448 730.663 12.8539 10.3666 for
333.808 730.663 10.5531 10.3666 its
346.881 730.663 34.9239 10.3666 internal
384.311 730.663 15.7033 10.3666 risk
402.431 730.663 62.3252 10.3666 management,
467.274 730.663 15.2186 10.3666 but
485.03 730.663 21.4761 10.3666 does
509.027 730.663 15.2186 10.3666 not

85.08 746.143 23.4986 10.3666 meet
113.039 746.143 10.3279 10.3666 all
127.677 746.143 14.978 10.3666 the
146.995 746.143 43.9944 10.3666 necessary
195.359 746.143 43.0207 10.3666 minimum
242.757 746.143 60.7156 10.3666 requirements
307.914 746.143 12.9731 10.3666 for
325.2 746.143 17.9323 10.3666 also
347.644 746.143 23.5594 10.3666 using
375.479 746.143 24.8179 10.3666 these
404.637 746.143 34.9284 10.3666 internal
443.876 746.143 26.199 10.3666 rating
474.469 746.143 35.8767 10.3666 systems
514.68 746.143 9.53856 10.3666 to

85.08 761.623 46.8979 10.3666 determine
136.085 761.623 29.7594 10.3666 capital
169.911 761.623 60.8547 10.3666 requirements
234.845 761.623 26.6528 10.3666 under
265.561 761.623 14.978 10.3666 the
284.636 761.623 14.766 10.3666 IRB
303.591 761.623 43.2492 10.3666 Approach
350.889 761.623 19.5794 10.3666 (e.g.
374.642 761.623 60.7542 10.3666 risk-weighted
439.555 761.623 41.2708 10.3666 exposure
484.922 761.623 39.3565 10.3666 amounts

512.88 796.544 11.2387 10.3666 21

85.08 116.743 26.6737 10.3666 based
115.682 116.743 11.6759 10.3666 on
131.165 116.743 5.28816 10.3666 a
140.406 116.743 15.583 10.3666 risk
159.845 116.743 30.5764 10.3666 weight
194.282 116.743 9.24821 10.3666 of
205.924 116.743 24.6932 10.3666 100%
234.488 116.743 26.6528 10.3666 under
265.091 116.743 14.978 10.3666 the
283.934 116.743 11.4319 10.3666 SA
299.297 116.743 14.4977 10.3666 are
317.78 116.743 38.6764 10.3666 replaced
360.383 116.743 10.7607 10.3666 by
375.027 116.743 60.8436 10.3666 risk-weighted
439.676 116.743 41.2576 10.3666 exposure
484.795 116.743 39.4768 10.3666 amounts

85.08 132.223 26.6528 10.3666 under
115.683 132.223 14.978 10.3666 the
134.526 132.223 14.766 10.3666 IRB
153.129 132.223 46.071 10.3666 Approach,
202.921 132.223 26.676 10.3666 based
233.402 132.223 11.6759 10.3666 on
248.884 132.223 12.5492 10.3666 PD
265.319 132.223 5.49792 10.3666 =
274.681 132.223 13.4136 10.3666 1%
291.964 132.223 16.836 10.3666 and
312.728 132.223 18.2458 10.3666 LDG
334.926 132.223 5.49792 10.3666 =
344.288 132.223 19.0539 10.3666 20%
367.212 132.223 5.88763 10.3666 if
376.935 132.223 24.6987 10.3666 these
405.619 132.223 15.583 10.3666 risk
425.182 132.223 47.4135 10.3666 parameter
476.425 132.223 21.5788 10.3666 have
501.869 132.223 22.4763 10.3666 been

85.08 147.583 63.756 10.3666 demonstrated
154.198 147.583 10.6415 10.3666 by
170.159 147.583 14.978 10.3666 the
190.437 147.583 46.1163 10.3666 institution
241.796 147.583 9.41822 10.3666 to
256.675 147.583 21.4584 10.3666 have
283.433 147.583 22.5956 10.3666 been
311.272 147.583 44.9162 10.3666 estimated
361.55 147.583 33.9204 10.3666 broadly
400.802 147.583 8.31312 10.3666 in
414.478 147.583 16.2917 10.3666 line
435.95 147.583 19.8367 10.3666 with
461.151 147.583 14.766 10.3666 IRB
481.068 147.583 43.0163 10.3666 minimum

85.08 163.063 63.6014 10.3666 requirements,
154.323 163.063 16.8327 10.3666 and
176.762 163.063 9.41822 10.3666 to
191.884 163.063 21.6616 10.3666 form
219.247 163.063 5.28816 10.3666 a
230.165 163.063 56.7357 10.3666 conservative
292.565 163.063 25.042 10.3666 proxy
323.287 163.063 12.9731 10.3666 for
341.89 163.063 5.28816 10.3666 a
352.809 163.063 43.2028 10.3666 particular
401.521 163.063 20.0177 10.3666 type
427.082 163.063 9.2471 10.3666 of
441.959 163.063 45.5996 10.3666 exposures
493.082 163.063 9.24821 10.3666 of
507.961 163.063 16.3138 10.3666 this

85.08 178.663 52.3417 10.3666 institution).

85.08 207.936 53.676 11.268 Temporary
141.48 207.936 17.016 11.268 use
161.16 207.936 9.9 11.268 of
173.88 207.936 16.2948 11.268 the
192.839 207.936 12.468 11.268 SA

85.08 234.103 10.6768 10.3666 As
98.8844 234.103 43.7162 10.3666 described
145.688 234.103 8.31533 10.3666 in
157.093 234.103 33.0206 10.3666 Section
192.477 234.103 8.40034 10.3666 3,
204.002 234.103 14.8576 10.3666 the
222.006 234.103 36.0357 10.3666 concern
261.124 234.103 26.3779 10.3666 about
290.645 234.103 5.28816 10.3666 a
299.046 234.103 40.3225 10.3666 potential
342.482 234.103 74.5575 10.3666 underestimation
420.127 234.103 9.2471 10.3666 of
432.488 234.103 32.3925 10.3666 capital,
468.005 234.103 26.676 10.3666 which
497.766 234.103 26.517 10.3666 stems

85.091 249.581 21.8989 10.3666 from
109.446 249.581 14.9791 10.3666 the
126.844 249.581 56.4299 10.3666 combination
185.638 249.581 9.24821 10.3666 of
197.392 249.581 14.8576 10.3666 the
214.789 249.581 57.8761 10.3666 standardised
275.056 249.581 16.836 10.3666 and
294.373 249.581 14.766 10.3666 IRB
311.65 249.581 55.6791 10.3666 Approaches,
369.846 249.581 6.83376 10.3666 is
379.208 249.581 14.8576 10.3666 the
396.483 249.581 22.4708 10.3666 main
421.447 249.581 22.1915 10.3666 basis
446.159 249.581 12.9731 10.3666 for
461.638 249.581 24.6987 10.3666 these
488.754 249.581 19.2206 10.3666 RTS.

85.091 276.938 16.6583 10.3666 The
106.927 276.938 42.6376 10.3666 proposed
154.684 276.938 24.8367 10.3666 initial
184.665 276.938 14.6457 10.3666 IRB
204.34 276.938 40.7773 10.3666 coverage
250.295 276.938 21.0566 10.3666 ratio
276.453 276.938 16.9773 10.3666 (i.e.
295.812 276.938 22.4211 10.3666 50%)
323.403 276.938 47.9975 10.3666 represents
376.44 276.938 14.9791 10.3666 the
396.496 276.938 43.0207 10.3666 minimum
444.731 276.938 35.1381 10.3666 amount
484.931 276.938 18.4578 10.3666 that
508.567 276.938 15.7563 10.3666 can

85.091 292.416 37.1706 10.3666 mitigate
125.409 292.416 24.6976 10.3666 these
153.131 292.416 43.1024 10.3666 concerns.
199.212 292.416 11.0952 10.3666 To
213.486 292.416 31.0345 10.3666 specify
247.565 292.416 14.978 10.3666 the
265.57 292.416 46.6716 10.3666 conditions
315.249 292.416 18.3352 10.3666 that
336.729 292.416 16.5567 10.3666 CAs
356.294 292.416 30.0332 10.3666 should
389.296 292.416 38.1697 10.3666 consider
430.579 292.416 42.7568 10.3666 regarding
476.42 292.416 14.978 10.3666 the
494.545 292.416 29.7351 10.3666 nature

85.091 307.894 16.836 10.3666 and
105.733 307.894 28.6002 10.3666 timing
138.008 307.894 9.2471 10.3666 of
150.97 307.894 14.978 10.3666 the
169.693 307.894 17.3781 10.3666 rest
190.814 307.894 9.12677 10.3666 of
203.777 307.894 14.8576 10.3666 the
222.498 307.894 45.4804 10.3666 sequence,
271.82 307.894 31.8084 10.3666 several
307.341 307.894 33.7162 10.3666 options
344.902 307.894 21.4584 10.3666 have
370.224 307.894 22.4752 10.3666 been
396.506 307.894 42.876 10.3666 discussed
443.188 307.894 8.1961 10.3666 in
455.19 307.894 37.2357 10.3666 addition
496.11 307.894 9.53746 10.3666 to
509.432 307.894 14.8576 10.3666 the

85.091 323.251 29.5563 10.3666 option
117.008 323.251 45.3821 10.3666 proposed.

85.091 350.729 18.5781 10.3666 One
106.928 350.729 29.436 10.3666 option
139.562 350.729 42.3936 10.3666 consisted
185.154 350.729 9.2471 10.3666 of
197.625 350.729 44.5519 10.3666 specifying
245.372 350.729 11.0731 10.3666 an
259.644 350.729 32.5801 10.3666 interim
295.518 350.729 14.766 10.3666 IRB
313.564 350.729 40.657 10.3666 coverage
357.478 350.729 23.9016 10.3666 ratio.
384.592 350.729 17.9941 10.3666 This
405.824 350.729 21.0765 10.3666 ratio
430.197 350.729 27.7535 10.3666 would
461.149 350.729 21.5766 10.3666 have
485.982 350.729 5.28816 10.3666 a
494.494 350.729 29.7638 10.3666 similar

85.08 366.207 29.8577 10.3666 nature
118.2 366.207 9.59376 10.3666 as
130.929 366.207 14.978 10.3666 the
149.167 366.207 24.8367 10.3666 initial
177.228 366.207 14.6468 10.3666 IRB
195.098 366.207 40.6581 10.3666 coverage
238.893 366.207 21.0577 10.3666 ratio
263.247 366.207 42.515 10.3666 proposed
309.004 366.207 8.31643 10.3666 in
320.519 366.207 24.6976 10.3666 these
348.473 366.207 19.0871 10.3666 RTS,
370.795 366.207 16.836 10.3666 and
390.829 366.207 42.6972 10.3666 therefore
436.785 366.207 29.9162 10.3666 should
469.899 366.207 11.2586 10.3666 be
484.414 366.207 39.8765 10.3666 specified

85.08 381.564 8.31643 10.3666 in
96.4843 381.564 26.156 10.3666 terms
125.644 381.564 9.2471 10.3666 of
138.008 381.564 21.0367 10.3666 both
162.133 381.564 41.1372 10.3666 exposure
206.293 381.564 24.0981 10.3666 value
233.537 381.564 16.836 10.3666 and
253.461 381.564 60.7266 10.3666 risk-weighted
317.275 381.564 41.1372 10.3666 exposure
361.559 381.564 37.7965 10.3666 amount,
402.48 381.564 16.836 10.3666 and
422.396 381.564 9.59376 10.3666 as
434.997 381.564 5.28816 10.3666 a
443.399 381.564 50.4903 10.3666 percentage
497.038 381.564 9.12677 10.3666 of
509.282 381.564 14.978 10.3666 the

85.08 397.042 13.5384 10.3666 set
102.604 397.042 9.2471 10.3666 of
115.807 397.042 36.9387 10.3666 relevant
156.731 397.042 48.2636 10.3666 exposures.
208.936 397.042 16.656 10.3666 The
229.577 397.042 15.4416 10.3666 key
249.021 397.042 33.4766 10.3666 aspects
286.464 397.042 9.2471 10.3666 of
299.54 397.042 16.3138 10.3666 this
319.82 397.042 32.6972 10.3666 interim
356.539 397.042 21.0566 10.3666 ratio
381.497 397.042 27.8738 10.3666 would
413.298 397.042 21.9751 10.3666 refer
439.226 397.042 9.41822 10.3666 to
452.669 397.042 14.978 10.3666 the
471.632 397.042 21.0058 10.3666 level
496.467 397.042 9.24821 10.3666 of
509.667 397.042 14.6468 10.3666 IRB

85.08 412.52 40.7729 10.3666 coverage
128.637 412.52 18.4589 10.3666 that
149.879 412.52 29.9162 10.3666 should
182.64 412.52 11.2586 10.3666 be
196.682 412.52 37.4764 10.3666 attained
237.004 412.52 16.836 10.3666 and
256.563 412.52 14.978 10.3666 the
274.324 412.52 33.3496 10.3666 specific
310.446 412.52 20.1381 10.3666 date
333.366 412.52 28.5384 10.3666 where
364.688 412.52 16.3171 10.3666 this
383.769 412.52 30.0354 10.3666 should
416.531 412.52 33.7559 10.3666 happen
453.132 412.52 19.5772 10.3666 (e.g.
475.568 412.52 19.0407 10.3666 ‘X’%
497.275 412.52 9.2471 10.3666 of
509.275 412.52 14.9769 10.3666 the

85.08 427.877 13.5384 10.3666 set
101.643 427.877 9.2471 10.3666 of
113.887 427.877 36.9387 10.3666 relevant
153.85 427.877 45.5985 10.3666 exposures
202.455 427.877 29.9162 10.3666 should
235.339 427.877 21.5777 10.3666 have
259.941 427.877 22.5956 10.3666 been
285.503 427.877 25.9561 10.3666 rolled
314.426 427.877 15.2186 10.3666 out
332.67 427.877 28.2326 10.3666 within
363.87 427.877 14.978 10.3666 the
381.873 427.877 17.7391 10.3666 first
402.637 427.877 12.6 10.3666 ‘N’
418.201 427.877 23.8762 10.3666 years
444.961 427.877 22.7755 10.3666 since
470.761 427.877 14.978 10.3666 the
488.764 427.877 17.7336 10.3666 first
509.523 427.877 14.766 10.3666 IRB

85.08 443.355 55.3446 10.3666 permission).
143.88 443.355 17.9941 10.3666 This
165.355 443.355 29.5541 10.3666 option
198.361 443.355 17.3935 10.3666 was
219.357 443.355 26.9464 10.3666 finally
249.941 443.355 43.3519 10.3666 discarded
296.857 443.355 36.5755 10.3666 because
337.054 443.355 6.21552 10.3666 it
346.77 443.355 17.5139 10.3666 was
367.766 443.355 15.0917 10.3666 felt
386.358 443.355 18.4556 10.3666 that
408.315 443.355 6.21552 10.3666 it
418.03 443.355 27.7524 10.3666 would
449.279 443.355 33.0891 10.3666 conflict
485.876 443.355 19.9515 10.3666 with
509.271 443.355 14.9791 10.3666 the

85.08 458.833 44.4371 10.3666 discretion
132.242 458.833 35.0763 10.3666 granted
170.043 458.833 10.6404 10.3666 by
183.483 458.833 14.8587 10.3666 the
201.124 458.833 17.7545 10.3666 CRR
221.644 458.833 12.9698 10.3666 for
237.362 458.833 16.5567 10.3666 CAs
256.561 458.833 9.53746 10.3666 to
268.797 458.833 31.0412 10.3666 specify
302.636 458.833 14.8576 10.3666 the
320.276 458.833 20.8899 10.3666 total
343.918 458.833 28.4755 10.3666 length
374.998 458.833 9.2471 10.3666 of
386.878 458.833 14.9791 10.3666 the
404.639 458.833 33.3276 10.3666 roll-out
440.629 458.833 31.92 10.3666 period,
475.309 458.833 9.59376 10.3666 as
487.545 458.833 6.21552 10.3666 it
496.423 458.833 27.8738 10.3666 would

85.069 474.311 25.8877 10.3666 affect
116.632 474.311 14.8576 10.3666 the
137.153 474.311 21.0058 10.3666 total
163.79 474.311 28.9535 10.3666 design
198.348 474.311 9.2471 10.3666 of
213.11 474.311 14.978 10.3666 the
233.751 474.311 33.3375 10.3666 roll-out
272.752 474.311 19.3553 10.3666 plan
297.71 474.311 43.7162 10.3666 (including
347.024 474.311 14.978 10.3666 the
367.665 474.311 21.0047 10.3666 total
394.3 474.311 20.498 10.3666 time
420.462 474.311 29.1953 10.3666 period
455.143 474.311 20.1734 10.3666 over
480.947 474.311 26.6748 10.3666 which
513.227 474.311 11.0731 10.3666 an

85.069 489.668 46.2366 10.3666 institution
133.669 489.668 27.8716 10.3666 would
164.022 489.668 11.1383 10.3666 be
177.699 489.668 38.4369 10.3666 required
218.617 489.668 9.53856 10.3666 to
230.615 489.668 48.8189 10.3666 implement
281.973 489.668 14.8576 10.3666 the
299.37 489.668 14.766 10.3666 IRB
316.527 489.668 43.3717 10.3666 Approach
362.381 489.668 12.9687 10.3666 for
377.855 489.668 10.3224 10.3666 all
390.684 489.668 51.6396 10.3666 exposures).

85.0579 517.146 6.39216 10.3666 A
94.4209 517.146 31.9553 10.3666 second
129.344 517.146 48.4524 10.3666 alternative
180.821 517.146 42.8661 10.3666 discussed
226.657 517.146 49.4283 10.3666 establishes
279.097 517.146 5.28816 10.3666 a
287.38 517.146 15.8236 10.3666 link
306.223 517.146 39.6314 10.3666 between
348.822 517.146 14.8576 10.3666 the
366.705 517.146 37.2975 10.3666 increase
407.027 517.146 8.31533 10.3666 in
418.31 517.146 14.978 10.3666 the
436.191 517.146 41.2598 10.3666 exposure
480.353 517.146 24.097 10.3666 value
507.475 517.146 16.836 10.3666 and

85.0579 532.624 14.978 10.3666 the
104.253 532.624 60.7509 10.3666 risk-weighted
169.052 532.624 41.1372 10.3666 exposure
214.411 532.624 35.0189 10.3666 amount
253.539 532.624 33.2757 10.3666 treated
290.975 532.624 26.6528 10.3666 under
321.69 532.624 14.8576 10.3666 the
340.765 532.624 14.766 10.3666 IRB
359.601 532.624 43.2591 10.3666 Approach
407.02 532.624 8.97552 10.3666 at
420.092 532.624 10.3224 10.3666 all
434.482 532.624 27.834 10.3666 points
466.514 532.624 8.31312 10.3666 in
478.871 532.624 23.2999 10.3666 time.
506.228 532.624 17.9941 10.3666 This

85.0579 547.981 29.5563 10.3666 option
118.055 547.981 27.876 10.3666 would
149.495 547.981 15.2186 10.3666 not
168.333 547.981 25.8877 10.3666 affect
197.732 547.981 14.978 10.3666 the
216.331 547.981 21.0102 10.3666 total
240.932 547.981 28.4766 10.3666 length
272.971 547.981 9.2471 10.3666 of
285.81 547.981 14.8587 10.3666 the
304.29 547.981 33.2138 10.3666 roll-out
341.124 547.981 32.0403 10.3666 period,
376.763 547.981 26.676 10.3666 which
407.003 547.981 6.83597 10.3666 is
417.441 547.981 8.97552 10.3666 at
430.047 547.981 14.8576 10.3666 the
448.406 547.981 44.4371 10.3666 discretion
496.406 547.981 9.2471 10.3666 of
509.245 547.981 14.978 10.3666 the

85.0469 563.459 49.1788 10.3666 competent
139.282 563.459 51.3537 10.3666 authorities,
195.67 563.459 16.7124 10.3666 and
217.381 563.459 27.8738 10.3666 would
250.254 563.459 17.8152 10.3666 also
273.051 563.459 45.8138 10.3666 guarantee
323.808 563.459 18.3352 10.3666 that
347.247 563.459 50.3965 10.3666 institutions
402.567 563.459 27.8749 10.3666 would
435.441 563.459 15.0983 10.3666 not
455.601 563.459 24.5772 10.3666 make
485.116 563.459 39.0982 10.3666 selective

85.0469 578.937 33.3518 10.3666 choices
121.512 578.937 19.8356 10.3666 with
144.547 578.937 14.8587 10.3666 the
162.662 578.937 36.6981 10.3666 purpose
202.503 578.937 9.2471 10.3666 of
214.978 578.937 38.9193 10.3666 reducing
257.088 578.937 14.978 10.3666 the
275.202 578.937 21.008 10.3666 level
299.316 578.937 9.2471 10.3666 of
311.67 578.937 19.3553 10.3666 own
334.225 578.937 24.9559 10.3666 funds
362.419 578.937 63.6213 10.3666 requirements.
429.134 578.937 43.0803 10.3666 However,
475.329 578.937 16.316 10.3666 this
494.769 578.937 29.4348 10.3666 option

85.0358 594.294 17.5172 10.3666 was
110.239 594.294 49.4758 10.3666 considered
167.362 594.294 9.41822 10.3666 to
184.526 594.294 17.4973 10.3666 lack
209.603 594.294 14.978 10.3666 the
232.287 594.294 44.1203 10.3666 necessary
284.131 594.294 31.1781 10.3666 degree
322.892 594.294 9.24821 10.3666 of
339.813 594.294 40.6228 10.3666 flexibility
388.158 594.294 38.5572 10.3666 required
434.364 594.294 12.8484 10.3666 for
454.876 594.294 14.978 10.3666 the
477.56 594.294 46.6904 10.3666 sequential

85.0358 609.772 72.0371 10.3666 implementation
159.433 609.772 9.2471 10.3666 of
171.068 609.772 14.978 10.3666 the
188.589 609.772 14.7649 10.3666 IRB
205.624 609.772 43.3684 10.3666 Approach
251.473 609.772 28.2359 10.3666 within
282.189 609.772 11.0753 10.3666 an
295.626 609.772 48.8608 10.3666 institution.

85.0358 637.25 10.6768 10.3666 As
98.8403 637.25 5.28816 10.3666 a
107.242 637.25 25.6581 10.3666 result
136.045 637.25 9.24821 10.3666 of
148.407 637.25 24.6987 10.3666 these
176.252 637.25 46.4088 10.3666 difficulties
225.789 637.25 9.41822 10.3666 to
238.394 637.25 31.8118 10.3666 further
273.319 637.25 32.6155 10.3666 impose
309.08 637.25 54.4482 10.3666 quantitative
366.675 637.25 60.8381 10.3666 requirements
430.641 637.25 12.9731 10.3666 for
446.602 637.25 14.978 10.3666 the
464.728 637.25 29.0727 10.3666 design
496.889 637.25 9.2471 10.3666 of
509.249 637.25 14.9791 10.3666 the

85.0358 652.607 33.4556 10.3666 roll-out
120.91 652.607 22.0745 10.3666 plan,
145.503 652.607 24.6987 10.3666 these
172.741 652.607 16.3469 10.3666 RTS
191.577 652.607 36.8195 10.3666 propose
230.936 652.607 5.28816 10.3666 a
238.613 652.607 23.8585 10.3666 more
265.011 652.607 47.4864 10.3666 qualitative
315.037 652.607 42.1518 10.3666 approach
359.669 652.607 44.5541 10.3666 consisting
406.582 652.607 12.1959 10.3666 of:

85.0358 678.739 5.05632 10.6536 
102.082 680.086 5.28816 10.3666 a
110.958 680.086 43.6798 10.3666 high-level
158.226 680.086 38.8509 10.3666 principle
200.698 680.086 43.3541 10.3666 according
247.612 680.086 9.53856 10.3666 to
260.811 680.086 26.6737 10.3666 which
291.049 680.086 49.1799 10.3666 competent
343.728 680.086 48.8376 10.3666 authorities
396.047 680.086 30.0332 10.3666 should
429.643 680.086 19.4149 10.3666 take
452.679 680.086 14.8576 10.3666 the
471.159 680.086 53.0141 10.3666 appropriate

102.071 695.564 32.1518 10.3666 actions
136.621 695.564 9.53856 10.3666 to
148.626 695.564 33.7228 10.3666 reduce,
184.866 695.564 8.31312 10.3666 in
195.661 695.564 5.28816 10.3666 a
203.338 695.564 27.9157 10.3666 timely
233.693 695.564 37.7999 10.3666 manner,
274.01 695.564 15.9186 10.3666 any
292.484 695.564 40.5632 10.3666 potential
335.553 695.564 12.8539 10.3666 for
350.913 695.564 73.9559 10.3666 underestimating
427.346 695.564 14.8576 10.3666 the
444.743 695.564 22.8064 10.3666 risks;

85.0358 721.574 5.05632 10.6536 
102.082 722.921 5.28816 10.3666 a
109.878 722.921 13.5384 10.3666 set
125.834 722.921 9.2471 10.3666 of
137.597 722.921 34.6777 10.3666 reasons
174.802 722.921 18.4578 10.3666 that
195.679 722.921 27.2015 10.3666 justify
225.316 722.921 14.978 10.3666 the
242.833 722.921 39.6358 10.3666 inclusion
284.95 722.921 9.2471 10.3666 of
296.588 722.921 45.5985 10.3666 exposures
344.47 722.921 8.97552 10.3666 at
355.985 722.921 5.28816 10.3666 a
363.779 722.921 20.7673 10.3666 later
387.053 722.921 23.8552 10.3666 stage
413.33 722.921 9.2471 10.3666 of
425.083 722.921 21.2509 10.3666 their
448.84 722.921 33.385 10.3666 roll-out
484.764 722.921 22.1098 10.3666 plan.

85.08 750.936 25.188 11.268 Level
113.04 750.936 10.02 11.268 of
125.76 750.936 54.0612 11.268 application
182.521 750.936 10.02 11.268 of
195.241 750.936 16.176 11.268 the
214.201 750.936 17.868 11.268 RTS

512.88 796.544 11.2387 10.3666 22

85.08 116.743 16.6583 10.3666 The
105.481 116.743 21.0058 10.3666 level
130.076 116.743 9.2471 10.3666 of
143.032 116.743 49.584 10.3666 application
196.3 116.743 9.2471 10.3666 of
209.141 116.743 14.978 10.3666 the
227.861 116.743 17.8749 10.3666 CRR
249.342 116.743 32.2699 10.3666 articles
285.337 116.743 37.1165 10.3666 referred
326.017 116.743 9.53856 10.3666 to
339.338 116.743 8.31533 10.3666 in
351.338 116.743 24.6987 10.3666 these
379.78 116.743 16.3524 10.3666 RTS
399.841 116.743 6.83376 10.3666 is
410.399 116.743 45.996 10.3666 addressed
460.079 116.743 8.31312 10.3666 in
472.076 116.743 33.4744 10.3666 Articles
507.956 116.743 8.40144 10.3666 6,
518.632 116.743 5.59728 10.3666 7

85.069 132.221 16.836 10.3666 and
104.389 132.221 11.2387 10.3666 11
119.271 132.221 9.2471 10.3666 of
132.11 132.221 14.978 10.3666 the
150.709 132.221 20.6592 10.3666 CRR.
174.947 132.221 26.4982 10.3666 These
204.947 132.221 32.3914 10.3666 articles
240.942 132.221 22.4156 10.3666 state
267.1 132.221 18.3385 10.3666 that
289.18 132.221 14.978 10.3666 the
307.781 132.221 60.7178 10.3666 requirements
372.223 132.221 24.3156 10.3666 apply
400.178 132.221 11.6759 10.3666 on
415.539 132.221 21.0367 10.3666 both
440.14 132.221 10.9561 10.3666 an
454.781 132.221 43.4369 10.3666 individual
501.927 132.221 22.1904 10.3666 basis

85.069 147.577 16.8327 10.3666 and
106.547 147.577 5.28816 10.3666 a
116.505 147.577 57.5085 10.3666 consolidated
178.659 147.577 22.1904 10.3666 basis
205.293 147.577 28.5395 10.3666 where
238.536 147.577 48.226 10.3666 applicable,
291.443 147.577 29.8588 10.3666 except
325.883 147.577 28.5406 10.3666 where
359.007 147.577 49.1788 10.3666 competent
412.889 147.577 48.5937 10.3666 authorities
466.166 147.577 21.4551 10.3666 have
492.325 147.577 31.9509 10.3666 waived

85.069 163.056 49.701 10.3666 application
137.252 163.056 11.677 10.3666 on
151.43 163.056 11.0731 10.3666 an
165.106 163.056 43.3199 10.3666 individual
211.053 163.056 22.1915 10.3666 basis
235.886 163.056 8.31312 10.3666 in
246.681 163.056 51.0942 10.3666 accordance
300.317 163.056 19.9537 10.3666 with
322.755 163.056 29.1357 10.3666 Article
354.346 163.056 17.8649 10.3666 7(1)
374.748 163.056 9.2471 10.3666 of
386.501 163.056 14.978 10.3666 the
404.019 163.056 20.6735 10.3666 CRR.
427.188 163.056 47.1585 10.3666 Therefore,
476.986 163.056 11.4584 10.3666 no
491.023 163.056 33.2238 10.3666 specific

85.069 178.534 45.7166 10.3666 provisions
133.913 178.534 21.4573 10.3666 have
158.398 178.534 22.5956 10.3666 been
184.081 178.534 36.2123 10.3666 forecast
223.433 178.534 8.31643 10.3666 in
234.838 178.534 32.9169 10.3666 Section
270.243 178.534 5.59728 10.3666 4
278.887 178.534 9.2471 10.3666 of
291.132 178.534 16.3171 10.3666 this
310.576 178.534 45.699 10.3666 document
359.3 178.534 9.53856 10.3666 to
371.906 178.534 31.0412 10.3666 specify
406.11 178.534 39.2185 10.3666 different
448.231 178.534 45.8193 10.3666 treatment
497.076 178.534 9.2471 10.3666 of
509.321 178.534 14.978 10.3666 the

85.08 193.89 60.837 10.3666 requirements
148.317 193.89 11.6759 10.3666 on
162.474 193.89 11.0764 10.3666 an
176.031 193.89 43.3276 10.3666 individual
221.867 193.89 16.836 10.3666 and
241.184 193.89 57.5162 10.3666 consolidated
301.181 193.89 24.8797 10.3666 basis.

85.08 222.925 54.6811 10.3555 Explanatory
142.326 222.925 16.8316 10.3555 box
161.647 222.925 13.2723 10.3555 for
177.356 222.925 57.0569 10.3555 consultation
236.889 222.925 41.8582 10.3555 purposes

85.08 250.303 10.6768 10.3666 As
100.916 250.303 11.0731 10.3666 an
117.108 250.303 48.5727 10.3666 alternative
170.859 250.303 9.41822 10.3666 to
185.494 250.303 14.978 10.3666 the
205.534 250.303 42.6376 10.3666 proposed
253.291 250.303 45.029 10.3666 approach,
303.476 250.303 14.8587 10.3666 the
323.396 250.303 17.7921 10.3666 EBA
346.312 250.303 27.8716 10.3666 would
379.188 250.303 40.6526 10.3666 welcome
425.018 250.303 25.0774 10.3666 views
455.255 250.303 9.59597 10.3666 as
470.01 250.303 9.53856 10.3666 to
484.766 250.303 19.4138 10.3666 how
509.241 250.303 14.978 10.3666 the

85.08 265.783 54.5773 10.3666 quantitative
144.12 265.783 47.2766 10.3666 thresholds
195.959 265.783 44.7959 10.3666 contained
245.279 265.783 28.2359 10.3666 within
278.039 265.783 24.6976 10.3666 these
307.319 265.783 40.328 10.3666 technical
352.197 265.783 44.0364 10.3666 standards
400.796 265.783 30.0365 10.3666 should
435.356 265.783 11.2586 10.3666 be
451.076 265.783 49.701 10.3666 structured.
505.314 265.783 18.8983 10.3666 Two

85.08 281.263 33.8365 10.3666 options
121.317 281.263 21.4573 10.3666 have
145.313 281.263 22.5956 10.3666 been
170.27 281.263 45.7983 10.3666 identified:

85.08 308.623 8.42352 10.3666 1.
102.126 308.623 24.3211 10.3666 apply
131.051 308.623 38.2878 10.3666 identical
173.89 308.623 54.3367 10.3666 quantitative
232.808 308.623 47.3958 10.3666 thresholds
284.648 308.623 11.6759 10.3666 on
300.847 308.623 5.28816 10.3666 a
310.686 308.623 57.3959 10.3666 consolidated
372.605 308.623 22.1959 10.3666 basis
399.363 308.623 16.836 10.3666 and
420.722 308.623 11.0764 10.3666 an
436.329 308.623 43.438 10.3666 individual
484.315 308.623 22.1904 10.3666 basis
511.068 308.623 13.089 10.3666 for

102.12 324.103 50.5168 10.3666 institutions
157.554 324.103 18.4589 10.3666 that
180.954 324.103 14.4977 10.3666 are
200.508 324.103 15.2186 10.3666 not
220.663 324.103 32.2589 10.3666 subject
257.863 324.103 9.53746 10.3666 to
272.383 324.103 57.3959 10.3666 consolidated
334.663 324.103 19.4757 10.3666 own
359.137 324.103 24.957 10.3666 funds
389.131 324.103 63.48 10.3666 requirements,
457.532 324.103 15.0983 10.3666 but
477.685 324.103 46.5215 10.3666 separately

102.12 339.583 34.2361 10.3666 defined
141.354 339.583 54.4581 10.3666 quantitative
200.755 339.583 47.2755 10.3666 thresholds
252.954 339.583 11.6759 10.3666 on
269.634 339.583 11.0753 10.3666 an
285.709 339.583 43.4479 10.3666 individual
334.063 339.583 22.0767 10.3666 basis
361.177 339.583 13.0934 10.3666 for
379.171 339.583 50.3965 10.3666 institutions
434.486 339.583 18.4578 10.3666 that
457.886 339.583 14.4977 10.3666 are
477.44 339.583 32.2578 10.3666 subject
514.754 339.583 9.41822 10.3666 to

102.12 354.943 57.5129 10.3666 consolidated
161.997 354.943 19.596 10.3666 own
184.073 354.943 24.9559 10.3666 funds
211.55 354.943 60.7167 10.3666 requirements
274.666 354.943 31.7775 10.3666 (where
308.983 354.943 51.8151 10.3666 applicable);

85.08 382.423 8.42352 10.3666 2.
102.126 382.423 43.4446 10.3666 individual
148.444 382.423 54.457 10.3666 quantitative
205.684 382.423 47.2766 10.3666 thresholds
255.846 382.423 12.9731 10.3666 for
271.567 382.423 50.3965 10.3666 institutions
324.726 382.423 18.4578 10.3666 that
345.966 382.423 14.617 10.3666 are
363.487 382.423 32.2578 10.3666 subject
398.528 382.423 9.53856 10.3666 to
410.768 382.423 19.596 10.3666 own
433.09 382.423 24.957 10.3666 funds
460.931 382.423 63.353 10.3666 requirements,

102.12 397.903 34.2295 10.3666 defined
138.953 397.903 8.31312 10.3666 in
149.868 397.903 26.1593 10.3666 terms
178.669 397.903 9.2471 10.3666 of
190.544 397.903 14.8576 10.3666 the
208.062 397.903 57.5074 10.3666 consolidated
268.173 397.903 54.3312 10.3666 quantitative
325.164 397.903 47.2755 10.3666 thresholds
375.082 397.903 31.7786 10.3666 (where
409.521 397.903 45.5654 10.3666 applicable
457.747 397.903 13.46 10.3666 i.e.
473.824 397.903 50.3888 10.3666 institutions

102.12 413.263 15.4825 10.3666 will
120.473 413.263 11.2575 10.3666 be
134.634 413.263 36.7621 10.3666 deemed
174.242 413.263 9.41822 10.3666 to
186.605 413.263 32.4786 10.3666 comply
221.882 413.263 11.6759 10.3666 on
236.404 413.263 11.0731 10.3666 an
250.323 413.263 43.4369 10.3666 individual
296.63 413.263 22.1904 10.3666 basis
321.706 413.263 8.63328 10.3666 if,
333.121 413.263 16.7135 10.3666 and
352.679 413.263 19.1577 10.3666 only
374.757 413.263 8.63328 10.3666 if,
386.157 413.263 19.8808 10.3666 they
408.957 413.263 32.4808 10.3666 comply
444.236 413.263 11.6759 10.3666 on
458.757 413.263 5.28816 10.3666 a
466.797 413.263 57.5162 10.3666 consolidated

102.12 428.743 28.3375 10.3666 basis).

85.08 456.223 16.6583 10.3666 The
107.28 456.223 46.6484 10.3666 advantage
159.471 456.223 9.24821 10.3666 of
174.228 456.223 14.8576 10.3666 the
194.641 456.223 29.436 10.3666 option
229.56 456.223 42.6365 10.3666 proposed
277.681 456.223 8.31643 10.3666 in
291.481 456.223 14.978 10.3666 the
312.001 456.223 16.3458 10.3666 RTS
333.72 456.223 16.942 10.3666 (i.e.
356.159 456.223 49.712 10.3666 application
411.355 456.223 9.2471 10.3666 of
426.111 456.223 38.0394 10.3666 identical
469.66 456.223 54.4471 10.3666 quantitative

85.08 471.583 47.3969 10.3666 thresholds
136.8 471.583 11.6759 10.3666 on
152.878 471.583 5.28816 10.3666 a
162.596 471.583 57.3959 10.3666 consolidated
224.395 471.583 16.836 10.3666 and
245.634 471.583 43.4479 10.3666 individual
293.512 471.583 25.5499 10.3666 basis)
323.511 471.583 6.83376 10.3666 is
334.786 471.583 18.4556 10.3666 that
357.702 471.583 6.21552 10.3666 it
368.377 471.583 29.9968 10.3666 results
402.816 471.583 8.31312 10.3666 in
415.53 471.583 5.28816 10.3666 a
425.246 471.583 21.0058 10.3666 level
450.561 471.583 32.0723 10.3666 playing
487.032 471.583 19.7064 10.3666 field
511.14 471.583 13.0901 10.3666 for

85.08 487.063 43.438 10.3666 individual
135.948 487.063 50.5091 10.3666 institutions
193.901 487.063 8.31312 10.3666 in
209.5 487.063 5.28816 10.3666 a
222.218 487.063 24.033 10.3666 given
253.655 487.063 52.578 10.3666 jurisdiction.
313.652 487.063 42.9633 10.3666 However,
364.056 487.063 49.5851 10.3666 application
421.046 487.063 9.24821 10.3666 of
437.603 487.063 24.6987 10.3666 these
469.764 487.063 54.4493 10.3666 quantitative

85.08 502.543 47.3958 10.3666 thresholds
135.96 502.543 11.6759 10.3666 on
151.199 502.543 11.0731 10.3666 an
165.834 502.543 38.2812 10.3666 identical
207.703 502.543 22.1904 10.3666 basis
233.496 502.543 9.53856 10.3666 to
246.696 502.543 10.3224 10.3666 all
260.606 502.543 42.4786 10.3666 members
306.687 502.543 9.2471 10.3666 of
319.522 502.543 5.28816 10.3666 a
328.279 502.543 26.4386 10.3666 group
358.28 502.543 26.0147 10.3666 might
387.962 502.543 28.5384 10.3666 inhibit
420.121 502.543 49.1788 10.3666 competent
472.92 502.543 51.3603 10.3666 authorities’

85.08 518.023 27.3096 10.3666 ability
116.392 518.023 9.41822 10.3666 to
129.835 518.023 24.9979 10.3666 reach
158.76 518.023 5.28816 10.3666 a
168 518.023 20.3765 10.3666 joint
192.362 518.023 36.8703 10.3666 decision
233.161 518.023 26.6528 10.3666 under
263.766 518.023 29.0153 10.3666 Article
295.193 518.023 11.2376 10.3666 20
310.315 518.023 9.2471 10.3666 of
323.396 518.023 14.9791 10.3666 the
342.357 518.023 17.8738 10.3666 CRR
364.078 518.023 24.9912 10.3666 when
392.993 518.023 14.8587 10.3666 the
411.834 518.023 47.2777 10.3666 thresholds
463.075 518.023 14.6181 10.3666 are
481.557 518.023 17.9786 10.3666 met
503.4 518.023 11.6759 10.3666 on
518.999 518.023 5.28816 10.3666 a

85.08 533.383 57.5074 10.3666 consolidated
146.868 533.383 22.1915 10.3666 basis
173.26 533.383 15.2186 10.3666 but
192.816 533.383 15.2186 10.3666 not
212.373 533.383 8.31312 10.3666 in
224.967 533.383 43.4369 10.3666 individual
272.709 533.383 50.3921 10.3666 institutions
327.301 533.383 9.73397 10.3666 or
341.223 533.383 17.7347 10.3666 vice
363.178 533.383 26.6395 10.3666 versa,
394.134 533.383 16.8338 10.3666 and
415.198 533.383 26.0136 10.3666 might
445.437 533.383 11.2575 10.3666 be
461.033 533.383 49.4758 10.3666 considered
514.79 533.383 9.47232 10.3666 as

85.08 548.863 75.6991 10.3666 disproportionate
164.4 548.863 9.53856 10.3666 to
177.6 548.863 14.8587 10.3666 the
196.079 548.863 26.2421 10.3666 policy
225.959 548.863 41.018 10.3666 objective
270.598 548.863 9.2471 10.3666 of
283.437 548.863 24.6976 10.3666 these
311.755 548.863 19.1014 10.3666 RTS.
334.434 548.863 17.9963 10.3666 This
356.033 548.863 36.1549 10.3666 concern
395.751 548.863 24.5154 10.3666 could
423.83 548.863 11.2586 10.3666 be
438.71 548.863 46.1152 10.3666 addressed
488.388 548.863 35.912 10.3666 through

85.08 564.343 29.5552 10.3666 option
116.997 564.343 8.40144 10.3666 2,
130.2 564.343 26.6748 10.3666 which
161.763 564.343 27.7557 10.3666 would
194.406 564.343 11.2575 10.3666 be
210.489 564.343 46.0578 10.3666 consistent
261.368 564.343 19.9559 10.3666 with
286.212 564.343 14.978 10.3666 the
306.017 564.343 20.9738 10.3666 right
331.816 564.343 9.2471 10.3666 of
345.979 564.343 50.3965 10.3666 institutions
401.178 564.343 9.53856 10.3666 to
415.582 564.343 23.4986 10.3666 meet
443.905 564.343 31.2355 10.3666 certain
480.029 564.343 24.6126 10.3666 other
509.554 564.343 14.766 10.3666 IRB

85.08 579.703 60.837 10.3666 requirements
149.159 579.703 11.6759 10.3666 on
164.156 579.703 5.28816 10.3666 a
172.793 579.703 57.3959 10.3666 consolidated
233.508 579.703 22.1959 10.3666 basis
259.064 579.703 21.8614 10.3666 only.
284.259 579.703 30.8712 10.3666 Option
317.638 579.703 5.59728 10.3666 2
326.514 579.703 27.8738 10.3666 would
357.708 579.703 38.5947 10.3666 arguably
399.698 579.703 11.2575 10.3666 be
414.218 579.703 41.3669 10.3666 sufficient
458.963 579.703 9.53856 10.3666 to
471.919 579.703 34.0551 10.3666 achieve
509.353 579.703 14.8587 10.3666 the

85.08 595.183 36.8184 10.3666 purpose
124.56 595.183 9.2471 10.3666 of
136.439 595.183 24.6987 10.3666 these
163.8 595.183 19.1997 10.3666 RTS,
185.639 595.183 13.5825 10.3666 i.e.
201.839 595.183 18.3385 10.3666 that
222.96 595.183 68.8708 10.3666 ‘cherry-picking’
294.47 595.183 30.0365 10.3666 should
326.991 595.183 11.2575 10.3666 be
341.03 595.183 48.9856 10.3666 prevented.
392.754 595.183 42.9677 10.3666 However,
438.36 595.183 29.436 10.3666 option
470.277 595.183 5.59728 10.3666 2
478.435 595.183 27.876 10.3666 would
508.917 595.183 15.339 10.3666 not

85.08 610.663 28.5373 10.3666 create
119.525 610.663 5.28816 10.3666 a
130.686 610.663 26.018 10.3666 direct
162.601 610.663 15.8236 10.3666 link
184.315 610.663 39.5155 10.3666 between
229.675 610.663 14.9769 10.3666 the
250.669 610.663 36.156 10.3666 position
292.67 610.663 9.2471 10.3666 of
307.783 610.663 11.0764 10.3666 an
324.818 610.663 43.3276 10.3666 individual
374.133 610.663 46.1152 10.3666 institution
426.206 610.663 16.836 10.3666 and
448.766 610.663 14.978 10.3666 the
469.761 610.663 54.3367 10.3666 quantitative

85.08 626.023 43.1156 10.3666 threshold
131.395 626.023 35.9021 10.3666 applied.
170.51 626.023 30.9959 10.3666 Option
203.76 626.023 5.59728 10.3666 1
212.636 626.023 24.6336 10.3666 could
240.468 626.023 34.1754 10.3666 provide
277.901 626.023 11.0731 10.3666 an
292.174 626.023 48.5716 10.3666 alternative
343.887 626.023 18.1983 10.3666 way
365.359 626.023 35.7972 10.3666 forward
404.355 626.023 9.59376 10.3666 as
417.186 626.023 6.21552 10.3666 it
426.659 626.023 27.6331 10.3666 would
457.49 626.023 24.0849 10.3666 allow
484.836 626.023 39.33 10.3666 different

85.08 641.503 47.3969 10.3666 thresholds
134.998 641.503 9.41822 10.3666 to
147.117 641.503 11.2586 10.3666 be
160.916 641.503 16.2001 10.3666 set,
179.755 641.503 39.6314 10.3666 although
221.989 641.503 24.8179 10.3666 these
249.347 641.503 27.7557 10.3666 would
279.705 641.503 22.5956 10.3666 need
304.783 641.503 9.41822 10.3666 to
316.901 641.503 11.1383 10.3666 be
330.7 641.503 60.5577 10.3666 appropriately
393.816 641.503 47.5316 10.3666 calibrated.
443.846 641.503 17.9941 10.3666 This
464.482 641.503 29.4326 10.3666 option
496.398 641.503 27.7535 10.3666 would

85.08 657.103 15.3379 10.3666 not
102.957 657.103 39.2527 10.3666 however
144.593 657.103 34.7959 10.3666 address
181.793 657.103 14.978 10.3666 the
199.31 657.103 36.0357 10.3666 concern
237.827 657.103 26.2586 10.3666 about
266.624 657.103 51.9211 10.3666 consistency
320.981 657.103 8.1961 10.3666 in
331.657 657.103 14.978 10.3666 the
349.174 657.103 20.3787 10.3666 joint
372.091 657.103 36.8758 10.3666 decision
411.331 657.103 32.6806 10.3666 making
446.368 657.103 36.9818 10.3666 process.

85.08 686.376 34.524 11.256 Impact
122.4 686.376 10.272 11.256 of
135.36 686.376 16.716 11.256 the
154.68 686.376 48.5868 11.256 proposals

85.08 712.543 49.1148 10.3666 Permission
137.884 712.543 13.089 10.3666 for
154.56 712.543 14.766 10.3666 IRB
173.036 712.543 50.2717 10.3666 institutions
227.031 712.543 57.3186 10.3666 permanently
288.11 712.543 30.7309 10.3666 and/or
322.55 712.543 52.5173 10.3666 temporarily
378.722 712.543 9.53856 10.3666 to
392.047 712.543 15.4527 10.3666 use
411.246 712.543 14.8576 10.3666 the
429.846 712.543 11.4319 10.3666 SA
444.966 712.543 6.71674 10.3666 is
455.407 712.543 15.3379 10.3666 not
474.487 712.543 19.0528 10.3666 new
497.287 712.543 8.31533 10.3666 in
509.288 712.543 14.8576 10.3666 the

85.08 728.021 46.4453 10.3666 prudential
134.634 728.021 45.8723 10.3666 regulation
183.473 728.021 9.2471 10.3666 of
195.844 728.021 25.8987 10.3666 credit
224.88 728.021 53.1797 10.3666 institutions.
281.161 728.021 42.96 10.3666 However,
327.126 728.021 14.9791 10.3666 the
345.252 728.021 22.4763 10.3666 need
370.693 728.021 9.53856 10.3666 to
383.297 728.021 25.7784 10.3666 adapt
412.098 728.021 9.53856 10.3666 to
424.704 728.021 5.28816 10.3666 a
433.108 728.021 19.0528 10.3666 new
455.308 728.021 13.418 10.3666 set
471.747 728.021 9.2471 10.3666 of
483.987 728.021 40.328 10.3666 technical

85.08 743.377 44.0364 10.3666 standards
132.475 743.377 10.138 10.3666 so
146.031 743.377 18.3396 10.3666 that
167.749 743.377 14.9791 10.3666 the
185.989 743.377 49.1788 10.3666 competent
238.546 743.377 41.241 10.3666 authority
283.182 743.377 15.4836 10.3666 will
302.014 743.377 29.978 10.3666 permit
335.37 743.377 23.7018 10.3666 them
362.486 743.377 9.41822 10.3666 to
375.323 743.377 15.5785 10.3666 use
394.279 743.377 14.8576 10.3666 the
412.515 743.377 11.4319 10.3666 SA
427.309 743.377 15.4825 10.3666 will
446.021 743.377 22.6585 10.3666 most
472.057 743.377 22.9919 10.3666 likely
498.444 743.377 25.7718 10.3666 affect

85.069 758.856 24.458 10.3666 some
112.073 758.856 53.1797 10.3666 institutions.

512.869 796.535 11.2387 10.3666 23

85.08 117.216 29.46 11.268 Direct
117.36 117.216 55.776 11.268 compliance
175.92 117.216 24.852 11.268 costs

85.08 143.383 16.6572 10.3666 The
107.279 143.383 22.7965 10.3666 costs
135.599 143.383 33.7548 10.3666 derived
174.839 143.383 21.7786 10.3666 from
202.197 143.383 46.0048 10.3666 complying
253.683 143.383 19.9559 10.3666 with
279.001 143.383 16.316 10.3666 this
300.846 143.383 45.8734 10.3666 regulation
352.204 143.383 15.4825 10.3666 will
373.195 143.383 36.7201 10.3666 depend,
415.435 143.383 27.9555 10.3666 firstly,
448.792 143.383 11.6759 10.3666 on
465.951 143.383 37.9334 10.3666 whether
509.394 143.383 14.8576 10.3666 the

85.08 158.861 49.1788 10.3666 competent
140.276 158.861 41.3614 10.3666 authority
187.55 158.861 15.3566 10.3666 has
208.785 158.861 45.1569 10.3666 permitted
259.786 158.861 14.978 10.3666 the
280.781 158.861 43.4479 10.3666 individual
330.095 158.861 46.2377 10.3666 institution
382.171 158.861 9.53856 10.3666 to
397.647 158.861 24.3211 10.3666 apply
428.001 158.861 14.8587 10.3666 the
448.756 158.861 11.4319 10.3666 SA
466.151 158.861 9.53856 10.3666 to
481.746 158.861 10.4372 10.3666 its
498.181 158.861 25.8987 10.3666 credit

85.08 174.217 48.3552 10.3666 exposures,
135.952 174.217 21.0356 10.3666 both
159.352 174.217 11.6759 10.3666 on
173.509 174.217 5.28816 10.3666 a
181.307 174.217 49.7772 10.3666 permanent
233.623 174.217 16.836 10.3666 and
252.94 174.217 5.28816 10.3666 a
260.736 174.217 47.3605 10.3666 temporary
310.653 174.217 24.8808 10.3666 basis.

85.069 201.696 10.6768 10.3666 As
100.783 201.696 5.28816 10.3666 a
111.095 201.696 31.9564 10.3666 second
148.05 201.696 29.16 10.3666 driver,
182.244 201.696 28.4181 10.3666 where
215.749 201.696 14.978 10.3666 the
235.798 201.696 15.5785 10.3666 use
256.321 201.696 9.2471 10.3666 of
270.596 201.696 14.978 10.3666 the
290.634 201.696 11.4319 10.3666 SA
307.068 201.696 15.3566 10.3666 has
327.463 201.696 22.5956 10.3666 been
355.058 201.696 47.8816 10.3666 permitted,
407.974 201.696 14.8587 10.3666 the
427.889 201.696 28.7813 10.3666 extent
461.733 201.696 9.53856 10.3666 to
476.374 201.696 26.6726 10.3666 which
508.044 201.696 16.1968 10.3666 this

85.069 217.174 49.2362 10.3666 permission
136.786 217.174 15.3555 10.3666 has
154.663 217.174 22.4763 10.3666 been
179.62 217.174 21.3955 10.3666 used
203.26 217.174 15.488 10.3666 will
221.257 217.174 11.2586 10.3666 be
235.055 217.174 33.9966 10.3666 depend
271.532 217.174 23.195 10.3666 upon
297.209 217.174 14.978 10.3666 the
314.606 217.174 44.1777 10.3666 following.

102.115 244.388 5.0784 10.1568 •
119.039 245.138 45.0355 10.3666 Regarding
168.35 245.138 14.978 10.3666 the
187.55 245.138 49.8975 10.3666 permanent
241.544 245.138 15.5774 10.3666 use
261.339 245.138 9.2471 10.3666 of
274.775 245.138 14.978 10.3666 the
294.095 245.138 14.1599 10.3666 SA,
312.482 245.138 25.0575 10.3666 those
341.759 245.138 50.2773 10.3666 institutions
396.242 245.138 26.676 10.3666 which
427.199 245.138 21.4584 10.3666 have
452.875 245.138 33.1564 10.3666 applied
490.204 245.138 14.978 10.3666 the
509.4 245.138 14.766 10.3666 IRB

119.039 260.616 43.3552 10.3666 Approach
165.12 260.616 9.53856 10.3666 to
177.48 260.616 14.978 10.3666 the
195.12 260.616 18.3374 10.3666 vast
216.119 260.616 37.5172 10.3666 majority
256.443 260.616 9.2471 10.3666 of
268.444 260.616 21.3734 10.3666 their
292.567 260.616 25.8987 10.3666 credit
321.249 260.616 45.4727 10.3666 exposures
369.485 260.616 15.4825 10.3666 will
387.716 260.616 22.6585 10.3666 most
413.158 260.616 22.993 10.3666 likely
438.951 260.616 15.2186 10.3666 not
457.073 260.616 11.1383 10.3666 be
471.115 260.616 52.9876 10.3666 significantly

119.039 276.095 37.2368 10.3666 affected
160.558 276.095 10.7607 10.3666 by
175.676 276.095 24.6987 10.3666 these
204.835 276.095 19.1003 10.3666 RTS.
228.352 276.095 16.5368 10.3666 The
249.349 276.095 42.6365 10.3666 proposed
296.266 276.095 21.9564 10.3666 rules
322.545 276.095 23.9734 10.3666 allow
350.978 276.095 11.4352 10.3666 up
366.816 276.095 9.53856 10.3666 to
378.832 276.095 19.0539 10.3666 24%
402.23 276.095 9.2471 10.3666 of
415.789 276.095 14.978 10.3666 the
435.107 276.095 13.418 10.3666 set
452.867 276.095 9.2471 10.3666 of
466.423 276.095 21.3403 10.3666 (IRB)
492.215 276.095 32.0061 10.3666 eligible

119.028 291.451 45.5985 10.3666 exposures
168.472 291.451 9.41822 10.3666 to
181.794 291.451 11.2586 10.3666 be
196.796 291.451 45.1558 10.3666 exempted
245.758 291.451 21.7808 10.3666 from
271.441 291.451 14.766 10.3666 IRB
290.043 291.451 45.5786 10.3666 treatment
339.486 291.451 26.6528 10.3666 under
369.967 291.451 29.1401 10.3666 Article
401.508 291.451 40.8944 10.3666 150(1)(a)
446.26 291.451 9.41822 10.3666 to
459.582 291.451 11.2597 10.3666 (c)
474.582 291.451 9.2471 10.3666 of
487.665 291.451 14.978 10.3666 the
506.386 291.451 17.8749 10.3666 CRR

119.017 306.929 18.6984 10.3666 (not
141.812 306.929 56.9609 10.3666 cumulatively
202.887 306.929 15.2186 10.3666 but
220.651 306.929 13.4136 10.3666 8%
238.171 306.929 26.6539 10.3666 under
269.006 306.929 21.2763 10.3666 each
294.321 306.929 23.1597 10.3666 one),
321.579 306.929 26.676 10.3666 which
352.414 306.929 29.9162 10.3666 should
386.489 306.929 34.1787 10.3666 provide
424.764 306.929 5.28816 10.3666 a
434.24 306.929 41.3779 10.3666 sufficient
479.715 306.929 31.2951 10.3666 degree
514.992 306.929 9.2471 10.3666 of

119.017 322.407 40.7431 10.3666 flexibility
162.338 322.407 8.31643 10.3666 in
173.135 322.407 62.1994 10.3666 implementing
237.818 322.407 14.8565 10.3666 the
255.214 322.407 14.766 10.3666 IRB
272.492 322.407 45.9849 10.3666 Approach.

102.093 349.621 5.0784 10.1568 •
119.017 350.372 45.0399 10.3666 Regarding
167.02 350.372 14.978 10.3666 the
185.023 350.372 47.4819 10.3666 temporary
235.546 350.372 15.4571 10.3666 use
254.028 350.372 9.2471 10.3666 of
266.271 350.372 14.8587 10.3666 the
284.154 350.372 14.1599 10.3666 SA,
301.317 350.372 14.978 10.3666 the
319.32 350.372 42.8992 10.3666 minimum
365.161 350.372 14.766 10.3666 IRB
382.919 350.372 40.7773 10.3666 coverage
426.722 350.372 38.4347 10.3666 required
468.124 350.372 43.4777 10.3666 according
514.565 350.372 9.53856 10.3666 to

119.017 365.85 14.978 10.3666 the
136.656 365.85 42.6365 10.3666 proposed
181.894 365.85 20.8877 10.3666 legal
205.413 365.85 17.6209 10.3666 text
225.694 365.85 16.8216 10.3666 (i.e.
245.016 365.85 22.4256 10.3666 50%)
270.099 365.85 29.9162 10.3666 should
302.623 365.85 43.6588 10.3666 represent
348.943 365.85 32.5327 10.3666 neither
384.101 365.85 5.28816 10.3666 a
392.018 365.85 36.0368 10.3666 concern
430.657 365.85 12.9742 10.3666 for
446.257 365.85 25.0575 10.3666 those
473.856 365.85 50.3965 10.3666 institutions

119.028 381.328 18.4589 10.3666 that
140.269 381.328 21.5788 10.3666 have
164.63 381.328 33.0814 10.3666 already
200.51 381.328 38.1962 10.3666 received
241.431 381.328 49.2362 10.3666 permission
293.39 381.328 9.41822 10.3666 to
305.63 381.328 15.5774 10.3666 use
323.99 381.328 14.978 10.3666 the
341.75 381.328 14.766 10.3666 IRB
359.148 381.328 43.3552 10.3666 Approach
405.227 381.328 15.4924 10.3666 nor
423.467 381.328 11.0753 10.3666 an
437.267 381.328 51.7279 10.3666 operational
491.746 381.328 32.4366 10.3666 burden

119.028 396.684 13.089 10.3666 for
134.745 396.684 25.0586 10.3666 those
162.346 396.684 26.6726 10.3666 which
191.622 396.684 14.617 10.3666 are
208.899 396.684 38.4347 10.3666 planning
249.933 396.684 9.53746 10.3666 to
262.17 396.684 24.3156 10.3666 apply
289.163 396.684 12.9731 10.3666 for
304.764 396.684 51.8593 10.3666 permission.
359.148 396.684 49.1644 10.3666 Qualitative
410.973 396.684 31.8062 10.3666 criteria
445.407 396.684 18.4556 10.3666 that
466.404 396.684 27.6342 10.3666 would
496.641 396.684 27.3152 10.3666 justify

119.028 412.163 50.5599 10.3666 postponing
174.699 412.163 14.978 10.3666 the
194.983 412.163 33.2116 10.3666 roll-out
233.369 412.163 9.12787 10.3666 of
247.763 412.163 14.978 10.3666 the
267.92 412.163 14.766 10.3666 IRB
287.952 412.163 71.9079 10.3666 implementation
364.982 412.163 14.617 10.3666 are
384.781 412.163 14.978 10.3666 the
405.058 412.163 35.2596 10.3666 product
445.496 412.163 9.2471 10.3666 of
459.892 412.163 14.978 10.3666 the
479.932 412.163 44.3024 10.3666 validation

119.006 427.641 49.3002 10.3666 experience
174.924 427.641 30.031 10.3666 gained
211.4 427.641 22.7777 10.3666 since
240.56 427.641 14.978 10.3666 the
262.162 427.641 17.738 10.3666 first
286.403 427.641 71.9157 10.3666 implementation
364.765 427.641 9.2471 10.3666 of
380.487 427.641 14.766 10.3666 IRB
401.727 427.641 32.7568 10.3666 models
440.969 427.641 26.6528 10.3666 under
474.211 427.641 18.5494 10.3666 CRD
495.315 427.641 5.52 10.3666 I,
507.316 427.641 16.836 10.3666 and

118.995 442.997 42.822 10.3666 therefore
164.356 442.997 29.9129 10.3666 should
196.75 442.997 24.7329 10.3666 cover
223.989 442.997 14.8587 10.3666 the
241.27 442.997 22.4697 10.3666 main
266.221 442.997 30.7177 10.3666 drivers
299.342 442.997 9.2471 10.3666 of
311.095 442.997 36.1659 10.3666 roll-out.

85.0358 470.476 33.3596 10.3666 Clearly,
121.158 470.476 8.31643 10.3666 in
132.319 470.476 23.9965 10.3666 cases
159.079 470.476 28.534 10.3666 where
190.396 470.476 14.9791 10.3666 the
208.158 470.476 49.1788 10.3666 competent
260.241 470.476 48.597 10.3666 authorities
311.722 470.476 21.3381 10.3666 have
335.964 470.476 45.0322 10.3666 permitted
383.842 470.476 26.1692 10.3666 larger
412.76 470.476 29.0352 10.3666 shares
444.561 470.476 9.12787 10.3666 of
456.565 470.476 41.2598 10.3666 exposure
500.607 470.476 9.53856 10.3666 to
512.967 470.476 11.2575 10.3666 be

85.0469 485.954 33.396 10.3666 treated
121.643 485.954 26.6528 10.3666 under
151.64 485.954 14.978 10.3666 the
169.876 485.954 11.4319 10.3666 SA
184.632 485.954 20.5565 10.3666 than
208.389 485.954 14.978 10.3666 the
226.629 485.954 21.4761 10.3666 ones
251.466 485.954 33.396 10.3666 implied
288.182 485.954 10.6415 10.3666 by
302.218 485.954 24.6987 10.3666 these
330.175 485.954 19.1997 10.3666 RTS,
352.73 485.954 14.8576 10.3666 the
370.966 485.954 50.3976 10.3666 institutions
424.607 485.954 27.7557 10.3666 would
455.684 485.954 11.2575 10.3666 be
470.32 485.954 41.198 10.3666 expected
514.718 485.954 9.41822 10.3666 to

85.0469 501.311 48.9337 10.3666 implement
137.724 501.311 14.978 10.3666 the
156.446 501.311 44.1203 10.3666 necessary
204.205 501.311 44.9968 10.3666 additional
253.033 501.311 34.9239 10.3666 internal
291.67 501.311 30.594 10.3666 ratings
325.868 501.311 32.7535 10.3666 models
362.372 501.311 9.53856 10.3666 to
375.691 501.311 32.4819 10.3666 comply
411.932 501.311 19.9515 10.3666 with
435.687 501.311 24.6987 10.3666 these
464.128 501.311 19.2217 10.3666 RTS.
487.168 501.311 8.556 10.3666 In
499.408 501.311 24.8179 10.3666 these

85.0469 516.789 26.8824 10.3666 cases,
114.812 516.789 39.7506 10.3666 although
157.53 516.789 14.978 10.3666 the
175.413 516.789 35.2927 10.3666 number
213.695 516.789 9.2471 10.3666 of
225.818 516.789 19.044 10.3666 new
247.764 516.789 30.5963 10.3666 ratings
281.244 516.789 32.7568 10.3666 models
316.887 516.789 9.41822 10.3666 to
329.247 516.789 11.2575 10.3666 be
343.53 516.789 60.0355 10.3666 implemented
406.533 516.789 6.83597 10.3666 is
416.256 516.789 15.2186 10.3666 not
434.376 516.789 41.1991 10.3666 expected
478.421 516.789 9.41712 10.3666 to
490.904 516.789 11.1383 10.3666 be
504.943 516.789 19.2814 10.3666 very

85.0469 532.267 21.9586 10.3666 high,
110.483 532.267 14.978 10.3666 the
128.961 532.267 26.0191 10.3666 direct
158.479 532.267 51.2179 10.3666 compliance
213.197 532.267 22.7965 10.3666 costs
239.474 532.267 15.4836 10.3666 will
258.428 532.267 19.2814 10.3666 very
281.107 532.267 25.116 10.3666 much
309.666 532.267 33.9955 10.3666 depend
347.103 532.267 11.6759 10.3666 on
362.22 532.267 14.9791 10.3666 the
380.699 532.267 19.8985 10.3666 type
404.097 532.267 9.24821 10.3666 of
416.697 532.267 32.7568 10.3666 models
452.816 532.267 18.46 10.3666 that
474.775 532.267 21.5777 10.3666 have
499.853 532.267 9.41712 10.3666 to
512.81 532.267 11.2575 10.3666 be

85.0469 547.745 49.9416 10.3666 developed.

85.08 575.616 37.74 11.268 Indirect
125.519 575.616 32.388 11.268 capital
160.679 575.616 24.8508 11.268 costs

85.08 601.783 10.6768 10.3666 As
98.5201 601.783 43.4678 10.3666 explained
144.592 601.783 8.31312 10.3666 in
155.629 601.783 14.8587 10.3666 the
173.27 601.783 50.1536 10.3666 paragraphs
226.188 601.783 30.1182 10.3666 above,
258.946 601.783 14.978 10.3666 the
276.586 601.783 71.9057 10.3666 implementation
351.097 601.783 9.2471 10.3666 of
362.977 601.783 24.6976 10.3666 these
390.457 601.783 16.3458 10.3666 RTS
409.536 601.783 6.83707 10.3666 is
419.016 601.783 15.339 10.3666 not
437.016 601.783 41.0754 10.3666 expected
480.696 601.783 9.53856 10.3666 to
492.937 601.783 19.1169 10.3666 lead
514.659 601.783 9.41822 10.3666 to

85.08 617.261 5.28816 10.3666 a
93.7133 617.261 45.5654 10.3666 significant
142.656 617.261 35.413 10.3666 number
181.297 617.261 9.24821 10.3666 of
193.89 617.261 65.5235 10.3666 non-compliant
262.672 617.261 12.4873 10.3666 EU
278.387 617.261 14.7649 10.3666 IRB
296.503 617.261 53.1951 10.3666 institutions.
353.032 617.261 47.1585 10.3666 Therefore,
403.426 617.261 14.9791 10.3666 the
421.663 617.261 30.6978 10.3666 impact
455.622 617.261 9.24821 10.3666 of
468.219 617.261 24.6987 10.3666 these
496.179 617.261 16.4662 10.3666 RTS
515.973 617.261 8.31643 10.3666 in

85.08 632.739 26.1593 10.3666 terms
113.643 632.739 9.2471 10.3666 of
125.396 632.739 44.9957 10.3666 additional
172.781 632.739 29.7583 10.3666 capital
204.928 632.739 60.8381 10.3666 requirements
268.287 632.739 6.83376 10.3666 is
277.52 632.739 15.3379 10.3666 not
295.277 632.739 41.0765 10.3666 expected
338.834 632.739 9.53856 10.3666 to
350.832 632.739 11.2575 10.3666 be
364.628 632.739 48.4391 10.3666 significant.

85.08 660.096 60.2464 10.3666 Furthermore,
151.443 660.096 8.31312 10.3666 in
165.715 660.096 24.1158 10.3666 cases
195.829 660.096 28.4181 10.3666 where
230.39 660.096 14.978 10.3666 the
251.509 660.096 31.1781 10.3666 degree
288.704 660.096 9.2471 10.3666 of
304.064 660.096 14.6457 10.3666 IRB
324.699 660.096 72.0614 10.3666 implementation
402.844 660.096 6.83376 10.3666 is
415.805 660.096 15.2197 10.3666 not
437.168 660.096 41.3647 10.3666 sufficient
484.684 660.096 9.41822 10.3666 to
500.28 660.096 23.9678 10.3666 allow

85.08 675.574 51.3382 10.3666 compliance
141.361 675.574 19.9526 10.3666 with
166.198 675.574 14.978 10.3666 the
186.113 675.574 19.1732 10.3666 new
210.227 675.574 21.9564 10.3666 rules
237.228 675.574 42.5161 10.3666 proposed
284.742 675.574 8.31643 10.3666 in
297.937 675.574 24.6987 10.3666 these
327.578 675.574 19.1986 10.3666 RTS,
351.811 675.574 14.8587 10.3666 the
371.726 675.574 37.292 10.3666 increase
413.954 675.574 8.31312 10.3666 in
427.271 675.574 14.8576 10.3666 the
447.072 675.574 29.7583 10.3666 capital
481.853 675.574 30.6934 10.3666 impact
517.561 675.574 6.71232 10.3666 is

85.08 691.052 41.198 10.3666 expected
129.842 691.052 9.41712 10.3666 to
142.921 691.052 11.2586 10.3666 be
157.8 691.052 31.3481 10.3666 limited
192.72 691.052 36.6981 10.3666 because
233.038 691.052 6.21883 10.3666 it
242.878 691.052 26.2763 10.3666 refers
272.757 691.052 26.7731 10.3666 either
303.116 691.052 9.53856 10.3666 to
316.315 691.052 5.28816 10.3666 a
325.072 691.052 16.2917 10.3666 low
344.988 691.052 31.889 10.3666 default
380.498 691.052 39.0551 10.3666 portfolio
423.096 691.052 11.6726 10.3666 (in
438.331 691.052 14.978 10.3666 the
456.931 691.052 19.776 10.3666 case
480.21 691.052 9.2471 10.3666 of
493.046 691.052 31.2057 10.3666 central

85.08 706.409 89.5123 10.3666 governments/banks
176.991 706.409 9.73286 10.3666 or
189.23 706.409 53.7504 10.3666 institutions)
245.392 706.409 9.73286 10.3666 or
257.507 706.409 9.53746 10.3666 to
269.504 706.409 11.0731 10.3666 an
283.059 706.409 48.608 10.3666 immaterial
334.173 706.409 42.0193 10.3666 portfolio.

512.88 796.544 11.2387 10.3666 24

85.08 117.216 39.972 11.268 Benefits

85.08 143.383 16.6572 10.3666 The
106.2 143.383 45.7166 10.3666 provisions
156.358 143.383 42.515 10.3666 proposed
203.275 143.383 8.31312 10.3666 in
215.991 143.383 24.819 10.3666 these
245.27 143.383 21.9332 10.3666 draft
271.663 143.383 16.4606 10.3666 RTS
292.555 143.383 14.4977 10.3666 are
311.513 143.383 41.1991 10.3666 expected
357.114 143.383 9.41822 10.3666 to
371.033 143.383 37.2986 10.3666 increase
412.791 143.383 52.9876 10.3666 significantly
470.277 143.383 14.978 10.3666 the
489.717 143.383 21.008 10.3666 level
515.034 143.383 9.2471 10.3666 of

85.069 158.861 65.3104 10.3666 harmonisation
154.665 158.861 12.9676 10.3666 for
171.943 158.861 14.766 10.3666 IRB
191.019 158.861 50.3954 10.3666 institutions
245.734 158.861 23.5605 10.3666 using
273.588 158.861 14.978 10.3666 the
292.905 158.861 14.1897 10.3666 SA.
311.389 158.861 8.556 10.3666 In
324.225 158.861 39.9604 10.3666 addition,
368.502 158.861 16.836 10.3666 and
389.618 158.861 55.5544 10.3666 importantly,
449.368 158.861 24.819 10.3666 these
478.529 158.861 45.5952 10.3666 provisions

85.069 174.217 30.0354 10.3666 should
120.589 174.217 19.596 10.3666 help
145.669 174.217 30.933 10.3666 reduce
182.022 174.217 14.978 10.3666 the
202.421 174.217 43.8663 10.3666 variability
251.724 174.217 9.2471 10.3666 of
266.48 174.217 60.7686 10.3666 risk-weighted
332.613 174.217 27.3538 10.3666 assets
365.49 174.217 28.194 10.3666 across
399.089 174.217 12.4873 10.3666 EU
416.968 174.217 28.9392 10.3666 banks.
451.285 174.217 10.6768 10.3666 As
467.485 174.217 42.8672 10.3666 identified
515.835 174.217 8.31312 10.3666 in

85.0579 189.696 38.6367 10.3666 previous
128.015 189.696 17.7921 10.3666 EBA
150.216 189.696 32.7568 10.3666 reports
187.414 189.696 43.5959 10.3666 reviewing
235.412 189.696 14.978 10.3666 the
254.852 189.696 51.9189 10.3666 consistency
311.126 189.696 9.2471 10.3666 of
324.679 189.696 60.8867 10.3666 risk-weighted
389.967 189.696 30.1094 10.3666 assets,
424.515 189.696 5.28816 10.3666 a
434.23 189.696 45.4428 10.3666 significant
484.132 189.696 26.5324 10.3666 driver
514.973 189.696 9.2471 10.3666 of

85.0469 205.174 44.0297 10.3666 variations
131.597 205.174 8.31312 10.3666 in
142.392 205.174 24.6987 10.3666 these
169.63 205.174 27.2368 10.3666 assets
199.387 205.174 6.83376 10.3666 is
208.622 205.174 14.978 10.3666 the
226.139 205.174 39.2185 10.3666 different
267.779 205.174 28.9016 10.3666 extent
299.22 205.174 9.41822 10.3666 to
311.1 205.174 26.6715 10.3666 which
340.252 205.174 14.9791 10.3666 the
357.77 205.174 11.433 10.3666 SA
371.687 205.174 6.83707 10.3666 is
380.924 205.174 21.3955 10.3666 used
404.802 205.174 10.7618 10.3666 by
417.999 205.174 14.766 10.3666 IRB
435.275 205.174 28.874 10.3666 banks.

512.88 796.544 11.2387 10.3666 25

85.08 118.433 20.2149 14.9864 5.2
121.086 118.433 61.5673 14.9864 Overview
186.244 118.433 13.2628 14.9864 of
203.158 118.433 63.2367 14.9864 questions
270.002 118.433 18.8839 14.9864 for
292.56 118.433 80.8486 14.9864 consultation

85.08 148.303 16.0389 10.3666 Q1:
105.12 148.303 12.5381 10.3666 Do
121.68 148.303 16.5964 10.3666 you
142.325 148.303 25.1778 10.3666 agree
171.485 148.303 19.9526 10.3666 with
195.362 148.303 14.9791 10.3666 the
214.442 148.303 42.6365 10.3666 proposed
261.002 148.303 21.9343 10.3666 draft
286.924 148.303 16.4673 10.3666 RTS
307.444 148.303 42.6409 10.3666 regarding
354.13 148.303 14.9769 10.3666 the
373.21 148.303 46.5634 10.3666 sequential
423.847 148.303 49.584 10.3666 application
477.36 148.303 9.2471 10.3666 of
490.568 148.303 14.978 10.3666 the
509.535 148.303 14.766 10.3666 IRB

85.091 161.738 48.4325 10.3666 Approach?

85.1021 188.499 16.0389 10.3666 Q2:
107.663 188.499 12.537 10.3666 Do
126.743 188.499 16.7157 10.3666 you
149.902 188.499 25.2937 10.3666 agree
181.7 188.499 19.9559 10.3666 with
208.102 188.499 14.978 10.3666 the
229.704 188.499 42.5161 10.3666 proposed
278.786 188.499 21.9343 10.3666 draft
307.227 188.499 16.4673 10.3666 RTS
330.149 188.499 42.8783 10.3666 regarding
379.59 188.499 49.8953 10.3666 permanent
436.109 188.499 28.8012 10.3666 partial
471.501 188.499 15.5774 10.3666 use
493.581 188.499 9.2471 10.3666 of
509.296 188.499 14.978 10.3666 the

85.1021 201.935 58.6014 10.3666 Standardised
146.186 201.935 43.3552 10.3666 Approach
192.024 201.935 17.9853 10.3666 (SA)
212.537 201.935 13.089 10.3666 for
228.015 201.935 14.978 10.3666 the
245.415 201.935 45.5985 10.3666 exposures
293.534 201.935 39.7462 10.3666 specified
335.761 201.935 8.31312 10.3666 in
346.555 201.935 29.1346 10.3666 Article
378.137 201.935 41.0202 10.3666 150(1)(a)
421.569 201.935 16.836 10.3666 and
440.887 201.935 12.346 10.3666 (b)
455.77 201.935 9.2471 10.3666 of
467.405 201.935 14.978 10.3666 the
484.927 201.935 22.8749 10.3666 CRR?

85.091 228.806 16.0411 10.3666 Q3:
104.178 228.806 12.5381 10.3666 Do
119.778 228.806 16.7157 10.3666 you
139.582 228.806 25.1734 10.3666 agree
167.777 228.806 19.9559 10.3666 with
190.821 228.806 14.8587 10.3666 the
208.706 228.806 42.6354 10.3666 proposed
254.43 228.806 21.9332 10.3666 draft
279.373 228.806 16.4673 10.3666 RTS
298.938 228.806 42.7557 10.3666 regarding
344.778 228.806 50.0189 10.3666 permanent
397.823 228.806 28.9215 10.3666 partial
429.858 228.806 15.5774 10.3666 use
448.338 228.806 9.2471 10.3666 of
460.698 228.806 14.978 10.3666 the
478.702 228.806 11.4264 10.3666 SA
493.218 228.806 13.0934 10.3666 for
509.303 228.806 14.978 10.3666 the

85.1021 242.242 45.5985 10.3666 exposures
136.104 242.242 39.8754 10.3666 specified
181.342 242.242 8.31643 10.3666 in
195.021 242.242 29.0197 10.3666 Article
226.458 242.242 40.4174 10.3666 150(1)(c)
272.175 242.242 9.2471 10.3666 of
286.814 242.242 14.8587 10.3666 the
307.093 242.242 22.876 10.3666 CRR?
335.412 242.242 28.5958 10.3666 Which
369.25 242.242 9.2471 10.3666 of
383.889 242.242 14.9791 10.3666 the
404.17 242.242 17.3383 10.3666 two
426.969 242.242 48.4579 10.3666 alternative
480.847 242.242 43.311 10.3666 proposals

85.08 255.678 45.7564 10.3666 presented
133.32 255.678 8.31533 10.3666 in
143.996 255.678 14.9791 10.3666 the
161.521 255.678 30.6945 10.3666 impact
194.641 255.678 51.6948 10.3666 assessment
248.758 255.678 32.3152 10.3666 section
283.555 255.678 26.6528 10.3666 under
312.595 255.678 44.7672 10.3666 ‘Technical
359.871 255.678 33.7162 10.3666 options
396.108 255.678 52.079 10.3666 considered’
450.592 255.678 11.5776 10.3666 do
464.627 255.678 16.7157 10.3666 you
483.827 255.678 32.7181 10.3666 prefer?

85.08 282.549 16.0389 10.3666 Q4:
104.64 282.549 12.5381 10.3666 Do
120.719 282.549 16.5953 10.3666 you
140.878 282.549 25.1789 10.3666 agree
169.559 282.549 19.9515 10.3666 with
192.953 282.549 14.978 10.3666 the
211.433 282.549 54.4592 10.3666 quantitative
269.394 282.549 47.2777 10.3666 thresholds
320.274 282.549 42.5161 10.3666 proposed
366.353 282.549 8.31533 10.3666 in
378.232 282.549 33.3585 10.3666 Articles
413.995 282.549 20.6437 10.3666 2(1),
437.035 282.549 5.59728 10.3666 3
446.154 282.549 16.7124 10.3666 and
465.353 282.549 17.9853 10.3666 4(2)
486.711 282.549 9.2471 10.3666 of
499.55 282.549 24.6987 10.3666 these

85.069 295.985 21.9343 10.3666 draft
109.542 295.985 21.432 10.3666 RTS?
133.54 295.985 6.1272 10.3666 If
142.177 295.985 17.9996 10.3666 not,
162.576 295.985 22.6585 10.3666 what
187.773 295.985 47.1563 10.3666 thresholds
237.45 295.985 11.5776 10.3666 do
251.508 295.985 16.6008 10.3666 you
270.585 295.985 38.173 10.3666 consider
311.146 295.985 23.8596 10.3666 more
337.545 295.985 40.3832 10.3666 suitable?

85.0579 322.746 16.0411 10.3666 Q5:
103.903 322.746 12.5381 10.3666 Do
119.265 322.746 16.5997 10.3666 you
138.58 322.746 22.7832 10.3666 think
164.259 322.746 18.3385 10.3666 that
185.5 322.746 38.9778 10.3666 separate
227.381 322.746 54.3367 10.3666 quantitative
284.5 322.746 47.2766 10.3666 thresholds
334.661 322.746 30.0354 10.3666 should
367.422 322.746 24.3211 10.3666 apply
394.664 322.746 12.9731 10.3666 for
410.386 322.746 49.5961 10.3666 application
462.705 322.746 9.24821 10.3666 of
474.706 322.746 24.8179 10.3666 these
502.307 322.746 21.9332 10.3666 draft

85.0579 336.181 16.4673 10.3666 RTS
106.898 336.181 11.6759 10.3666 on
124.059 336.181 11.0731 10.3666 an
140.617 336.181 43.3188 10.3666 individual
189.444 336.181 16.8327 10.3666 and
211.641 336.181 11.6759 10.3666 on
228.682 336.181 5.28816 10.3666 a
239.479 336.181 57.3881 10.3666 consolidated
302.231 336.181 27.1849 10.3666 basis?
335.015 336.181 28.4755 10.3666 Which
368.852 336.181 9.2471 10.3666 of
383.608 336.181 14.8576 10.3666 the
404.008 336.181 17.3383 10.3666 two
426.809 336.181 48.4501 10.3666 alternative
480.681 336.181 43.4336 10.3666 proposals

85.0469 349.617 45.7564 10.3666 presented
133.287 349.617 8.31533 10.3666 in
143.963 349.617 14.9791 10.3666 the
161.488 349.617 30.6945 10.3666 impact
194.608 349.617 51.6959 10.3666 assessment
248.722 349.617 32.3174 10.3666 section
283.523 349.617 26.6528 10.3666 under
312.559 349.617 44.7661 10.3666 ‘Technical
359.835 349.617 33.7173 10.3666 options
396.072 349.617 52.0801 10.3666 considered’
450.559 349.617 11.5776 10.3666 do
464.594 349.617 16.7168 10.3666 you
483.795 349.617 32.717 10.3666 prefer?

85.0469 376.488 15.8623 10.3666 Q6.
104.248 376.488 12.5381 10.3666 Do
120.207 376.488 16.7168 10.3666 you
140.246 376.488 25.1767 10.3666 agree
168.805 376.488 19.9526 10.3666 with
192.08 376.488 15.4935 10.3666 our
210.918 376.488 35.0266 10.3666 analysis
249.188 376.488 9.24821 10.3666 of
261.786 376.488 14.978 10.3666 the
280.144 376.488 30.6923 10.3666 impact
314.219 376.488 9.2471 10.3666 of
326.698 376.488 14.978 10.3666 the
345.176 376.488 43.3143 10.3666 proposals
391.971 376.488 8.31312 10.3666 in
403.606 376.488 16.3138 10.3666 this
423.282 376.488 56.9554 10.3666 Consultation
483.569 376.488 31.1549 10.3666 Paper?
518.13 376.488 6.1272 10.3666 If

85.0469 389.924 18.12 10.3666 not,
106.644 389.924 15.7563 10.3666 can
125.725 389.924 16.5953 10.3666 you
145.762 389.924 34.1776 10.3666 provide
183.44 389.924 16.0411 10.3666 any
202.76 389.924 40.1779 10.3666 evidence
246.437 389.924 9.73286 10.3666 or
259.514 389.924 20.0486 10.3666 data
283.033 389.924 18.3385 10.3666 that
304.87 389.924 27.6364 10.3666 would
335.947 389.924 32.196 10.3666 explain
371.586 389.924 18.6808 10.3666 why
393.666 389.924 16.5953 10.3666 you
413.703 389.924 37.7734 10.3666 disagree
454.976 389.924 9.73286 10.3666 or
468.055 389.924 26.676 10.3666 which
498.055 389.924 26.0136 10.3666 might

85.0469 403.36 24.4481 10.3666 assist
111.918 403.36 15.4935 10.3666 our
129.918 403.36 34.9085 10.3666 analysis
167.23 403.36 9.24821 10.3666 of
178.984 403.36 14.978 10.3666 the
196.381 403.36 36.5777 10.3666 possible
235.522 403.36 30.5753 10.3666 impact
268.637 403.36 9.12787 10.3666 of
280.271 403.36 14.978 10.3666 the
297.667 403.36 48.4281 10.3666 proposals?

512.88 796.544 11.2387 10.3666 26
