595.38 841.92
28.38 784.188 33.348 22.2 EN

533.62 784.188 33.348 22.2 EN

203.165 112.847 63.8945 10.5153 EUROPEAN

203.165 125.873 74.5492 10.5153 COMMISSION

324.054 190.513 43.0536 10.6574 Brussels,
370.075 190.513 47.5049 10.6574 14.9.2016

324.054 204.131 58.663 10.6574 COM(2016)
385.649 204.131 17.8054 10.6574 593
406.422 204.131 21.7226 10.6574 final

324.054 229.61 50.7811 10.6574 2016/0280
377.802 229.61 32.9638 10.6574 (COD)

262.654 302.81 41.5104 10.6574 Proposal
307.132 302.81 13.8408 10.6574 for
323.893 302.81 5.27041 10.6574 a

94.0271 334.427 67.2571 10.6574 DIRECTIVE
164.275 334.427 16.4878 10.6574 OF
183.624 334.427 25.0938 10.6574 THE
211.733 334.427 66.4974 10.6574 EUROPEAN
281.257 334.427 81.1453 10.6574 PARLIAMENT
365.37 334.427 25.6754 10.6574 AND
394.013 334.427 16.5947 10.6574 OF
413.445 334.427 25.0938 10.6574 THE
441.554 334.427 56.004 10.6574 COUNCIL

191.769 365.835 12.535 10.6574 on
207.307 365.835 48.7988 10.6574 copyright
259.074 365.835 9.89983 10.6574 in
271.941 365.835 15.8587 10.6574 the
290.72 365.835 34.1983 10.6574 Digital
327.886 365.835 31.0883 10.6574 Single
361.942 365.835 38.1036 10.6574 Market

231.891 414.764 25.7229 10.6574 (Text
260.581 414.764 21.141 10.6574 with
284.69 414.764 23.0759 10.6574 EEA
310.686 414.764 49.2855 10.6574 relevance)

238.538 440.223 63.7554 10.6574 {SWD(2016)
305.225 440.223 17.8054 10.6574 301
325.998 440.223 27.4204 10.6574 final}

238.538 453.841 63.7554 10.6574 {SWD(2016)
305.225 453.841 17.8054 10.6574 302
325.998 453.841 27.4204 10.6574 final}

28.38 784.188 33.348 22.2 EN

294.62 793.224 6 10.8 2

533.62 784.188 33.348 22.2 EN

202.52 59.664 92.676 10.8 EXPLANATORY
298.148 59.664 94.644 10.8 MEMORANDUM

70.86 91.464 9 10.8 1.

113.34 91.464 59.316 10.8 CONTEXT
175.1 91.464 16.692 10.8 OF
194.18 91.464 25.344 10.8 THE
221.9 91.464 65.268 10.8 PROPOSAL

70.86 111.336 4.2 10.716 •

113.34 111.264 42 10.8 Reasons
158.34 111.264 15.324 10.8 for
176.664 111.264 19.308 10.8 and
198.972 111.264 50.652 10.8 objectives
252.624 111.264 9.996 10.8 of
265.656 111.264 15.996 10.8 the
284.652 111.264 44.628 10.8 proposal

70.86 130.944 18.66 10.8 The
92.868 130.944 45.336 10.8 evolution
141.552 130.944 9.996 10.8 of
154.86 130.944 30.732 10.8 digital
188.964 130.944 60.66 10.8 technologies
252.912 130.944 15.996 10.8 has
272.28 130.944 40.008 10.8 changed
315.576 130.944 14.664 10.8 the
333.612 130.944 19.992 10.8 way
356.94 130.944 29.328 10.8 works
389.628 130.944 17.328 10.8 and
410.316 130.944 24.66 10.8 other
438.324 130.944 44.664 10.8 protected
486.348 130.944 38.248 10.8 subject-

70.86 144.764 30.612 10.8 matter
105.984 144.764 14.676 10.8 are
125.16 144.764 37.668 10.8 created,
167.316 144.764 47.616 10.8 produced,
219.444 144.764 51.336 10.8 distributed
275.268 144.764 17.328 10.8 and
297.096 144.764 47.688 10.8 exploited.
349.272 144.764 22.656 10.8 New
376.38 144.764 20.664 10.8 uses
401.556 144.764 22.656 10.8 have
428.724 144.764 41.304 10.8 emerged
474.528 144.764 9.996 10.8 as
489.036 144.764 20.664 10.8 well
514.212 144.764 9.996 10.8 as

70.86 158.564 19.992 10.8 new
94.488 158.564 28.692 10.8 actors
126.864 158.564 17.28 10.8 and
147.792 158.564 19.992 10.8 new
171.42 158.564 40.692 10.8 business
215.784 158.564 37.596 10.8 models.
257.04 158.564 9.996 10.8 In
270.708 158.564 14.664 10.8 the
289.044 158.564 30.624 10.8 digital
323.34 158.564 63.648 10.8 environment,
390.636 158.564 60.208 10.8 cross-border
454.516 158.564 20.664 10.8 uses
478.852 158.564 22.596 10.8 have
505.12 158.564 19.356 10.8 also

70.86 172.364 50.676 10.8 intensified
125.964 172.364 17.28 10.8 and
147.672 172.364 19.992 10.8 new
172.08 172.364 63.324 10.8 opportunities
239.844 172.364 13.992 10.8 for
258.252 172.364 51.276 10.8 consumers
313.968 172.364 9.336 10.8 to
327.756 172.364 30.672 10.8 access
362.832 172.364 94.828 10.8 copyright-protected
462.076 172.364 35.304 10.8 content
501.832 172.364 22.656 10.8 have

70.86 186.164 61.572 10.8 materialised.
138.48 186.164 24.66 10.8 Even
169.188 186.164 33.336 10.8 though
208.596 186.164 14.664 10.8 the
229.332 186.164 48.636 10.8 objectives
284.028 186.164 17.328 10.8 and
307.356 186.164 47.352 10.8 principles
360.72 186.164 18 10.8 laid
384.768 186.164 26.664 10.8 down
417.456 186.164 12 10.8 by
435.504 186.164 14.664 10.8 the
456.24 186.164 15.996 10.8 EU
478.248 186.164 46.02 10.8 copyright

70.86 199.964 52.596 10.8 framework
126.936 199.964 33.276 10.8 remain
163.68 199.964 31.728 10.8 sound,
198.876 199.964 24.012 10.8 there
226.38 199.964 8.004 10.8 is
237.828 199.964 5.328 10.8 a
246.576 199.964 22.656 10.8 need
272.724 199.964 9.336 10.8 to
285.552 199.964 25.992 10.8 adapt
315 199.964 6.672 10.8 it
325.176 199.964 9.336 10.8 to
337.944 199.964 24.684 10.8 these
366.32 199.964 19.992 10.8 new
389.768 199.964 41.004 10.8 realities.
434.252 199.964 58.596 10.8 Intervention
496.316 199.964 8.664 10.8 at
508.472 199.964 15.996 10.8 EU

70.86 213.764 23.352 10.8 level
98.376 213.764 8.004 10.8 is
110.544 213.764 19.356 10.8 also
134.04 213.764 34.008 10.8 needed
172.176 213.764 9.336 10.8 to
185.724 213.764 26.616 10.8 avoid
216.552 213.764 67.308 10.8 fragmentation
288.036 213.764 9.336 10.8 in
301.524 213.764 14.628 10.8 the
320.352 213.764 36.66 10.8 internal
361.2 213.764 36.348 10.8 market.
401.676 213.764 37.284 10.8 Against
443.184 213.764 17.304 10.8 this
464.712 213.764 59.556 10.8 background,

70.86 227.564 14.664 10.8 the
89.736 227.564 33.264 10.8 Digital
127.152 227.564 30.696 10.8 Single
162.048 227.564 34.572 10.8 Market
200.832 227.564 39.972 10.8 Strategy
240.86 224.79 3.99 7.182 1
249.08 227.444 38.016 10.908 adopted
291.236 227.444 9.336 10.908 in
304.724 227.444 21.996 10.908 May
330.932 227.444 24 10.908 2015
359.06 227.444 45.984 10.908 identified
409.196 227.444 14.628 10.908 the
428.024 227.444 22.656 10.908 need
454.832 227.444 14.688 10.908 “to
473.648 227.444 31.98 10.908 reduce
509.756 227.444 14.664 10.908 the

70.86 241.364 53.304 10.8 differences
127.284 241.364 40.008 10.8 between
170.46 241.364 38.616 10.8 national
212.268 241.364 45.924 10.8 copyright
261.5 241.364 37.884 10.8 regimes
302.576 241.364 17.328 10.8 and
323.084 241.364 26.688 10.8 allow
352.94 241.364 13.992 10.8 for
370.028 241.364 27.324 10.8 wider
400.544 241.364 29.916 10.8 online
433.64 241.364 30.624 10.8 access
467.456 241.364 9.336 10.8 to
479.864 241.364 29.328 10.8 works
512.372 241.364 12 10.8 by

70.86 255.044 24.696 10.908 users
101.076 255.044 29.988 10.908 across
136.524 255.044 14.664 10.908 the
156.72 255.044 24.324 10.908 EU”.
186.528 255.044 21.336 10.908 This
213.396 255.044 77.316 10.908 Communication
296.22 255.044 54.636 10.908 highlighted
356.376 255.044 14.628 10.908 the
376.524 255.044 53.952 10.908 importance
436.008 255.044 9.336 10.908 to
450.876 255.044 39.312 10.908 enhance
495.684 255.044 28.912 10.908 cross-

70.86 268.964 31.344 10.8 border
107.796 268.964 30.624 10.8 access
144.072 268.964 9.336 10.8 to
159 268.964 94.712 10.8 copyright-protected
259.316 268.964 35.304 10.8 content
300.272 268.964 41.628 10.8 services,
347.528 268.964 41.976 10.8 facilitate
395.084 268.964 19.992 10.8 new
420.692 268.964 20.604 10.8 uses
446.96 268.964 9.336 10.8 in
461.888 268.964 14.664 10.8 the
482.156 268.964 26.664 10.8 fields
514.424 268.964 9.996 10.8 of

70.86 282.764 39.996 10.8 research
114.216 282.764 17.328 10.8 and
134.844 282.764 49.68 10.8 education,
187.88 282.764 17.328 10.8 and
208.568 282.764 31.332 10.8 clarify
243.212 282.764 14.628 10.8 the
261.2 282.764 18.66 10.8 role
283.208 282.764 9.996 10.8 of
296.516 282.764 29.976 10.8 online
329.792 282.764 38.604 10.8 services
371.756 282.764 9.336 10.8 in
384.404 282.764 14.664 10.8 the
402.44 282.764 55.284 10.8 distribution
461.036 282.764 9.996 10.8 of
474.344 282.764 29.328 10.8 works
507.032 282.764 17.328 10.8 and

70.86 296.564 24.684 10.8 other
99.276 296.564 71.636 10.8 subject-matter.
174.584 296.444 9.996 10.908 In
188.252 296.444 49.224 10.908 December
241.208 296.444 27 10.908 2015,
271.916 296.444 14.664 10.908 the
290.312 296.444 60.564 10.908 Commission
354.608 296.444 30 10.908 issued
388.316 296.444 5.328 10.908 a
397.364 296.444 77.328 10.908 Communication
478.34 296.444 45.984 10.908 ‘Towards

70.86 310.244 5.328 10.908 a
81.948 310.244 39.588 10.908 modern,
127.284 310.244 24.66 10.908 more
157.692 310.244 46.008 10.908 European
209.448 310.244 45.936 10.908 copyright
261.156 310.244 56.58 10.908 framework’
317.84 307.59 3.99 7.182 2
321.86 310.364 3 10.8 .
330.608 310.364 21.336 10.8 This
357.716 310.364 77.244 10.8 Communication
440.708 310.364 39.336 10.8 outlined
485.744 310.364 38.676 10.8 targeted

70.86 324.164 33.996 10.8 actions
108.876 324.164 17.328 10.8 and
130.22 324.164 5.328 10.8 a
139.568 324.164 47.352 10.8 long-term
190.856 324.164 29.388 10.8 vision
224.192 324.164 9.336 10.8 to
237.56 324.164 49.992 10.8 modernise
291.548 324.164 15.996 10.8 EU
311.516 324.164 45.984 10.8 copyright
361.532 324.164 26.328 10.8 rules.
391.88 324.164 21.288 10.8 This
417.188 324.164 41.292 10.8 proposal
462.464 324.164 8.004 10.8 is
474.512 324.164 17.268 10.8 one
495.8 324.164 9.996 10.8 of
509.768 324.164 14.628 10.8 the

70.86 337.964 44.604 10.8 measures
118.464 337.964 33.228 10.8 aiming
154.692 337.964 8.688 10.8 at
166.38 337.964 51.396 10.8 addressing
220.776 337.964 37.236 10.8 specific
261.036 337.964 28.704 10.8 issues
292.74 337.964 45.948 10.8 identified
341.652 337.964 9.336 10.8 in
353.988 337.964 17.976 10.8 that
374.988 337.964 80.328 10.8 Communication.

70.86 363.764 53.352 10.8 Exceptions
128.016 363.764 17.328 10.8 and
149.184 363.764 51.264 10.8 limitations
204.288 363.764 9.336 10.8 to
217.476 363.764 45.996 10.8 copyright
267.324 363.764 17.328 10.8 and
288.492 363.764 63.948 10.8 neighbouring
356.268 363.764 27.264 10.8 rights
387.396 363.764 14.676 10.8 are
405.912 363.764 55.908 10.8 harmonised
465.648 363.764 8.664 10.8 at
478.104 363.764 15.996 10.8 EU
497.892 363.764 26.376 10.8 level.

70.86 377.564 27.276 10.8 Some
103.8 377.564 9.996 10.8 of
119.388 377.564 24.732 10.8 these
149.772 377.564 51.288 10.8 exceptions
206.688 377.564 18.024 10.8 aim
230.244 377.564 8.664 10.8 at
244.62 377.564 46.644 10.8 achieving
296.916 377.564 30.036 10.8 public
332.592 377.564 29.988 10.8 policy
368.148 377.564 51.684 10.8 objectives,
425.424 377.564 21.996 10.8 such
453.072 377.564 9.996 10.8 as
468.72 377.564 39.996 10.8 research
514.356 377.564 9.936 10.8 or

70.86 391.364 49.68 10.8 education.
126.816 391.364 46.968 10.8 However,
180.132 391.364 9.948 10.8 as
196.44 391.364 19.992 10.8 new
222.768 391.364 25.332 10.8 types
254.436 391.364 9.996 10.8 of
270.744 391.364 20.664 10.8 uses
297.78 391.364 22.596 10.8 have
326.748 391.364 38.58 10.8 recently
371.676 391.364 44.256 10.8 emerged,
422.292 391.364 6.672 10.8 it
435.288 391.364 37.944 10.8 remains
479.592 391.364 44.688 10.8 uncertain

70.86 405.164 38.652 10.8 whether
114.156 405.164 24.66 10.8 these
143.484 405.164 51.324 10.8 exceptions
199.452 405.164 14.676 10.8 are
218.748 405.164 17.976 10.8 still
241.416 405.164 37.308 10.8 adapted
283.332 405.164 9.336 10.8 to
297.36 405.164 36.576 10.8 achieve
338.556 405.164 5.328 10.8 a
348.564 405.164 16.656 10.8 fair
369.852 405.164 36.624 10.8 balance
411.168 405.164 39.876 10.8 between
455.736 405.164 14.664 10.8 the
475.044 405.164 27.336 10.8 rights
507.34 405.164 17.28 10.8 and

70.86 418.984 40.008 10.8 interests
115.944 418.984 9.996 10.8 of
130.992 418.984 35.352 10.8 authors
171.456 418.984 17.328 10.8 and
193.824 418.984 24.684 10.8 other
223.62 418.984 57.996 10.8 rightholders
286.716 418.984 12 10.8 on
303.804 418.984 14.628 10.8 the
323.532 418.984 17.328 10.8 one
345.96 418.984 26.328 10.8 hand,
377.388 418.984 17.328 10.8 and
399.816 418.984 9.996 10.8 of
414.864 418.984 24.744 10.8 users
444.708 418.984 12 10.8 on
461.796 418.984 14.664 10.8 the
481.512 418.984 27.684 10.8 other.
514.308 418.984 9.996 10.8 In

70.86 432.784 42.36 10.8 addition,
116.796 432.784 24.66 10.8 these
145.044 432.784 51.276 10.8 exceptions
199.92 432.784 33.276 10.8 remain
236.784 432.784 38.712 10.8 national
279.108 432.784 17.328 10.8 and
300.036 432.784 23.328 10.8 legal
326.964 432.784 41.964 10.8 certainty
372.48 432.784 33.348 10.8 around
409.416 432.784 60.244 10.8 cross-border
473.248 432.784 20.664 10.8 uses
497.476 432.784 8.004 10.8 is
509.104 432.784 15.336 10.8 not

70.86 446.584 55.668 10.8 guaranteed.
130.176 446.584 9.996 10.8 In
143.904 446.584 17.304 10.8 this
164.952 446.584 38.28 10.8 context,
206.94 446.584 14.664 10.8 the
225.288 446.584 60.564 10.8 Commission
289.584 446.584 15.996 10.8 has
309.252 446.584 45.984 10.8 identified
358.968 446.584 23.976 10.8 three
386.86 446.584 24.624 10.8 areas
415.156 446.584 9.996 10.8 of
428.824 446.584 61.308 10.8 intervention:
493.828 446.584 30.672 10.8 digital

70.86 460.324 17.328 10.8 and
91.968 460.324 60.036 10.8 cross-border
155.796 460.324 20.664 10.8 uses
180.252 460.324 9.336 10.8 in
193.32 460.324 14.664 10.8 the
211.776 460.324 21.996 10.8 field
237.564 460.324 9.996 10.8 of
251.292 460.324 49.716 10.8 education,
304.776 460.324 18.024 10.8 text
326.592 460.324 17.328 10.8 and
347.7 460.324 19.992 10.8 data
371.508 460.324 33.948 10.8 mining
409.224 460.324 9.336 10.8 in
422.352 460.324 14.664 10.8 the
440.808 460.324 21.996 10.8 field
466.596 460.324 9.996 10.8 of
480.324 460.324 43.944 10.8 scientific

70.86 474.124 42.996 10.8 research,
118.356 474.124 17.28 10.8 and
140.124 474.124 59.256 10.8 preservation
203.868 474.124 9.996 10.8 of
218.316 474.124 36.684 10.8 cultural
259.512 474.124 41.616 10.8 heritage.
305.568 474.124 18.66 10.8 The
328.716 474.124 43.956 10.8 objective
377.172 474.124 8.004 10.8 is
389.7 474.124 9.336 10.8 to
403.548 474.124 46.56 10.8 guarantee
454.584 474.124 14.664 10.8 the
473.7 474.124 36 10.8 legality
514.188 474.124 10.044 10.8 of

70.86 487.924 32.688 10.8 certain
108.216 487.924 25.332 10.8 types
138.204 487.924 9.996 10.8 of
152.832 487.924 20.664 10.8 uses
178.188 487.924 9.336 10.8 in
192.216 487.924 24.684 10.8 these
221.592 487.924 29.756 10.8 fields,
256.016 487.924 45.396 10.8 including
306.02 487.924 30.024 10.8 across
340.736 487.924 38.988 10.8 borders.
384.404 487.924 13.332 10.8 As
402.392 487.924 5.328 10.8 a
412.4 487.924 26.664 10.8 result
443.768 487.924 9.996 10.8 of
458.396 487.924 5.328 10.8 a
468.464 487.924 55.992 10.8 modernised

70.86 501.724 52.596 10.8 framework
126.696 501.724 9.996 10.8 of
139.824 501.724 51.324 10.8 exceptions
194.328 501.724 17.328 10.8 and
214.836 501.724 54.324 10.8 limitations,
272.34 501.724 53.952 10.8 researchers
329.472 501.724 18.672 10.8 will
351.348 501.724 33.216 10.8 benefit
387.756 501.724 23.328 10.8 from
414.204 501.724 5.328 10.8 a
422.772 501.724 32.664 10.8 clearer
458.628 501.724 23.328 10.8 legal
485.076 501.724 26.676 10.8 space
514.932 501.724 9.336 10.8 to

70.86 515.524 15.996 10.8 use
90.588 515.524 50.616 10.8 innovative
144.924 515.524 18.024 10.8 text
166.68 515.524 17.328 10.8 and
187.668 515.524 20.016 10.8 data
211.404 515.524 33.948 10.8 mining
249.06 515.524 40.02 10.8 research
292.764 515.524 26.304 10.8 tools,
322.812 515.524 39.324 10.8 teachers
365.796 515.524 17.328 10.8 and
386.844 515.524 39.336 10.8 students
429.9 515.524 18.672 10.8 will
452.316 515.524 11.328 10.8 be
467.364 515.524 19.992 10.8 able
491.052 515.524 9.336 10.8 to
504.12 515.524 20.016 10.8 take

70.86 529.324 16.668 10.8 full
94.98 529.324 48.588 10.8 advantage
151.008 529.324 9.996 10.8 of
168.396 529.324 30.708 10.8 digital
206.532 529.324 60.636 10.8 technologies
274.608 529.324 8.616 10.8 at
290.676 529.324 11.952 10.8 all
310.044 529.324 27.972 10.8 levels
345.48 529.324 9.996 10.8 of
362.808 529.324 46.68 10.8 education
416.904 529.324 17.28 10.8 and
441.612 529.324 36.672 10.8 cultural
485.676 529.324 38.676 10.8 heritage

70.86 543.124 53.352 10.8 institutions
128.436 543.124 18.696 10.8 (i.e.
151.332 543.124 39.336 10.8 publicly
194.88 543.124 48.6 10.8 accessible
247.704 543.124 39.324 10.8 libraries
291.228 543.124 9.996 10.8 or
305.436 543.124 48.216 10.8 museums,
357.972 543.124 39.972 10.8 archives
402.216 543.124 9.936 10.8 or
416.364 543.124 20.004 10.8 film
440.532 543.124 9.996 10.8 or
454.8 543.124 26.664 10.8 audio
485.688 543.124 38.616 10.8 heritage

70.86 556.924 57.348 10.8 institutions)
131.736 556.924 18.672 10.8 will
154.032 556.924 11.328 10.8 be
168.9 556.924 47.316 10.8 supported
219.756 556.924 9.336 10.8 in
232.644 556.924 22.02 10.8 their
258.24 556.924 31.296 10.8 efforts
293.076 556.924 9.336 10.8 to
306.024 556.924 40.584 10.8 preserve
350.208 556.924 14.628 10.8 the
368.376 556.924 36.672 10.8 cultural
408.6 556.924 41.908 10.8 heritage,
454.048 556.924 9.336 10.8 to
466.936 556.924 14.664 10.8 the
485.152 556.924 39.324 10.8 ultimate

70.86 570.724 48.684 10.8 advantage
122.544 570.724 9.996 10.8 of
135.468 570.724 15.996 10.8 EU
154.464 570.724 39.66 10.8 citizens.

70.86 596.524 36.696 10.8 Despite
112.056 596.524 14.664 10.8 the
131.232 596.524 17.988 10.8 fact
153.78 596.524 18 10.8 that
176.328 596.524 30.564 10.8 digital
211.464 596.524 60.636 10.8 technologies
276.66 596.524 31.956 10.8 should
313.128 596.524 41.976 10.8 facilitate
359.664 596.524 60.136 10.8 cross-border
424.348 596.524 30.624 10.8 access
459.484 596.524 9.336 10.8 to
473.392 596.524 29.244 10.8 works
507.208 596.524 17.328 10.8 and

70.86 610.324 24.684 10.8 other
100.176 610.324 71.636 10.8 subject-matter,
176.504 610.324 43.944 10.8 obstacles
225.068 610.324 36.276 10.8 remain,
266.012 610.324 9.336 10.8 in
279.98 610.324 45.924 10.8 particular
330.536 610.324 13.992 10.8 for
349.184 610.324 20.664 10.8 uses
374.492 610.324 17.328 10.8 and
396.5 610.324 29.328 10.8 works
430.448 610.324 29.316 10.8 where
464.396 610.324 45.324 10.8 clearance
514.352 610.324 9.996 10.8 of

70.86 624.124 27.372 10.8 rights
101.916 624.124 8.004 10.8 is
113.664 624.124 44.28 10.8 complex.
161.652 624.124 21.392 10.8 This
186.728 624.124 8.004 10.8 is
198.476 624.124 14.664 10.8 the
216.812 624.124 20.676 10.8 case
241.148 624.124 13.992 10.8 for
258.836 624.124 36.684 10.8 cultural
299.192 624.124 38.676 10.8 heritage
341.588 624.124 53.316 10.8 institutions
398.636 624.124 38.628 10.8 wanting
440.972 624.124 9.336 10.8 to
454.04 624.124 36.6 10.8 provide
494.348 624.124 30.036 10.8 online

70.86 637.924 33.696 10.8 access,
108.024 637.924 45.276 10.8 including
156.852 637.924 29.988 10.8 across
190.32 637.924 39.036 10.8 borders,
232.824 637.924 9.336 10.8 to
245.712 637.924 83.372 10.8 out-of-commerce
332.636 637.924 29.328 10.8 works
365.384 637.924 46.644 10.8 contained
415.568 637.924 9.336 10.8 in
428.396 637.924 22.02 10.8 their
453.932 637.924 53.556 10.8 catalogues.
511.04 637.924 13.332 10.8 As

70.86 651.724 5.328 10.8 a
82.008 651.724 61.284 10.8 consequence
149.124 651.724 9.996 10.8 of
164.892 651.724 24.636 10.8 these
195.348 651.724 43.944 10.8 obstacles
245.052 651.724 46.008 10.8 European
296.868 651.724 36.576 10.8 citizens
339.264 651.724 21.912 10.8 miss
367.02 651.724 63.264 10.8 opportunities
436.116 651.724 9.336 10.8 to
451.224 651.724 30.576 10.8 access
487.62 651.724 36.916 10.8 cultural

70.86 665.524 41.676 10.8 heritage.
118.236 665.524 18.588 10.8 The
142.524 665.524 41.352 10.8 proposal
189.528 665.524 45.984 10.8 addresses
241.212 665.524 24.624 10.8 these
271.548 665.524 44.628 10.8 problems
321.876 665.524 12 10.8 by
339.564 665.524 55.368 10.8 introducing
400.62 665.524 5.328 10.8 a
411.648 665.524 37.32 10.8 specific
454.656 665.524 54.588 10.8 mechanism
514.872 665.524 9.336 10.8 to

70.86 679.324 41.976 10.8 facilitate
118.896 679.324 14.628 10.8 the
139.584 679.324 51.972 10.8 conclusion
197.58 679.324 9.996 10.8 of
213.588 679.324 38.604 10.8 licences
258.264 679.324 13.992 10.8 for
278.292 679.324 14.628 10.8 the
298.92 679.324 66.624 10.8 dissemination
371.592 679.324 9.996 10.8 of
387.6 679.324 83.464 10.8 out-of-commerce
477.076 679.324 29.328 10.8 works
512.464 679.324 12 10.8 by

70.86 693.144 36.672 10.8 cultural
110.532 693.144 38.64 10.8 heritage
152.172 693.144 56.28 10.8 institutions.
211.452 693.144 13.332 10.8 As
227.784 693.144 35.292 10.8 regards
266.1 693.144 55.284 10.8 audiovisual
324.408 693.144 32.328 10.8 works,
359.736 693.144 33.984 10.8 despite
396.72 693.144 14.664 10.8 the
414.384 693.144 40.096 10.8 growing
457.48 693.144 54 10.8 importance
514.48 693.144 10.02 10.8 of

70.86 706.944 84.528 10.8 video-on-demand
162.588 706.944 48.984 10.8 platforms,
218.772 706.944 16.032 10.8 EU
242.028 706.944 55.356 10.8 audiovisual
304.524 706.944 29.328 10.8 works
341.052 706.944 21.336 10.8 only
369.6 706.944 46.704 10.8 constitute
423.456 706.944 17.328 10.8 one
447.984 706.944 22.704 10.8 third
477.84 706.944 9.996 10.8 of
494.988 706.944 29.328 10.8 works

70.86 738.194 3.24 5.832 1

106.86 740.276 49.5088 9.018 COM(2015)
158.824 740.276 15.03 9.018 192
176.359 740.276 20.7915 9.018 final.

70.86 749.714 3.24 5.832 2

106.86 751.796 49.5088 9.018 COM(2015)
158.824 751.796 15.03 9.018 626
176.359 751.796 20.7915 9.018 final.

28.38 784.188 33.348 22.2 EN

294.62 793.224 6 10.8 3

533.62 784.188 33.348 22.2 EN

70.86 59.544 43.356 10.8 available
117.516 59.544 9.336 10.8 to
130.224 59.544 51.276 10.8 consumers
184.86 59.544 12 10.8 on
200.208 59.544 25.332 10.8 those
228.924 59.544 48.888 10.8 platforms.
281.232 59.544 32.328 10.8 Again,
316.92 59.544 17.376 10.8 this
337.656 59.544 19.992 10.8 lack
360.984 59.544 9.996 10.8 of
374.292 59.544 54.024 10.8 availability
431.604 59.544 28.02 10.8 partly
462.96 59.544 34.596 10.8 derives
500.916 59.544 23.364 10.8 from

70.86 73.344 5.328 10.8 a
80.448 73.344 41.316 10.8 complex
126.012 73.344 45.324 10.8 clearance
175.608 73.344 38.976 10.8 process.
218.844 73.344 21.336 10.8 This
244.452 73.344 41.352 10.8 proposal
290.076 73.344 41.316 10.8 provides
335.652 73.344 13.992 10.8 for
353.94 73.344 44.896 10.8 measures
403.096 73.344 33.216 10.8 aiming
440.584 73.344 8.664 10.8 at
453.52 73.344 52.056 10.8 facilitating
509.824 73.344 14.664 10.8 the

70.86 87.144 43.332 10.8 licensing
118.476 87.144 17.28 10.8 and
140.064 87.144 45.276 10.8 clearance
189.6 87.144 9.996 10.8 of
203.868 87.144 27.372 10.8 rights
235.524 87.144 38.976 10.8 process.
278.82 87.144 21.288 10.8 This
304.368 87.144 30 10.8 would
338.676 87.144 48.708 10.8 ultimately
391.632 87.144 41.904 10.8 facilitate
437.868 87.144 53.412 10.8 consumers'
495.516 87.144 29.02 10.8 cross-

70.86 100.944 31.344 10.8 border
105.204 100.944 30.648 10.8 access
138.852 100.944 9.336 10.8 to
151.188 100.944 94.628 10.8 copyright-protected
248.756 100.944 38.376 10.8 content.

70.86 126.744 47.364 10.8 Evolution
124.056 126.744 9.936 10.8 of
139.764 126.744 30.732 10.8 digital
176.268 126.744 60.672 10.8 technologies
242.772 126.744 15.936 10.8 has
264.54 126.744 14.688 10.8 led
285.036 126.744 9.336 10.8 to
300.144 126.744 14.628 10.8 the
320.592 126.744 51.912 10.8 emergence
378.336 126.744 9.996 10.8 of
394.104 126.744 19.992 10.8 new
419.892 126.744 40.752 10.8 business
466.476 126.744 34.596 10.8 models
506.892 126.744 17.328 10.8 and

70.86 140.564 49.356 10.8 reinforced
124.164 140.564 14.628 10.8 the
142.812 140.564 18.696 10.8 role
165.528 140.564 9.996 10.8 of
179.496 140.564 14.628 10.8 the
198.144 140.564 37.332 10.8 Internet
239.508 140.564 9.996 10.8 as
253.476 140.564 14.664 10.8 the
272.172 140.564 23.928 10.8 main
300.168 140.564 58.632 10.8 marketplace
362.832 140.564 13.896 10.8 for
380.76 140.564 14.664 10.8 the
399.456 140.564 55.308 10.8 distribution
458.772 140.564 17.328 10.8 and
480.12 140.564 30.624 10.8 access
514.776 140.564 9.336 10.8 to

70.86 154.364 94.68 10.8 copyright-protected
172.356 154.364 38.376 10.8 content.
217.56 154.364 9.996 10.8 In
234.408 154.364 17.304 10.8 this
258.516 154.364 19.992 10.8 new
285.324 154.364 55.644 10.8 framework,
347.82 154.364 57.96 10.8 rightholders
412.632 154.364 19.98 10.8 face
439.44 154.364 52.008 10.8 difficulties
498.264 154.364 25.992 10.8 when

70.86 168.164 36.684 10.8 seeking
111.696 168.164 9.336 10.8 to
125.124 168.164 33.324 10.8 license
162.6 168.164 21.996 10.8 their
188.748 168.164 27.336 10.8 rights
220.236 168.164 17.328 10.8 and
241.704 168.164 11.328 10.8 be
257.112 168.164 59.952 10.8 remunerated
321.204 168.164 13.992 10.8 for
339.312 168.164 14.664 10.8 the
358.128 168.164 30.036 10.8 online
392.304 168.164 55.564 10.8 distribution
451.996 168.164 9.996 10.8 of
466.084 168.164 22.02 10.8 their
492.22 168.164 32.328 10.8 works.

70.86 181.964 21.336 10.8 This
97.488 181.964 26.688 10.8 could
129.324 181.964 15.336 10.8 put
149.952 181.964 8.664 10.8 at
163.86 181.964 18 10.8 risk
187.128 181.964 14.628 10.8 the
207.036 181.964 61.872 10.8 development
274.2 181.964 9.996 10.8 of
289.428 181.964 46.044 10.8 European
340.752 181.964 45.276 10.8 creativity
391.236 181.964 17.328 10.8 and
413.844 181.964 51.984 10.8 production
471.12 181.964 9.996 10.8 of
486.288 181.964 38.004 10.8 creative

70.86 195.764 38.376 10.8 content.
112.284 195.764 7.332 10.8 It
122.712 195.764 8.004 10.8 is
133.8 195.764 43.272 10.8 therefore
180.204 195.764 46.656 10.8 necessary
229.908 195.764 9.336 10.8 to
242.376 195.764 46.608 10.8 guarantee
292.092 195.764 17.916 10.8 that
313.14 195.764 35.292 10.8 authors
351.564 195.764 17.28 10.8 and
371.952 195.764 57.972 10.8 rightholders
433.056 195.764 34.644 10.8 receive
470.784 195.764 5.328 10.8 a
479.172 195.764 16.656 10.8 fair
498.96 195.764 25.32 10.8 share

70.86 209.564 9.996 10.8 of
84.468 209.564 14.664 10.8 the
102.804 209.564 25.944 10.8 value
132.372 209.564 18 10.8 that
154.02 209.564 8.004 10.8 is
165.648 209.564 46.596 10.8 generated
215.832 209.564 12 10.8 by
231.42 209.564 14.664 10.8 the
249.708 209.564 15.996 10.8 use
269.376 209.564 9.996 10.8 of
283.1 209.564 22.02 10.8 their
308.696 209.564 29.328 10.8 works
341.684 209.564 17.328 10.8 and
362.552 209.564 24.684 10.8 other
390.848 209.564 71.684 10.8 subject-matter.
466.204 209.564 37.272 10.8 Against
507.1 209.564 17.304 10.8 this

70.86 223.364 59.688 10.8 background,
137.736 223.364 17.376 10.8 this
162.372 223.364 41.292 10.8 proposal
210.948 223.364 41.256 10.8 provides
259.464 223.364 13.992 10.8 for
280.752 223.364 44.664 10.8 measures
332.676 223.364 33.264 10.8 aiming
373.212 223.364 8.664 10.8 at
389.148 223.364 49.968 10.8 improving
446.364 223.364 14.664 10.8 the
468.3 223.364 38.676 10.8 position
514.248 223.364 9.996 10.8 of

70.86 237.164 58.032 10.8 rightholders
133.296 237.164 9.336 10.8 to
147.144 237.164 43.992 10.8 negotiate
195.612 237.164 17.328 10.8 and
217.44 237.164 11.328 10.8 be
233.268 237.164 59.916 10.8 remunerated
297.684 237.164 13.992 10.8 for
316.152 237.164 14.664 10.8 the
335.328 237.164 57.276 10.8 exploitation
397.092 237.164 9.996 10.8 of
411.54 237.164 21.984 10.8 their
438.036 237.164 35.304 10.8 content
477.732 237.164 12 10.8 by
494.22 237.164 30.036 10.8 online

70.86 250.964 38.688 10.8 services
113.676 250.964 30.636 10.8 giving
148.464 250.964 30.672 10.8 access
183.24 250.964 9.336 10.8 to
196.668 250.964 68.06 10.8 user-uploaded
268.868 250.964 38.376 10.8 content.
311.312 250.964 8.664 10.8 A
324.08 250.964 16.656 10.8 fair
344.888 250.964 35.328 10.8 sharing
384.344 250.964 9.996 10.8 of
398.432 250.964 26.016 10.8 value
428.588 250.964 8.004 10.8 is
440.756 250.964 19.356 10.8 also
464.252 250.964 46.596 10.8 necessary
515 250.964 9.336 10.8 to

70.86 264.764 31.356 10.8 ensure
109.896 264.764 14.664 10.8 the
132.192 264.764 64.008 10.8 sustainability
203.856 264.764 9.996 10.8 of
221.484 264.764 14.664 10.8 the
243.84 264.764 24.732 10.8 press
276.264 264.764 58.632 10.8 publications
342.6 264.764 31.584 10.8 sector.
381.876 264.764 25.356 10.8 Press
414.912 264.764 49.368 10.8 publishers
471.948 264.764 14.676 10.8 are
494.244 264.764 29.988 10.8 facing

70.86 278.564 52.008 10.8 difficulties
126.924 278.564 9.336 10.8 in
140.292 278.564 43.332 10.8 licensing
187.728 278.564 21.984 10.8 their
213.804 278.564 58.572 10.8 publications
276.48 278.564 29.964 10.8 online
310.476 278.564 17.328 10.8 and
331.884 278.564 45.288 10.8 obtaining
381.24 278.564 5.328 10.8 a
390.648 278.564 16.656 10.8 fair
411.396 278.564 25.248 10.8 share
440.724 278.564 9.996 10.8 of
454.752 278.564 14.664 10.8 the
473.508 278.564 25.992 10.8 value
503.556 278.564 20.688 10.8 they

70.86 292.364 43.668 10.8 generate.
118.476 292.364 21.264 10.8 This
143.724 292.364 26.688 10.8 could
174.36 292.364 48.564 10.8 ultimately
226.872 292.364 27.324 10.8 affect
258.168 292.364 38.796 10.8 citizens'
300.864 292.364 30.672 10.8 access
335.508 292.364 9.336 10.8 to
348.816 292.364 59.544 10.8 information.
412.332 292.364 21.336 10.8 This
437.64 292.364 41.352 10.8 proposal
482.964 292.364 41.304 10.8 provides

70.86 306.164 13.992 10.8 for
87.888 306.164 5.328 10.8 a
96.276 306.164 19.992 10.8 new
119.304 306.164 22.668 10.8 right
145.032 306.164 13.992 10.8 for
162.06 306.164 24.684 10.8 press
189.756 306.164 49.368 10.8 publishers
242.172 306.164 33.216 10.8 aiming
278.46 306.164 8.664 10.8 at
290.196 306.164 52.056 10.8 facilitating
345.24 306.164 30 10.8 online
378.288 306.164 43.356 10.8 licensing
424.644 306.164 9.996 10.8 of
437.652 306.164 22.02 10.8 their
462.756 306.164 61.56 10.8 publications,

70.86 319.964 14.664 10.8 the
90.996 319.964 56.484 10.8 recoupment
152.952 319.964 9.996 10.8 of
168.36 319.964 22.02 10.8 their
195.804 319.964 52.632 10.8 investment
253.908 319.964 17.328 10.8 and
276.636 319.964 14.664 10.8 the
296.712 319.964 59.904 10.8 enforcement
362.088 319.964 9.996 10.8 of
377.496 319.964 22.02 10.8 their
404.952 319.964 30.532 10.8 rights.
440.968 319.964 7.332 10.8 It
453.736 319.964 19.284 10.8 also
478.444 319.964 46.008 10.8 addresses

70.86 333.764 38.028 10.8 existing
112.476 333.764 23.292 10.8 legal
139.38 333.764 53.964 10.8 uncertainty
196.896 333.764 9.996 10.8 as
210.504 333.764 35.364 10.8 regards
249.408 333.764 14.664 10.8 the
267.684 333.764 50.052 10.8 possibility
321.36 333.764 13.992 10.8 for
338.928 333.764 12.024 10.8 all
354.564 333.764 49.368 10.8 publishers
407.52 333.764 9.336 10.8 to
420.468 333.764 34.668 10.8 receive
458.724 333.764 5.328 10.8 a
467.652 333.764 25.356 10.8 share
496.608 333.764 9.336 10.8 in
509.556 333.764 14.664 10.8 the

70.86 347.564 66.636 10.8 compensation
142.284 347.564 13.992 10.8 for
161.052 347.564 20.664 10.8 uses
186.528 347.564 9.996 10.8 of
201.276 347.564 29.328 10.8 works
235.404 347.564 27.372 10.8 under
267.588 347.564 11.328 10.8 an
283.716 347.564 49.656 10.8 exception.
338.16 347.564 36.96 10.8 Finally,
379.908 347.564 35.352 10.8 authors
420.072 347.564 17.28 10.8 and
442.14 347.564 52.644 10.8 performers
499.584 347.564 24.648 10.8 often

70.86 361.364 22.656 10.8 have
96.828 361.364 5.328 10.8 a
105.456 361.364 25.32 10.8 weak
134.064 361.364 51.312 10.8 bargaining
188.688 361.364 38.736 10.8 position
230.652 361.364 9.336 10.8 in
243.3 361.364 21.984 10.8 their
268.596 361.364 53.396 10.8 contractual
325.304 361.364 64.284 10.8 relationships,
392.912 361.364 25.992 10.8 when
422.18 361.364 43.368 10.8 licensing
468.836 361.364 22.02 10.8 their
494.132 361.364 30.336 10.8 rights.

70.86 375.164 9.996 10.8 In
84.048 375.164 42.36 10.8 addition,
129.564 375.164 61.344 10.8 transparency
194.04 375.164 12 10.8 on
209.208 375.164 14.664 10.8 the
227.064 375.164 42.672 10.8 revenues
272.94 375.164 46.632 10.8 generated
322.716 375.164 12 10.8 by
337.884 375.164 14.664 10.8 the
355.74 375.164 15.996 10.8 use
374.928 375.164 9.996 10.8 of
388.056 375.164 22.02 10.8 their
413.28 375.164 29.328 10.8 works
445.788 375.164 9.996 10.8 or
458.976 375.164 65.244 10.8 performances

70.86 388.964 24.648 10.8 often
98.856 388.964 37.944 10.8 remains
140.16 388.964 36.984 10.8 limited.
180.504 388.964 21.336 10.8 This
205.212 388.964 48.612 10.8 ultimately
257.148 388.964 31.956 10.8 affects
292.464 388.964 14.664 10.8 the
310.5 388.964 63.924 10.8 remuneration
377.772 388.964 9.996 10.8 of
391.08 388.964 14.664 10.8 the
409.116 388.964 35.352 10.8 authors
447.84 388.964 17.328 10.8 and
468.528 388.964 55.584 10.8 performers.

70.86 402.764 21.336 10.8 This
97.728 402.764 41.328 10.8 proposal
144.62 402.764 39.996 10.8 includes
190.088 402.764 44.604 10.8 measures
240.212 402.764 9.336 10.8 to
255.08 402.764 39.924 10.8 improve
300.536 402.764 61.296 10.8 transparency
367.292 402.764 17.328 10.8 and
390.14 402.764 27.348 10.8 better
422.936 402.764 42.696 10.8 balanced
471.08 402.764 53.304 10.8 contractual

70.86 416.584 61.32 10.8 relationships
137.304 416.584 40.008 10.8 between
182.46 416.584 35.316 10.8 authors
222.936 416.584 17.328 10.8 and
245.364 416.584 52.584 10.8 performers
303.168 416.584 17.328 10.8 and
325.656 416.584 25.332 10.8 those
356.172 416.584 9.336 10.8 to
370.62 416.584 30.024 10.8 whom
405.696 416.584 20.748 10.8 they
431.592 416.584 30.024 10.8 assign
466.788 416.584 21.996 10.8 their
493.956 416.584 30.312 10.8 rights.

70.86 430.324 39.024 10.8 Overall,
116.016 430.324 14.664 10.8 the
136.824 430.324 44.604 10.8 measures
187.548 430.324 44.016 10.8 proposed
237.684 430.324 9.336 10.8 in
253.152 430.324 18.696 10.8 title
277.968 430.324 12.66 10.8 IV
296.796 430.324 9.996 10.8 of
312.864 430.324 14.664 10.8 the
333.672 430.324 41.328 10.8 proposal
381.18 430.324 33.216 10.8 aiming
420.588 430.324 8.664 10.8 at
435.444 430.324 46.584 10.8 achieving
488.16 430.324 5.328 10.8 a
499.668 430.324 24.928 10.8 well-

70.86 444.124 55.356 10.8 functioning
130.608 444.124 33.252 10.8 market
168.312 444.124 25.296 10.8 place
198.048 444.124 13.992 10.8 for
216.456 444.124 45.948 10.8 copyright
266.844 444.124 14.604 10.8 are
285.9 444.124 42.636 10.8 expected
332.916 444.124 9.336 10.8 to
346.704 444.124 22.548 10.8 have
373.692 444.124 9.336 10.8 in
387.42 444.124 14.664 10.8 the
406.488 444.124 39.3 10.8 medium
450.144 444.124 22.02 10.8 term
476.52 444.124 5.328 10.8 a
486.336 444.124 37.956 10.8 positive

70.86 457.924 32.592 10.8 impact
107.436 457.924 12 10.8 on
123.384 457.924 14.664 10.8 the
142.02 457.924 51.948 10.8 production
197.916 457.924 17.328 10.8 and
219.204 457.924 54 10.8 availability
277.14 457.924 9.996 10.8 of
291.048 457.924 35.352 10.8 content
330.372 457.924 17.328 10.8 and
351.66 457.924 12 10.8 on
367.548 457.924 29.256 10.8 media
400.764 457.924 48.288 10.8 pluralism,
453 457.924 9.336 10.8 to
466.308 457.924 14.664 10.8 the
484.944 457.924 39.324 10.8 ultimate

70.86 471.724 33.324 10.8 benefit
107.208 471.724 9.996 10.8 of
120.204 471.724 54.24 10.8 consumers.

70.86 497.716 4.2 10.716 •

113.34 497.644 61.356 10.8 Consistency
177.636 497.644 22.62 10.8 with
203.256 497.644 39.36 10.8 existing
245.616 497.644 30.672 10.8 policy
279.288 497.644 52.68 10.8 provisions
334.968 497.644 10.008 10.8 in
347.928 497.644 15.948 10.8 the
366.876 497.644 30.844 10.8 policy
400.72 497.644 22.608 10.8 area

70.86 517.324 18.66 10.8 The
93.708 517.324 33.372 10.8 Digital
131.232 517.324 30.696 10.8 Single
166.128 517.324 34.632 10.8 Market
204.972 517.324 39.996 10.8 Strategy
249.18 517.324 20.004 10.8 puts
273.408 517.324 37.98 10.8 forward
315.576 517.324 5.328 10.8 a
325.104 517.324 26.676 10.8 range
355.98 517.324 9.996 10.8 of
370.188 517.324 47.352 10.8 initiatives
421.692 517.324 21.336 10.8 with
447.24 517.324 14.664 10.8 the
466.116 517.324 43.956 10.8 objective
514.272 517.324 9.996 10.8 of

70.86 531.124 38.676 10.8 creating
112.776 531.124 11.328 10.8 an
127.284 531.124 36.648 10.8 internal
167.16 531.124 33.252 10.8 market
203.664 531.124 13.992 10.8 for
220.872 531.124 30.624 10.8 digital
254.688 531.124 35.352 10.8 content
293.244 531.124 17.328 10.8 and
313.752 531.124 41.676 10.8 services.
358.596 531.124 9.996 10.8 In
371.784 531.124 49.224 10.8 December
424.26 531.124 27.048 10.8 2015,
454.536 531.124 5.328 10.8 a
463.104 531.124 19.332 10.8 first
485.64 531.124 19.308 10.8 step
508.176 531.124 15.996 10.8 has

70.86 544.924 22.656 10.8 been
98.088 544.924 53.256 10.8 undertaken
155.916 544.924 12 10.8 by
172.464 544.924 14.664 10.8 the
191.652 544.924 42.024 10.8 adoption
238.248 544.924 11.94 10.8 by
254.736 544.924 14.664 10.8 the
273.972 544.924 60.564 10.8 Commission
339.108 544.924 9.996 10.8 of
353.676 544.924 5.328 10.8 a
363.74 544.924 41.352 10.8 proposal
409.664 544.924 13.896 10.8 for
428.132 544.924 5.328 10.8 a
438.02 544.924 52.668 10.8 Regulation
495.248 544.924 9.996 10.8 of
509.756 544.924 14.664 10.8 the

70.86 558.724 46.008 10.8 European
121.656 558.724 51.924 10.8 Parliament
178.392 558.724 17.328 10.8 and
200.52 558.724 9.996 10.8 of
215.268 558.724 14.664 10.8 the
234.744 558.724 38.052 10.8 Council
277.608 558.724 12 10.8 on
294.396 558.724 41.304 10.8 ensuring
340.512 558.724 14.664 10.8 the
359.928 558.724 60.256 10.8 cross-border
424.936 558.724 50.004 10.8 portability
479.752 558.724 9.996 10.8 of
494.5 558.724 30.036 10.8 online

70.86 572.524 35.352 10.8 content
109.176 572.524 38.652 10.8 services
150.828 572.524 9.336 10.8 in
163.164 572.524 14.664 10.8 the
180.792 572.524 36.648 10.8 internal
220.44 572.524 33.252 10.8 market
253.82 569.75 3.99 7.182 3
257.84 572.524 3 10.8 .

70.86 598.324 18.66 10.8 The
95.268 598.324 34.68 10.8 present
135.684 598.324 41.352 10.8 proposal
182.808 598.324 22.548 10.8 aims
211.116 598.324 8.664 10.8 at
225.552 598.324 51.372 10.8 addressing
282.696 598.324 33.924 10.8 several
322.392 598.324 9.996 10.8 of
338.1 598.324 14.664 10.8 the
358.536 598.324 38.676 10.8 targeted
402.972 598.324 33.948 10.8 actions
442.68 598.324 45.996 10.8 identified
494.424 598.324 9.336 10.8 in
509.532 598.324 14.664 10.8 the

70.86 612.124 77.34 10.8 Communication
153.492 612.004 45.948 10.908 ‘Towards
204.72 612.004 5.328 10.908 a
215.388 612.004 39.588 10.908 modern,
260.304 612.004 24.564 10.908 more
290.16 612.004 46.044 10.908 European
341.484 612.004 45.984 10.908 copyright
392.76 612.004 59.568 10.908 framework’.
457.596 612.004 27.324 10.908 Other
490.212 612.004 34.032 10.908 actions

70.86 625.804 45.984 10.908 identified
123.156 625.804 9.336 10.908 in
138.744 625.804 17.376 10.908 this
162.42 625.804 77.328 10.908 Communication
245.976 625.804 14.676 10.908 are
266.952 625.804 37.956 10.908 covered
311.148 625.804 12 10.908 by
329.436 625.804 14.664 10.908 the
350.352 625.804 45.996 10.908 ‘Proposal
402.66 625.804 13.992 10.908 for
422.868 625.804 5.328 10.908 a
434.496 625.804 52.62 10.908 Regulation
493.404 625.804 9.996 10.908 of
509.652 625.804 14.664 10.908 the

70.86 639.724 46.008 10.8 European
120.876 639.724 51.924 10.8 Parliament
176.832 639.724 17.328 10.8 and
198.18 639.724 9.996 10.8 of
212.148 639.724 14.664 10.8 the
230.844 639.724 38.052 10.8 Council
272.928 639.724 30 10.8 laying
306.876 639.724 26.664 10.8 down
337.524 639.724 23.364 10.8 rules
364.92 639.724 12 10.8 on
380.928 639.724 14.664 10.8 the
399.624 639.724 39.336 10.8 exercise
442.98 639.724 9.996 10.8 of
456.948 639.724 46.02 10.8 copyright
507.012 639.724 17.608 10.8 and

70.86 653.524 32.676 10.8 related
108.936 653.524 27.312 10.8 rights
141.672 653.524 49.32 10.8 applicable
196.38 653.524 9.336 10.8 to
211.188 653.524 32.628 10.8 certain
249.204 653.524 30.036 10.8 online
284.64 653.524 65.22 10.8 transmissions
355.344 653.524 9.996 10.8 of
370.752 653.524 61.296 10.8 broadcasting
437.496 653.524 63.936 10.8 organisations
506.892 653.524 17.328 10.8 and

70.86 667.204 74.604 10.908 retransmissions
149.784 667.204 9.996 10.908 of
164.052 667.204 46.764 10.908 television
215.124 667.204 17.328 10.908 and
236.772 667.204 24.66 10.908 radio
265.74 667.204 63.84 10.908 programmes’
329.84 664.55 3.99 7.182 4
333.86 667.204 3 10.908 ,
341.168 667.204 14.664 10.908 the
360.164 667.204 46.02 10.908 ‘Proposal
410.528 667.204 13.992 10.908 for
428.816 667.204 5.328 10.908 a
438.464 667.204 52.668 10.908 Regulation
495.44 667.204 9.996 10.908 of
509.708 667.204 14.664 10.908 the

70.86 681.124 46.008 10.8 European
120.096 681.124 51.852 10.8 Parliament
175.2 681.124 17.328 10.8 and
195.768 681.124 9.996 10.8 of
208.956 681.124 14.664 10.8 the
226.872 681.124 37.944 10.8 Council
268.008 681.124 12 10.8 on
283.236 681.124 14.628 10.8 the
301.104 681.124 60.116 10.8 cross-border
364.448 681.124 45.264 10.8 exchange
412.976 681.124 39.92 10.8 between
456.148 681.124 14.664 10.8 the
474.016 681.124 30 10.8 Union
507.244 681.124 17.328 10.8 and

70.86 694.944 22.704 10.8 third
96.756 694.944 43.98 10.8 countries
143.892 694.944 9.996 10.8 of
157.02 694.944 48.66 10.8 accessible
208.872 694.944 31.932 10.8 format
243.996 694.944 30.684 10.8 copies
277.872 694.944 9.996 10.8 of
291 694.944 32.688 10.8 certain
326.856 694.944 29.328 10.8 works
359.364 694.944 17.328 10.8 and
379.872 694.944 24.684 10.8 other
407.748 694.944 68.944 10.8 subject-matter
479.884 694.944 44.688 10.8 protected

70.86 708.744 12 10.8 by
86.568 708.744 45.984 10.8 copyright
136.284 708.744 17.328 10.8 and
157.332 708.744 32.676 10.8 related
193.668 708.744 27.372 10.8 rights
224.784 708.744 13.992 10.8 for
242.472 708.744 14.628 10.8 the
260.82 708.744 33.324 10.8 benefit
297.876 708.744 9.996 10.8 of
311.544 708.744 36.684 10.8 persons
351.96 708.744 20.664 10.8 who
376.368 708.744 14.676 10.8 are
394.764 708.744 27.648 10.8 blind,
426.12 708.744 38.076 10.8 visually
467.904 708.744 42.636 10.8 impaired
514.248 708.744 9.996 10.8 or

70.86 738.194 3.24 5.832 3

106.86 740.276 49.5088 9.018 COM(2015)
158.824 740.276 15.03 9.018 627
176.36 740.276 20.8115 9.018 final.

70.86 749.714 3.24 5.832 4

106.86 751.796 49.5088 9.018 COM(2016)
158.824 751.796 15.03 9.018 594
176.359 751.796 20.7915 9.018 final.

28.38 784.188 33.348 22.2 EN

294.62 793.224 6 10.8 4

533.62 784.188 33.348 22.2 EN

70.86 59.424 46.68 10.908 otherwise
120.696 59.424 22.632 10.908 print
146.532 59.424 43.944 10.908 disabled’
190.52 56.7697 3.99 7.182 5
197.72 59.424 17.328 10.908 and
218.228 59.424 14.664 10.908 the
236.024 59.424 45.996 10.908 ‘Proposal
285.26 59.544 13.992 10.8 for
302.408 59.544 5.328 10.8 a
310.856 59.544 44.676 10.8 Directive
358.712 59.544 9.996 10.8 of
371.78 59.544 14.664 10.8 the
389.636 59.544 45.984 10.8 European
438.764 59.544 51.912 10.8 Parliament
493.868 59.544 17.328 10.8 and
514.376 59.544 9.996 10.8 of

70.86 73.344 14.664 10.8 the
92.436 73.344 38.004 10.8 Council
137.304 73.344 12 10.8 on
156.192 73.344 32.712 10.8 certain
195.756 73.344 45.984 10.8 permitted
248.628 73.344 20.664 10.8 uses
276.204 73.344 9.996 10.8 of
293.052 73.344 29.352 10.8 works
329.316 73.344 17.328 10.8 and
353.544 73.344 24.684 10.8 other
385.14 73.344 68.872 10.8 subject-matter
460.924 73.344 44.676 10.8 protected
512.5 73.344 12 10.8 by

70.86 87.144 45.984 10.8 copyright
121.716 87.144 17.28 10.8 and
143.844 87.144 32.676 10.8 related
181.38 87.144 27.336 10.8 rights
213.588 87.144 13.992 10.8 for
232.416 87.144 14.628 10.8 the
251.904 87.144 33.324 10.8 benefit
290.1 87.144 9.996 10.8 of
304.908 87.144 36.684 10.8 persons
346.464 87.144 20.664 10.8 who
371.952 87.144 14.676 10.8 are
391.488 87.144 27.636 10.8 blind,
423.936 87.144 38.04 10.8 visually
466.812 87.144 42.696 10.8 impaired
514.368 87.144 9.936 10.8 or

70.86 100.944 46.68 10.8 otherwise
121.104 100.944 22.608 10.8 print
147.252 100.944 39.996 10.8 disabled
190.716 100.944 17.328 10.8 and
211.7 100.944 47.328 10.8 amending
262.556 100.944 44.676 10.8 Directive
310.712 100.944 58.044 10.8 2001/29/EC
372.248 100.944 12 10.8 on
387.776 100.944 14.664 10.8 the
405.992 100.944 68.712 10.8 harmonisation
478.196 100.944 9.996 10.8 of
491.684 100.944 32.712 10.8 certain

70.86 114.624 34.704 10.908 aspects
109.164 114.624 9.996 10.908 of
122.712 114.624 46.02 10.908 copyright
172.356 114.624 17.28 10.908 and
193.224 114.624 32.7 10.908 related
229.488 114.624 27.312 10.908 rights
260.424 114.624 9.336 10.908 in
273.372 114.624 14.664 10.908 the
291.648 114.624 56.592 10.908 information
351.852 114.624 37.992 10.908 society’
390.1 111.97 3.99 7.182 6
394.12 114.744 3 10.8 ,
400.708 114.744 38.016 10.8 adopted
442.324 114.744 12 10.8 on
457.912 114.744 14.664 10.8 the
476.188 114.744 24.588 10.8 same
504.376 114.744 20.016 10.8 date

70.86 128.544 9.996 10.8 of
83.82 128.544 17.376 10.8 this
104.196 128.544 41.292 10.8 proposal
148.524 128.544 13.956 10.8 for
165.48 128.544 5.328 10.8 a
173.832 128.544 47.616 10.8 Directive.

70.86 154.364 21.336 10.8 This
95.988 154.364 41.328 10.8 proposal
141.096 154.364 8.004 10.8 is
152.904 154.364 48 10.8 consistent
204.672 154.364 21.336 10.8 with
229.8 154.364 14.664 10.8 the
248.208 154.364 38.076 10.8 existing
290.052 154.364 15.924 10.8 EU
309.72 154.364 46.02 10.8 copyright
359.496 154.364 23.352 10.8 legal
386.86 154.364 55.608 10.8 framework.
446.236 154.364 21.336 10.8 This
471.364 154.364 41.352 10.8 proposal
516.508 154.364 8.004 10.8 is

70.86 168.164 27.348 10.8 based
106.356 168.164 26.94 10.8 upon,
141.444 168.164 17.328 10.8 and
166.932 168.164 63.936 10.8 complements
239.028 168.164 14.664 10.8 the
261.864 168.164 23.364 10.8 rules
293.34 168.164 17.94 10.8 laid
319.428 168.164 26.664 10.8 down
354.216 168.164 9.336 10.8 in
371.724 168.164 44.676 10.8 Directive
424.5 168.164 40.044 10.8 96/9/EC
464.74 165.39 3.99 7.182 7
468.76 168.164 3 10.8 ,
479.908 168.164 44.664 10.8 Directive

70.86 181.964 58.044 10.8 2001/29/EC
128.9 179.19 3.99 7.182 8
132.92 181.964 3 10.8 ,
140.288 181.964 44.676 10.8 Directive
189.344 181.964 64.02 10.8 2006/115/EC
253.34 179.19 3.99 7.182 9
257.36 181.964 3 10.8 ,
264.728 181.964 44.676 10.8 Directive
313.784 181.964 57.984 10.8 2009/24/EC
371.8 179.19 8.01 7.182 10
379.84 181.964 3 10.8 ,
387.208 181.964 44.676 10.8 Directive
436.264 181.964 58.644 10.8 2012/28/EU
494.92 179.19 8.01 7.182 11
507.34 181.964 17.28 10.8 and

70.86 195.764 44.676 10.8 Directive
123.036 195.764 58.644 10.8 2014/26/EU
181.7 192.99 8.01 7.182 12
189.74 195.764 3 10.8 .
200.24 195.764 29.328 10.8 Those
237.068 195.764 52.332 10.8 Directives,
296.912 195.764 9.996 10.8 as
314.42 195.764 20.664 10.8 well
342.596 195.764 9.996 10.8 as
360.104 195.764 17.34 10.8 this
384.932 195.764 44.516 10.8 proposal,
436.876 195.764 48.66 10.8 contribute
493 195.764 9.336 10.8 to
509.848 195.764 14.664 10.8 the

70.86 209.564 55.368 10.8 functioning
131.256 209.564 9.996 10.8 of
146.304 209.564 14.664 10.8 the
166.08 209.564 36.696 10.8 internal
207.876 209.564 36.276 10.8 market,
249.24 209.564 31.356 10.8 ensure
285.696 209.564 5.328 10.8 a
296.124 209.564 21.24 10.8 high
322.452 209.564 23.352 10.8 level
350.916 209.564 9.996 10.8 of
365.904 209.564 48.696 10.8 protection
419.7 209.564 13.896 10.8 for
438.708 209.564 22.644 10.8 right
466.464 209.564 35.316 10.8 holders
506.88 209.564 17.328 10.8 and

70.86 223.364 41.976 10.8 facilitate
115.836 223.364 14.688 10.8 the
133.476 223.364 45.312 10.8 clearance
181.788 223.364 9.996 10.8 of
194.712 223.364 30.372 10.8 rights.

70.86 249.164 21.336 10.8 This
95.196 249.164 41.316 10.8 proposal
139.536 249.164 63.996 10.8 complements
206.532 249.164 44.568 10.8 Directive
254.1 249.164 58.668 10.8 2010/13/EU
312.86 246.39 8.01 7.182 13
323.9 249.164 17.328 10.8 and
344.228 249.164 14.688 10.8 the
361.868 249.164 41.352 10.8 proposal
403.24 246.39 8.01 7.182 14
414.28 249.164 47.328 10.8 amending
464.608 249.164 9.672 10.8 it.

70.86 275.156 4.2 10.716 •

113.34 275.084 61.356 10.8 Consistency
177.636 275.084 22.62 10.8 with
203.256 275.084 27.324 10.8 other
233.66 275.084 31.308 10.8 Union
267.968 275.084 38.064 10.8 policies

70.86 294.764 21.336 10.8 This
97.14 294.764 41.328 10.8 proposal
143.42 294.764 30 10.8 would
178.34 294.764 42 10.8 facilitate
225.32 294.764 46.656 10.8 education
276.92 294.764 17.328 10.8 and
299.18 294.764 42.996 10.8 research,
347.12 294.764 39.924 10.8 improve
392.02 294.764 66.684 10.8 dissemination
463.66 294.764 9.996 10.8 of
478.54 294.764 46.008 10.8 European

70.86 308.564 38.004 10.8 cultures
113.46 308.564 17.328 10.8 and
135.32 308.564 47.364 10.8 positively
187.22 308.564 32.592 10.8 impact
224.42 308.564 36.624 10.8 cultural
265.64 308.564 44.928 10.8 diversity.
315.14 308.564 21.336 10.8 This
341.06 308.564 44.616 10.8 Directive
390.22 308.564 8.028 10.8 is
402.82 308.564 43.248 10.8 therefore
450.64 308.564 47.988 10.8 consistent
503.2 308.564 21.336 10.8 with

70.86 322.364 38.004 10.8 Articles
112.86 322.364 20.94 10.8 165,
137.78 322.364 18 10.8 167
159.74 322.364 17.328 10.8 and
181.04 322.364 17.94 10.8 179
202.94 322.364 9.996 10.8 of
216.86 322.364 14.664 10.8 the
235.52 322.364 31.308 10.8 Treaty
270.8 322.364 12 10.8 on
286.7 322.364 14.664 10.8 the
305.24 322.364 58.08 10.8 Functioning
367.22 322.364 9.996 10.8 of
381.16 322.364 14.664 10.8 the
399.82 322.364 45.936 10.8 European
449.74 322.364 30 10.8 Union
483.64 322.364 40.956 10.8 (TFEU).

70.86 336.164 62.964 10.8 Furthermore,
137.24 336.164 17.376 10.8 this
158 336.164 41.328 10.8 proposal
202.7 336.164 53.268 10.8 contributes
259.34 336.164 9.36 10.8 to
272.06 336.164 49.968 10.8 promoting
325.4 336.164 14.664 10.8 the
343.46 336.164 39.984 10.8 interests
386.86 336.164 9.996 10.8 of
400.18 336.164 54.276 10.8 consumers,
457.84 336.164 9.36 10.8 in
470.56 336.164 54.012 10.8 accordance

70.86 349.964 21.336 10.8 with
95.46 349.964 14.664 10.8 the
113.4 349.964 15.984 10.8 EU
132.62 349.964 37.368 10.8 policies
173.24 349.964 9.36 10.8 in
185.84 349.964 14.628 10.8 the
203.72 349.964 21.996 10.8 field
228.98 349.964 9.996 10.8 of
242.18 349.964 46.584 10.8 consumer
292.04 349.964 48.756 10.8 protection
344.06 349.964 17.328 10.8 and
364.58 349.964 33.312 10.8 Article
401.2 349.964 18 10.8 169
422.44 349.964 32.964 10.8 TFEU,
458.62 349.964 12 10.8 by
473.86 349.964 42.084 10.8 allowing
519.22 349.964 5.328 10.8 a

70.86 363.764 27.324 10.8 wider
101.22 363.764 30.648 10.8 access
134.84 363.764 9.36 10.8 to
147.2 363.764 17.328 10.8 and
167.54 363.764 15.996 10.8 use
186.56 363.764 9.936 10.8 of
199.46 363.764 94.728 10.8 copyright-protected
297.2 363.764 38.304 10.8 content.

70.86 395.684 9 10.8 2.

113.34 395.684 41.964 10.8 LEGAL
157.7 395.684 37.704 10.8 BASIS,
197.84 395.684 86.628 10.8 SUBSIDIARITY
286.88 395.684 25.944 10.8 AND
315.2 395.684 119.364 10.8 PROPORTIONALITY

70.86 415.576 4.2 10.716 •

113.34 415.504 28.668 10.8 Legal
145.04 415.504 25.344 10.8 basis

70.86 435.184 18.66 10.8 The
94.26 435.184 41.304 10.8 proposal
140.36 435.184 8.028 10.8 is
153.08 435.184 27.288 10.8 based
185.12 435.184 11.94 10.8 on
201.8 435.184 33.324 10.8 Article
239.84 435.184 17.94 10.8 114
262.52 435.184 32.964 10.8 TFEU.
300.2 435.184 21.336 10.8 This
326.3 435.184 33.288 10.8 Article
364.28 435.184 35.316 10.8 confers
404.38 435.184 12 10.8 on
421.06 435.184 14.628 10.8 the
440.44 435.184 15.984 10.8 EU
461.14 435.184 14.664 10.8 the
480.46 435.184 29.988 10.8 power
515.2 435.184 9.36 10.8 to

70.86 448.984 26.664 10.8 adopt
101.76 448.984 44.604 10.8 measures
150.62 448.984 29.328 10.8 which
184.1 448.984 22.656 10.8 have
210.98 448.984 10.008 10.8 as
225.14 448.984 22.02 10.8 their
251.36 448.984 29.328 10.8 object
284.84 448.984 14.664 10.8 the
303.68 448.984 65.94 10.8 establishment
373.9 448.984 17.328 10.8 and
395.44 448.984 55.308 10.8 functioning
454.96 448.984 9.996 10.8 of
469.12 448.984 14.628 10.8 the
487.96 448.984 36.66 10.8 internal

70.86 462.784 36.276 10.8 market.

70.86 503.634 3.24 5.832 5

106.86 505.716 49.5088 9.018 COM(2016)
158.824 505.716 15.03 9.018 595
176.359 505.716 20.7915 9.018 final.

70.86 515.094 3.24 5.832 6

106.86 517.176 49.5088 9.018 COM(2016)
158.824 517.176 15.03 9.018 596
176.359 517.176 20.7915 9.018 final.

70.86 526.614 3.24 5.832 7

106.32 528.696 37.2343 9.018 Directive
148.063 528.696 33.3466 9.018 96/9/EC
185.909 528.696 8.34666 9.018 of
198.845 528.696 12.1543 9.018 the
215.568 528.696 38.2463 9.018 European
258.394 528.696 43.2563 9.018 Parliament
306.199 528.696 14.4689 9.018 and
325.207 528.696 8.34666 9.018 of
338.093 528.696 12.1543 9.018 the
354.816 528.696 31.6532 9.018 Council
390.998 528.696 8.34666 9.018 of
403.824 528.696 10.02 9.018 11
418.393 528.696 26.062 9.018 March
448.974 528.696 20.04 9.018 1996
473.563 528.696 10.02 9.018 on
488.132 528.696 12.1843 9.018 the
504.855 528.696 19.4087 9.018 legal

106.32 540.216 40.581 9.018 protection
149.406 540.216 8.30658 9.018 of
160.218 540.216 38.3165 9.018 databases
200.999 540.216 14.509 9.018 (OJ
217.953 540.216 6.12222 9.018 L
226.55 540.216 17.535 9.018 077,
246.59 540.216 47.5148 9.018 27.03.1996,
296.61 540.216 7.515 9.018 p.
306.59 540.216 29.1718 9.018 20-28).

70.86 549.594 3.24 5.832 8

106.32 551.676 37.2343 9.018 Directive
149.206 551.676 48.3164 9.018 2001/29/EC
203.133 551.676 8.34666 9.018 of
217.22 551.676 12.1843 9.018 the
235.026 551.676 38.3566 9.018 European
279.043 551.676 43.2463 9.018 Parliament
327.911 551.676 14.4689 9.018 and
348.001 551.676 8.34666 9.018 of
362.019 551.676 12.2444 9.018 the
379.885 551.676 31.6532 9.018 Council
417.139 551.676 8.34666 9.018 of
431.157 551.676 10.02 9.018 22
446.858 551.676 18.2665 9.018 May
470.726 551.676 20.0901 9.018 2001
496.447 551.676 10.02 9.018 on
512.099 551.676 12.1843 9.018 the

106.32 563.196 57.2142 9.018 harmonisation
166.941 563.196 8.34666 9.018 of
178.735 563.196 27.2143 9.018 certain
209.446 563.196 28.7875 9.018 aspects
241.71 563.196 8.34666 9.018 of
253.524 563.196 38.3065 9.018 copyright
295.277 563.196 14.4288 9.018 and
313.143 563.196 27.2143 9.018 related
343.784 563.196 22.7955 9.018 rights
370.056 563.196 7.79556 9.018 in
381.329 563.196 12.1543 9.018 the
396.97 563.196 47.1541 9.018 information
447.641 563.196 28.2364 9.018 society
479.314 563.196 14.509 9.018 (OJ
497.24 563.196 6.12222 9.018 L
506.829 563.196 17.4749 9.018 167,

106.32 574.716 42.5249 9.018 22.6.2001,
151.35 574.716 7.515 9.018 p.
161.37 574.716 30.8117 9.018 10–19).

70.86 584.094 3.24 5.832 9

106.32 586.176 37.2343 9.018 Directive
146.62 586.176 53.3866 9.018 2006/115/EC
203.063 586.176 8.34666 9.018 of
214.516 586.176 12.2444 9.018 the
229.806 586.176 38.3165 9.018 European
271.259 586.176 43.2664 9.018 Parliament
317.632 586.176 14.4689 9.018 and
335.187 586.176 8.34666 9.018 of
346.58 586.176 12.2444 9.018 the
361.93 586.176 31.8597 9.018 Council
396.816 586.176 8.34666 9.018 of
408.269 586.176 10.02 9.018 12
421.395 586.176 41.0519 9.018 December
465.523 586.176 20.04 9.018 2006
488.609 586.176 10.02 9.018 on
501.725 586.176 22.7654 9.018 rental

106.32 597.696 18.8977 9.018 right
128.093 597.696 14.4288 9.018 and
145.418 597.696 29.9398 9.018 lending
178.213 597.696 18.8977 9.018 right
199.987 597.696 14.4288 9.018 and
217.251 597.696 10.02 9.018 on
230.137 597.696 27.2143 9.018 certain
260.187 597.696 22.7955 9.018 rights
285.798 597.696 27.2143 9.018 related
315.908 597.696 7.79556 9.018 to
326.58 597.696 38.2964 9.018 copyright
367.722 597.696 7.79556 9.018 in
378.393 597.696 12.1543 9.018 the
393.443 597.696 18.2765 9.018 field
414.615 597.696 8.34666 9.018 of
425.828 597.696 44.4086 9.018 intellectual
473.102 597.696 33.8676 9.018 property
509.805 597.696 14.509 9.018 (OJ

106.32 609.216 6.12222 9.018 L
114.947 609.216 17.4849 9.018 376,
134.927 609.216 47.5549 9.018 27.12.2006,
184.987 609.216 7.47492 9.018 p.
194.967 609.216 30.8547 9.018 28–35).

70.86 618.594 6.48 5.832 10

106.32 620.676 37.2343 9.018 Directive
147.462 620.676 48.3966 9.018 2009/24/EC
199.696 620.676 8.34666 9.018 of
211.931 620.676 12.2444 9.018 the
228.063 620.676 38.3566 9.018 European
270.337 620.676 43.2664 9.018 Parliament
317.491 620.676 14.4689 9.018 and
335.888 620.676 8.34666 9.018 of
348.123 620.676 12.2444 9.018 the
364.255 620.676 31.7333 9.018 Council
399.826 620.676 8.34666 9.018 of
412.06 620.676 10.02 9.018 23
426.018 620.676 21.1622 9.018 April
451.018 620.676 20.202 9.018 2009
475.108 620.676 10.02 9.018 on
489.016 620.676 12.2444 9.018 the
505.148 620.676 19.4488 9.018 legal

106.32 632.196 40.581 9.018 protection
149.406 632.196 8.30658 9.018 of
160.248 632.196 37.7053 9.018 computer
200.458 632.196 37.7053 9.018 programs
240.668 632.196 14.4989 9.018 (OJ
257.672 632.196 6.12222 9.018 L
266.239 632.196 17.535 9.018 111,
286.279 632.196 37.4948 9.018 5.5.2009,
326.279 632.196 7.515 9.018 p.
336.299 632.196 30.8425 9.018 16–22).

70.86 641.634 6.48 5.832 11

106.86 643.716 37.2343 9.018 Directive
147.702 643.716 48.8575 9.018 2012/28/EU
200.236 643.716 8.34666 9.018 of
212.23 643.716 12.2444 9.018 the
228.062 643.716 38.3566 9.018 European
270.036 643.716 43.2463 9.018 Parliament
316.929 643.716 14.4689 9.018 and
335.025 643.716 8.34666 9.018 of
347.059 643.716 12.1543 9.018 the
362.881 643.716 31.7033 9.018 Council
398.212 643.716 8.34666 9.018 of
410.145 643.716 10.02 9.018 25
423.803 643.716 32.2343 9.018 October
459.654 643.716 19.9799 9.018 2012
483.271 643.716 10.02 9.018 on
496.939 643.716 27.2143 9.018 certain

106.86 655.176 38.2363 9.018 permitted
147.631 655.176 17.2745 9.018 uses
167.361 655.176 8.34666 9.018 of
178.212 655.176 27.7554 9.018 orphan
208.473 655.176 24.4288 9.018 works
235.387 655.176 14.509 9.018 (OJ
252.34 655.176 6.12222 9.018 L
260.938 655.176 17.535 9.018 299,
280.917 655.176 47.5349 9.018 27.10.2012,
330.957 655.176 7.515 9.018 p.
340.917 655.176 25.9244 9.018 5–12).

70.86 664.55 8.01 7.182 12

106.32 668.676 37.2343 9.018 Directive
146.21 668.676 48.888 9.018 2014/26/EU
197.753 668.676 8.34666 9.018 of
208.765 668.676 12.2444 9.018 the
223.574 668.676 38.3566 9.018 European
264.586 668.676 43.2664 9.018 Parliament
310.478 668.676 14.4689 9.018 and
327.612 668.676 8.34666 9.018 of
338.624 668.676 12.1543 9.018 the
353.434 668.676 31.7333 9.018 Council
387.742 668.676 8.34666 9.018 of
398.694 668.676 10.02 9.018 26
411.389 668.676 36.062 9.018 February
450.077 668.676 20.04 9.018 2014
472.742 668.676 10.02 9.018 on
485.387 668.676 38.8876 9.018 collective

106.32 680.496 51.0519 9.018 management
159.997 680.496 8.34666 9.018 of
171.009 680.496 38.3365 9.018 copyright
211.981 680.496 14.4288 9.018 and
229.005 680.496 27.2143 9.018 related
258.874 680.496 22.7955 9.018 rights
284.305 680.496 14.4689 9.018 and
301.439 680.496 62.316 9.018 multi-territorial
366.361 680.496 36.092 9.018 licensing
405.108 680.496 8.34666 9.018 of
416.12 680.496 22.8155 9.018 rights
441.541 680.496 7.79556 9.018 in
451.972 680.496 31.042 9.018 musical
485.609 680.496 24.4989 9.018 works
512.753 680.496 11.6432 9.018 for

106.32 691.956 25.05 9.018 online
133.835 691.956 13.3567 9.018 use
149.697 691.956 7.7655 9.018 in
159.967 691.956 12.2044 9.018 the
174.636 691.956 30.561 9.018 internal
207.702 691.956 27.7554 9.018 market
237.933 691.956 14.5395 9.018 (OJ
254.947 691.956 6.12222 9.018 L
263.544 691.956 12.525 9.018 84,
278.574 691.956 42.4648 9.018 20.3.2014,
323.544 691.956 7.515 9.018 p.
333.504 691.956 30.8577 9.018 72–98).

70.86 701.35 8.01 7.182 13

106.32 705.476 37.2343 9.018 Directive
148.64 705.476 48.9277 9.018 2010/13/EU
202.64 705.476 8.34666 9.018 of
216.117 705.476 12.1843 9.018 the
233.381 705.476 38.3566 9.018 European
276.858 705.476 43.2463 9.018 Parliament
325.195 705.476 14.4689 9.018 and
344.744 705.476 8.34666 9.018 of
358.221 705.476 12.2444 9.018 the
375.555 705.476 31.6131 9.018 Council
412.208 705.476 8.34666 9.018 of
425.86 705.476 10.02 9.018 10
440.97 705.476 26.072 9.018 March
472.152 705.476 19.9799 9.018 2010
497.212 705.476 10.02 9.018 on
512.373 705.476 12.1543 9.018 the

106.32 717.296 50.5309 9.018 coordination
161.009 717.296 8.34666 9.018 of
173.484 717.296 27.2143 9.018 certain
204.857 717.296 41.6832 9.018 provisions
250.668 717.296 14.9999 9.018 laid
269.806 717.296 22.1743 9.018 down
296.139 717.296 10.02 9.018 by
310.287 717.296 16.9438 9.018 law,
331.389 717.296 40.5008 9.018 regulation
376.068 717.296 8.34666 9.018 or
388.543 717.296 57.1541 9.018 administrative
449.846 717.296 24.4488 9.018 action
478.443 717.296 7.79556 9.018 in
490.377 717.296 33.8676 9.018 Member

106.32 728.816 23.8877 9.018 States
133.554 728.816 44.4287 9.018 concerning
181.31 728.816 12.2444 9.018 the
196.841 728.816 37.8155 9.018 provision
237.983 728.816 8.34666 9.018 of
249.676 728.816 46.0219 9.018 audiovisual
299.045 728.816 24.3686 9.018 media
326.75 728.816 32.3256 9.018 services
362.412 728.816 52.2042 9.018 (Audiovisual
417.963 728.816 25.561 9.018 Media
446.811 728.816 33.9077 9.018 Services
483.995 728.816 40.5309 9.018 Directive)

106.32 740.276 14.509 9.018 (OJ
123.274 740.276 6.12222 9.018 L
131.871 740.276 12.525 9.018 95,
146.901 740.276 42.4648 9.018 15.4.2010,
191.861 740.276 7.515 9.018 p.
201.881 740.276 25.8609 9.018 1–24).

70.86 749.714 6.48 5.832 14

106.32 751.796 49.5088 9.018 COM(2016)
158.284 751.796 15.03 9.018 287
175.819 751.796 20.7915 9.018 final.

28.38 784.188 33.348 22.2 EN

294.62 793.224 6 10.8 5

533.62 784.188 33.348 22.2 EN

70.86 59.736 4.2 10.716 •

113.34 59.664 62.712 10.8 Subsidiarity
179.06 59.664 19.356 10.8 (for
201.44 59.664 69.312 10.8 non-exclusive
273.74 59.664 63.96 10.8 competence)

70.86 79.344 26.664 10.8 Since
101.616 79.344 51.276 10.8 exceptions
156.912 79.344 17.328 10.8 and
178.32 79.344 51.24 10.8 limitations
233.664 79.344 9.336 10.8 to
247.032 79.344 45.984 10.8 copyright
297.108 79.344 17.28 10.8 and
318.456 79.344 32.676 10.8 related
355.152 79.344 27.264 10.8 rights
386.52 79.344 14.604 10.8 are
405.216 79.344 55.908 10.8 harmonised
465.192 79.344 8.664 10.8 at
477.84 79.344 15.996 10.8 EU
497.868 79.344 26.376 10.8 level,

70.86 93.144 14.664 10.8 the
91.536 93.144 33.924 10.8 margin
131.472 93.144 9.996 10.8 of
147.48 93.144 53.292 10.8 manoeuver
206.784 93.144 9.996 10.8 of
222.732 93.144 40.656 10.8 Member
269.4 93.144 28.668 10.8 States
304.068 93.144 9.336 10.8 in
319.356 93.144 38.676 10.8 creating
363.972 93.144 9.996 10.8 or
379.98 93.144 41.328 10.8 adapting
427.248 93.144 24.024 10.8 them
457.164 93.144 8.004 10.8 is
471.192 93.144 36.984 10.8 limited.
514.176 93.144 9.996 10.8 In

70.86 106.944 42.36 10.8 addition,
118.056 106.944 58.028 10.8 intervention
180.956 106.944 8.664 10.8 at
194.444 106.944 38.712 10.8 national
237.968 106.944 23.328 10.8 level
266.156 106.944 30 10.8 would
301.004 106.944 15.336 10.8 not
321.212 106.944 11.328 10.8 be
337.4 106.944 45.312 10.8 sufficient
387.584 106.944 9.336 10.8 in
401.792 106.944 23.352 10.8 view
429.908 106.944 9.996 10.8 of
444.716 106.944 14.664 10.8 the
464.252 106.944 60.308 10.8 cross-border

70.86 120.744 30.012 10.8 nature
106.716 120.744 9.996 10.8 of
122.544 120.744 14.628 10.8 the
143.052 120.744 45.996 10.8 identified
194.856 120.744 31.656 10.8 issues.
232.392 120.744 15.996 10.8 EU
254.22 120.744 57.936 10.8 intervention
318.024 120.744 8.004 10.8 is
331.872 120.744 43.272 10.8 therefore
381.036 120.744 33.948 10.8 needed
420.804 120.744 9.336 10.8 to
435.972 120.744 36.648 10.8 achieve
478.5 120.744 16.572 10.8 full
500.916 120.744 23.304 10.8 legal

70.86 134.564 42.024 10.8 certainty
115.884 134.564 9.996 10.8 as
128.808 134.564 35.364 10.8 regards
167.124 134.564 60.056 10.8 cross-border
230.18 134.564 20.664 10.8 uses
253.844 134.564 9.336 10.8 in
266.18 134.564 14.664 10.8 the
283.868 134.564 26.568 10.8 fields
313.436 134.564 9.996 10.8 of
326.432 134.564 42.972 10.8 research,
372.404 134.564 46.656 10.8 education
422.06 134.564 17.328 10.8 and
442.388 134.564 36.716 10.8 cultural
482.128 134.564 41.616 10.8 heritage.

70.86 160.364 27.276 10.8 Some
104.076 160.364 38.652 10.8 national
148.68 160.364 47.256 10.8 initiatives
201.888 160.364 22.656 10.8 have
230.436 160.364 35.256 10.8 already
271.644 160.364 22.656 10.8 been
300.132 160.364 49.356 10.8 developed
355.368 160.364 9.336 10.8 to
370.596 160.364 41.988 10.8 facilitate
418.464 160.364 66.624 10.8 dissemination
491.016 160.364 9.996 10.8 of
506.904 160.364 17.328 10.8 and

70.86 174.164 30.672 10.8 access
106.956 174.164 9.336 10.8 to
121.704 174.164 83.3 10.8 out-of-commerce
210.416 174.164 32.328 10.8 works.
248.144 174.164 46.968 10.8 However,
300.56 174.164 24.624 10.8 these
330.596 174.164 47.304 10.8 initiatives
383.372 174.164 21.336 10.8 only
410.12 174.164 22.62 10.8 exist
438.176 174.164 9.336 10.8 in
452.924 174.164 25.248 10.8 some
483.68 174.164 40.584 10.8 Member

70.86 187.964 28.704 10.8 States
102.816 187.964 17.328 10.8 and
123.444 187.964 14.604 10.8 are
141.36 187.964 21.336 10.8 only
165.948 187.964 49.344 10.8 applicable
218.604 187.964 12 10.8 on
233.832 187.964 14.664 10.8 the
251.76 187.964 38.688 10.8 national
293.736 187.964 42.264 10.8 territory.
339.312 187.964 15.996 10.8 EU
358.56 187.964 58.228 10.8 intervention
420.016 187.964 8.004 10.8 is
431.284 187.964 43.272 10.8 therefore
477.868 187.964 46.608 10.8 necessary

70.86 201.764 9.336 10.8 to
85.308 201.764 31.32 10.8 ensure
121.656 201.764 17.964 10.8 that
144.672 201.764 43.332 10.8 licensing
193.068 201.764 59.256 10.8 mechanisms
257.424 201.764 13.992 10.8 for
276.492 201.764 14.628 10.8 the
296.22 201.764 30.576 10.8 access
331.836 201.764 17.328 10.8 and
354.264 201.764 66.624 10.8 dissemination
425.916 201.764 9.996 10.8 of
440.964 201.764 83.488 10.8 out-of-commerce

70.86 215.564 29.328 10.8 works
104.568 215.564 14.676 10.8 are
123.564 215.564 9.336 10.8 in
137.232 215.564 25.344 10.8 place
166.908 215.564 9.336 10.8 in
180.576 215.564 11.952 10.8 all
196.932 215.564 40.524 10.8 Member
241.848 215.564 28.704 10.8 States
274.884 215.564 17.328 10.8 and
296.592 215.564 9.336 10.8 to
310.26 215.564 31.356 10.8 ensure
345.936 215.564 21.996 10.8 their
372.324 215.564 60.196 10.8 cross-border
436.888 215.564 30.288 10.8 effect.
471.484 215.564 13.332 10.8 As
489.172 215.564 35.364 10.8 regards

70.86 229.364 30.036 10.8 online
106.356 229.364 57.336 10.8 exploitation
169.224 229.364 9.996 10.8 of
184.632 229.364 55.356 10.8 audiovisual
245.448 229.364 32.328 10.8 works,
283.296 229.364 9.336 10.8 to
298.164 229.364 27.44 10.8 foster
331.076 229.364 14.664 10.8 the
351.212 229.364 53.964 10.8 availability
410.684 229.364 9.996 10.8 of
426.092 229.364 46.008 10.8 European
477.548 229.364 29.328 10.8 works
512.396 229.364 12 10.8 on

70.86 243.164 84.528 10.8 video-on-demand
162.036 243.164 45.936 10.8 platforms
214.572 243.164 30.024 10.8 across
251.208 243.164 14.664 10.8 the
272.484 243.164 18.996 10.8 EU,
298.032 243.164 24.012 10.8 there
328.656 243.164 8.004 10.8 is
343.284 243.164 5.328 10.8 a
355.212 243.164 22.608 10.8 need
384.42 243.164 9.336 10.8 to
400.368 243.164 42.012 10.8 facilitate
448.992 243.164 58.644 10.8 negotiations
514.236 243.164 9.996 10.8 of

70.86 256.964 43.332 10.8 licensing
117.192 256.964 54.588 10.8 agreements
174.78 256.964 9.336 10.8 in
187.116 256.964 12 10.8 all
202.14 256.964 40.524 10.8 Member
245.688 256.964 31.704 10.8 States.

70.86 282.764 32.664 10.8 Online
112.656 282.764 55.284 10.8 distribution
177.072 282.764 9.996 10.8 of
196.14 282.764 94.748 10.8 copyright-protected
299.996 282.764 35.304 10.8 content
344.372 282.764 8.004 10.8 is
361.46 282.764 12 10.8 by
382.568 282.764 36.672 10.8 essence
428.324 282.764 63.116 10.8 cross-border.
500.548 282.764 24 10.8 Only

70.86 296.564 59.244 10.8 mechanisms
134.532 296.564 37.356 10.8 decided
176.268 296.564 8.664 10.8 at
189.324 296.564 46.008 10.8 European
239.7 296.564 23.328 10.8 level
267.408 296.564 26.688 10.8 could
298.464 296.564 31.296 10.8 ensure
334.14 296.564 5.328 10.8 a
343.848 296.564 80.24 10.8 well-functioning
428.456 296.564 58.572 10.8 marketplace
491.408 296.564 13.992 10.8 for
509.756 296.564 14.664 10.8 the

70.86 310.364 55.344 10.8 distribution
133.416 310.364 9.996 10.8 of
150.624 310.364 29.328 10.8 works
187.212 310.364 17.328 10.8 and
211.8 310.364 24.684 10.8 other
243.696 310.364 68.672 10.8 subject-matter
319.616 310.364 17.328 10.8 and
344.204 310.364 9.336 10.8 to
360.752 310.364 31.296 10.8 ensure
399.308 310.364 14.628 10.8 the
421.196 310.364 63.984 10.8 sustainability
492.38 310.364 9.996 10.8 of
509.588 310.364 14.736 10.8 the

70.86 324.164 50.712 10.8 publishing
124.836 324.164 28.68 10.8 sector
156.84 324.164 9.336 10.8 in
169.428 324.164 14.664 10.8 the
187.344 324.164 19.98 10.8 face
210.612 324.164 9.996 10.8 of
223.86 324.164 14.664 10.8 the
241.836 324.164 50.652 10.8 challenges
295.8 324.164 9.996 10.8 of
309.048 324.164 14.664 10.8 the
327.024 324.164 30.708 10.8 digital
361.02 324.164 63.576 10.8 environment.
427.884 324.164 37.36 10.8 Finally,
468.556 324.164 35.328 10.8 authors
507.184 324.164 17.328 10.8 and

70.86 337.964 52.584 10.8 performers
127.164 337.964 32.064 10.8 should
162.96 337.964 26.688 10.8 enjoy
193.296 337.964 9.336 10.8 in
206.364 337.964 12.024 10.8 all
222.12 337.964 40.656 10.8 Member
266.508 337.964 28.656 10.8 States
298.884 337.964 14.628 10.8 the
317.232 337.964 21.336 10.8 high
342.3 337.964 23.352 10.8 level
369.324 337.964 9.996 10.8 of
382.992 337.964 48.696 10.8 protection
435.396 337.964 53.328 10.8 established
492.432 337.964 12 10.8 by
508.14 337.964 16.032 10.8 EU

70.86 351.764 53.028 10.8 legislation.
130.176 351.764 9.996 10.8 In
146.544 351.764 25.344 10.8 order
178.2 351.764 9.336 10.8 to
193.848 351.764 12 10.8 do
212.196 351.764 10.668 10.8 so
229.224 351.764 17.328 10.8 and
252.912 351.764 9.336 10.8 to
268.62 351.764 35.964 10.8 prevent
310.896 351.764 64.644 10.8 discrepancies
381.9 351.764 29.976 10.8 across
418.176 351.764 40.584 10.8 Member
465.132 351.764 31.704 10.8 States,
503.208 351.764 6.672 10.8 it
516.216 351.764 8.004 10.8 is

70.86 365.564 46.668 10.8 necessary
123.036 365.564 9.336 10.8 to
137.904 365.564 13.332 10.8 set
156.792 365.564 11.328 10.8 an
173.7 365.564 15.924 10.8 EU
195.168 365.564 41.94 10.8 common
242.724 365.564 44.004 10.8 approach
292.26 365.564 9.336 10.8 to
307.128 365.564 61.236 10.8 transparency
373.944 365.564 62.74 10.8 requirements
442.264 365.564 17.328 10.8 and
465.172 365.564 59.244 10.8 mechanisms

70.86 379.364 42.024 10.8 allowing
118.356 379.364 13.992 10.8 for
137.844 379.364 14.664 10.8 the
157.992 379.364 52.524 10.8 adjustment
216.048 379.364 9.996 10.8 of
231.516 379.364 43.32 10.8 contracts
280.32 379.364 9.336 10.8 in
295.188 379.364 32.628 10.8 certain
333.324 379.364 25.296 10.8 cases
364.08 379.364 9.996 10.8 as
379.608 379.364 20.616 10.8 well
405.696 379.364 9.996 10.8 as
421.164 379.364 13.992 10.8 for
440.652 379.364 14.664 10.8 the
460.8 379.364 48.012 10.8 resolution
514.284 379.364 9.996 10.8 of

70.86 393.164 42.384 10.8 disputes.

70.86 413.176 4.2 10.716 •

113.34 413.104 79.332 10.8 Proportionality

70.86 432.784 18.66 10.8 The
94.968 432.784 41.328 10.8 proposal
141.756 432.784 41.304 10.8 provides
188.472 432.784 13.992 10.8 for
207.96 432.784 51.264 10.8 mandatory
264.696 432.784 51.276 10.8 exceptions
321.432 432.784 13.992 10.8 for
340.86 432.784 40.656 10.8 Member
386.988 432.784 28.668 10.8 States
421.116 432.784 9.336 10.8 to
435.864 432.784 54.312 10.8 implement.
495.648 432.784 28.656 10.8 These

70.86 446.584 51.312 10.8 exceptions
128.676 446.584 27.324 10.8 target
162.492 446.584 17.328 10.8 key
186.3 446.584 30.068 10.8 public
222.848 446.584 29.988 10.8 policy
259.244 446.584 48.684 10.8 objectives
314.36 446.584 17.328 10.8 and
338.168 446.584 20.664 10.8 uses
365.324 446.584 21.336 10.8 with
393.152 446.584 5.328 10.8 a
404.96 446.584 60.14 10.8 cross-border
471.568 446.584 52.908 10.8 dimension.

70.86 460.324 53.352 10.8 Exceptions
128.856 460.324 19.356 10.8 also
152.892 460.324 35.304 10.8 contain
192.828 460.324 50.064 10.8 conditions
247.512 460.324 18.024 10.8 that
270.228 460.324 31.32 10.8 ensure
306.216 460.324 14.664 10.8 the
325.572 460.324 59.304 10.8 preservation
389.568 460.324 9.996 10.8 of
404.196 460.324 55.392 10.8 functioning
464.28 460.324 37.944 10.8 markets
506.904 460.324 17.328 10.8 and

70.86 474.124 60.192 10.8 rightholders'
134.676 474.124 40.056 10.8 interests
178.44 474.124 17.28 10.8 and
199.428 474.124 48.672 10.8 incentives
251.772 474.124 9.336 10.8 to
264.84 474.124 28.704 10.8 create
297.264 474.124 17.28 10.8 and
318.252 474.124 31.692 10.8 invest.
353.688 474.124 28.608 10.8 When
386.016 474.124 41.652 10.8 relevant,
431.34 474.124 17.328 10.8 and
452.388 474.124 26.664 10.8 while
482.796 474.124 41.364 10.8 ensuring

70.86 487.924 18.024 10.8 that
91.848 487.924 14.664 10.8 the
109.536 487.924 48.66 10.8 objectives
161.196 487.924 9.996 10.8 of
174.192 487.924 14.664 10.8 the
191.808 487.924 44.676 10.8 Directive
239.484 487.924 14.58 10.8 are
257.064 487.924 20.94 10.8 met,
281.004 487.924 25.404 10.8 room
309.36 487.924 13.992 10.8 for
326.352 487.924 38.652 10.8 national
367.968 487.924 39.984 10.8 decision
410.952 487.924 16.02 10.8 has
429.924 487.924 22.656 10.8 been
455.58 487.924 49.62 10.8 preserved.

70.86 507.724 18.66 10.8 The
95.568 507.724 41.328 10.8 proposal
142.956 507.724 38.616 10.8 requires
187.572 507.724 40.584 10.8 Member
234.228 507.724 28.704 10.8 States
268.944 507.724 9.336 10.8 to
284.352 507.724 41.976 10.8 establish
332.388 507.724 59.148 10.8 mechanisms
397.596 507.724 33.336 10.8 aiming
436.98 507.724 8.664 10.8 at
451.716 507.724 51.936 10.8 facilitating
509.64 507.724 14.664 10.8 the

70.86 521.524 45.324 10.8 clearance
120.396 521.524 9.996 10.8 of
134.484 521.524 45.984 10.8 copyright
184.68 521.524 17.28 10.8 and
206.148 521.524 32.676 10.8 related
242.964 521.524 27.336 10.8 rights
274.512 521.524 9.336 10.8 in
288 521.524 14.664 10.8 the
306.876 521.524 26.592 10.8 fields
337.692 521.524 9.996 10.8 of
351.84 521.524 83.392 10.8 out-of-commerce
439.444 521.524 29.328 10.8 works
472.972 521.524 17.328 10.8 and
494.5 521.524 30.036 10.8 online

70.86 535.324 57.348 10.8 exploitation
131.784 535.324 9.996 10.8 of
145.392 535.324 55.356 10.8 audiovisual
204.408 535.324 32.328 10.8 works.
240.396 535.324 41.952 10.8 Whereas
285.96 535.324 14.664 10.8 the
304.296 535.324 41.292 10.8 proposal
349.2 535.324 22.596 10.8 aims
375.456 535.324 8.664 10.8 at
387.792 535.324 41.268 10.8 ensuring
432.708 535.324 5.328 10.8 a
441.696 535.324 27.324 10.8 wider
472.632 535.324 30.648 10.8 access
506.94 535.324 17.328 10.8 and

70.86 549.124 66.624 10.8 dissemination
144.612 549.124 9.996 10.8 of
161.7 549.124 38.304 10.8 content,
207.156 549.124 6.672 10.8 it
220.944 549.124 21.996 10.8 does
250.032 549.124 10.668 10.8 so
267.84 549.124 26.664 10.8 while
301.608 549.124 50.652 10.8 preserving
359.412 549.124 14.628 10.8 the
381.18 549.124 27.312 10.8 rights
415.656 549.124 9.936 10.8 of
432.684 549.124 35.352 10.8 authors
475.188 549.124 17.28 10.8 and
499.596 549.124 24.684 10.8 other

70.86 562.924 61.032 10.8 rightholders.
137.616 562.924 36.012 10.8 Several
179.4 562.924 51.276 10.8 safeguards
236.508 562.924 14.652 10.8 are
256.956 562.924 15.336 10.8 put
278.124 562.924 9.336 10.8 in
293.292 562.924 25.26 10.8 place
324.36 562.924 9.336 10.8 to
339.468 562.924 18.024 10.8 that
363.204 562.924 27.252 10.8 effect
396.3 562.924 21.348 10.8 (e.g.
423.64 562.924 34.716 10.8 opt-out
464.188 562.924 60.264 10.8 possibilities,

70.86 576.724 59.316 10.8 preservation
134.604 576.724 9.996 10.8 of
149.052 576.724 43.308 10.8 licensing
196.848 576.724 60.348 10.8 possibilities,
261.684 576.724 60.648 10.8 participation
326.82 576.724 9.336 10.8 in
340.608 576.724 14.664 10.8 the
359.724 576.724 54.036 10.8 negotiation
418.188 576.724 29.364 10.8 forum
451.944 576.724 12 10.8 on
468.432 576.724 5.328 10.8 a
478.26 576.724 45.984 10.8 voluntary

70.86 590.524 31.032 10.8 basis).
106.056 590.524 18.66 10.8 The
128.784 590.524 41.352 10.8 proposal
174.288 590.524 21.936 10.8 does
200.376 590.524 15.336 10.8 not
219.864 590.524 12 10.8 go
235.992 590.524 32.652 10.8 further
272.748 590.524 20.688 10.8 than
297.564 590.524 23.244 10.8 what
324.96 590.524 8.004 10.8 is
337.128 590.524 46.596 10.8 necessary
387.876 590.524 9.336 10.8 to
401.364 590.524 36.6 10.8 achieve
442.092 590.524 14.664 10.8 the
460.848 590.524 41.316 10.8 intended
506.304 590.524 18.024 10.8 aim

70.86 604.324 26.664 10.8 while
100.788 604.324 35.268 10.8 leaving
139.344 604.324 45.312 10.8 sufficient
187.848 604.324 25.332 10.8 room
216.396 604.324 13.992 10.8 for
233.664 604.324 40.584 10.8 Member
277.56 604.324 28.808 10.8 States
309.668 604.324 9.336 10.8 to
322.256 604.324 25.896 10.8 make
351.464 604.324 44.7 10.8 decisions
399.44 604.324 9.996 10.8 as
412.688 604.324 35.316 10.8 regards
451.256 604.324 14.664 10.8 the
469.172 604.324 41.976 10.8 specifics
514.388 604.324 9.996 10.8 of

70.86 618.124 24.684 10.8 these
98.544 618.124 59.22 10.8 mechanisms
160.764 618.124 17.328 10.8 and
181.092 618.124 22.068 10.8 does
206.16 618.124 15.336 10.8 not
224.532 618.124 34.596 10.8 impose
262.128 618.124 78.684 10.8 disproportionate
343.812 618.124 26.94 10.8 costs.

70.86 637.924 18.66 10.8 The
95.508 637.924 41.328 10.8 proposal
142.776 637.924 39.264 10.8 imposes
188.052 637.924 53.364 10.8 obligations
247.296 637.924 12 10.8 on
265.284 637.924 25.248 10.8 some
296.532 637.924 56.78 10.8 information
359.36 637.924 33.996 10.8 society
399.34 637.924 41.616 10.8 services.
446.98 637.924 46.968 10.8 However,
499.9 637.924 24.684 10.8 these

70.86 651.724 53.364 10.8 obligations
128.72 651.724 33.276 10.8 remain
166.52 651.724 51.36 10.8 reasonable
222.44 651.724 9.36 10.8 in
236.3 651.724 23.292 10.8 view
264.08 651.724 9.996 10.8 of
278.6 651.724 14.664 10.8 the
297.8 651.724 30.012 10.8 nature
332.36 651.724 9.996 10.8 of
346.82 651.724 14.664 10.8 the
365.96 651.724 38.732 10.8 services
409.24 651.724 40.956 10.8 covered,
454.72 651.724 14.664 10.8 the
473.92 651.724 50.652 10.8 significant

70.86 665.524 32.592 10.8 impact
108.18 665.524 9.996 10.8 of
122.82 665.524 24.732 10.8 these
152.3 665.524 38.652 10.8 services
195.62 665.524 12 10.8 on
212.3 665.524 14.664 10.8 the
231.68 665.524 30 10.8 online
266.36 665.524 35.352 10.8 content
306.38 665.524 33.252 10.8 market
344.36 665.524 17.328 10.8 and
366.44 665.524 14.664 10.8 the
385.84 665.524 24.012 10.8 large
414.52 665.524 40.62 10.8 amounts
459.82 665.524 9.996 10.8 of
474.46 665.524 50.076 10.8 copyright-

70.86 679.324 44.688 10.8 protected
121.68 679.324 35.304 10.8 content
163.16 679.324 29.268 10.8 stored
198.56 679.324 12 10.8 by
216.68 679.324 24.684 10.8 these
247.46 679.324 41.688 10.8 services.
295.28 679.324 18.588 10.8 The
320 679.324 58.62 10.8 introduction
384.76 679.324 9.996 10.8 of
400.84 679.324 5.328 10.8 a
412.3 679.324 32.676 10.8 related
451.12 679.324 22.668 10.8 right
479.92 679.324 13.896 10.8 for
499.96 679.324 24.636 10.8 press

70.86 693.144 49.368 10.8 publishers
124.1 693.144 30 10.8 would
158 693.144 39.996 10.8 improve
201.92 693.144 23.304 10.8 legal
229.16 693.144 41.988 10.8 certainty
275.06 693.144 17.328 10.8 and
296.24 693.144 21.984 10.8 their
322.16 693.144 51.264 10.8 bargaining
377.38 693.144 41.676 10.8 position,
422.92 693.144 29.328 10.8 which
456.16 693.144 8.028 10.8 is
468.04 693.144 14.628 10.8 the
486.58 693.144 38.016 10.8 pursued

70.86 706.944 47.016 10.8 objective.
121.74 706.944 18.588 10.8 The
144.2 706.944 41.304 10.8 proposal
189.32 706.944 8.028 10.8 is
201.2 706.944 64.596 10.8 proportionate
269.66 706.944 9.948 10.8 as
283.46 706.944 6.636 10.8 it
293.96 706.944 21.276 10.8 only
319.1 706.944 31.32 10.8 covers
354.26 706.944 24.624 10.8 press
382.78 706.944 58.608 10.8 publications
445.24 706.944 17.328 10.8 and
466.42 706.944 30.636 10.8 digital
500.92 706.944 23.604 10.8 uses.

70.86 720.744 62.964 10.8 Furthermore,
137.6 720.744 14.664 10.8 the
156.02 720.744 41.328 10.8 proposal
201.08 720.744 18.672 10.8 will
223.52 720.744 15.276 10.8 not
242.54 720.744 27.192 10.8 affect
273.5 720.744 60.66 10.8 retroactively
337.94 720.744 17.328 10.8 any
359 720.744 18.636 10.8 acts
381.4 720.744 53.268 10.8 undertaken
438.4 720.744 9.996 10.8 or
452.14 720.744 27.336 10.8 rights
483.22 720.744 41.352 10.8 acquired

70.86 734.544 30.648 10.8 before
105.78 734.544 14.664 10.8 the
124.76 734.544 20.016 10.8 date
149.06 734.544 9.996 10.8 of
163.28 734.544 65.052 10.8 transposition.
232.64 734.544 18.588 10.8 The
255.5 734.544 61.296 10.8 transparency
321.08 734.544 48.648 10.8 obligation
374.02 734.544 46.704 10.8 contained
424.96 734.544 9.36 10.8 in
438.58 734.544 14.664 10.8 the
457.54 734.544 41.292 10.8 proposal
503.14 734.544 21.336 10.8 only

28.38 784.188 33.348 22.2 EN

294.62 793.224 6 10.8 6

533.62 784.188 33.348 22.2 EN

70.86 59.544 22.596 10.8 aims
102.48 59.544 8.676 10.8 at
120.18 59.544 56.028 10.8 rebalancing
185.24 59.544 53.304 10.8 contractual
247.52 59.544 61.296 10.8 relationships
317.78 59.544 40.008 10.8 between
366.8 59.544 38.004 10.8 creators
413.86 59.544 17.28 10.8 and
440.14 59.544 22.02 10.8 their
471.22 59.544 53.304 10.8 contractual

70.86 73.344 59.328 10.8 counterparts
133.16 73.344 26.664 10.8 while
162.86 73.344 49.272 10.8 respecting
215.18 73.344 53.28 10.8 contractual
271.52 73.344 42.876 10.8 freedom.

70.86 93.336 4.2 10.716 •

113.34 93.264 35.316 10.8 Choice
151.7 93.264 9.996 10.8 of
164.72 93.264 15.948 10.8 the
183.68 93.264 56.7 10.8 instrument

70.86 112.944 18.66 10.8 The
94.068 112.944 41.304 10.8 proposal
139.944 112.944 31.388 10.8 relates
175.868 112.944 12.336 10.8 to,
192.656 112.944 17.328 10.8 and
214.544 112.944 9.336 10.8 in
228.452 112.944 25.248 10.8 some
258.26 112.944 43.992 10.8 instances
306.776 112.944 44.976 10.8 modifies,
356.312 112.944 38.004 10.8 existing
398.828 112.944 52.296 10.8 Directives.
455.684 112.944 7.332 10.8 It
467.552 112.944 19.284 10.8 also
491.36 112.944 33.012 10.8 leaves,

70.86 126.744 25.992 10.8 when
101.088 126.744 54.6 10.8 appropriate
159.96 126.744 17.328 10.8 and
181.488 126.744 30 10.8 taking
215.736 126.744 18.636 10.8 into
238.644 126.744 37.272 10.8 account
280.14 126.744 14.664 10.8 the
299.076 126.744 17.952 10.8 aim
321.204 126.744 9.336 10.8 to
334.812 126.744 11.328 10.8 be
350.4 126.744 45.636 10.8 achieved,
400.296 126.744 33.924 10.8 margin
438.492 126.744 9.996 10.8 of
452.7 126.744 53.28 10.8 manoeuver
510.264 126.744 13.992 10.8 for

70.86 140.564 40.584 10.8 Member
115.116 140.564 28.704 10.8 States
147.492 140.564 26.664 10.8 while
177.84 140.564 41.304 10.8 ensuring
222.816 140.564 18 10.8 that
244.464 140.564 14.628 10.8 the
262.752 140.564 44.016 10.8 objective
310.368 140.564 9.996 10.8 of
323.976 140.564 5.328 10.8 a
333.024 140.564 55.368 10.8 functioning
392.04 140.564 36.648 10.8 internal
432.336 140.564 33.252 10.8 market
469.26 140.564 8.004 10.8 is
480.948 140.564 20.928 10.8 met.
505.524 140.564 18.964 10.8 The

70.86 154.364 31.344 10.8 choice
105.204 154.364 9.996 10.8 of
118.2 154.364 5.328 10.8 a
126.468 154.364 44.676 10.8 Directive
174.144 154.364 8.004 10.8 is
185.076 154.364 43.356 10.8 therefore
231.372 154.364 45.636 10.8 adequate.

70.86 186.284 9 10.8 3.

113.34 186.284 54.636 10.8 RESULTS

194.06 186.284 16.692 10.8 OF

236.72 186.284 51.984 10.8 EX-POST

314.72 186.284 90.96 10.8 EVALUATIONS,

431.74 186.284 92.76 10.8 STAKEHOLDER

113.34 200.084 103.968 10.8 CONSULTATIONS
219.74 200.084 25.992 10.8 AND
248.12 200.084 48.66 10.8 IMPACT
299.18 200.084 85.992 10.8 ASSESSMENTS

70.86 219.956 4.2 10.716 •

113.34 219.884 39.356 10.8 Ex-post
155.72 219.884 93.924 10.8 evaluations/fitness
252.68 219.884 33.996 10.8 checks
289.64 219.884 9.996 10.8 of
302.66 219.884 39.348 10.8 existing
345.02 219.884 52.008 10.8 legislation

70.86 239.564 18.66 10.8 The
93.108 239.564 60.684 10.8 Commission
157.38 239.564 33.24 10.8 carried
194.208 239.564 15.336 10.8 out
213.156 239.564 5.328 10.8 a
222.084 239.564 32.616 10.8 review
258.24 239.564 9.996 10.8 of
271.788 239.564 14.664 10.8 the
290.064 239.564 38.076 10.8 existing
331.668 239.564 45.936 10.8 copyright
381.216 239.564 23.596 10.8 rules
408.388 239.564 39.936 10.8 between
451.936 239.564 24 10.8 2013
479.524 239.564 17.328 10.8 and
500.452 239.564 24 10.8 2016

70.86 253.244 21.336 10.908 with
95.196 253.244 14.7 10.908 the
112.896 253.244 43.968 10.908 objective
159.864 253.244 9.36 10.908 to
172.224 253.244 36.648 10.908 “ensure
211.872 253.244 17.976 10.908 that
232.848 253.244 45.996 10.908 copyright
281.88 253.244 17.328 10.908 and
302.208 253.244 82.688 10.908 copyright-related
387.896 253.364 42.576 10.8 practices
433.472 253.364 19.368 10.8 stay
455.84 253.364 10.668 10.8 fit
469.508 253.364 13.992 10.8 for
486.5 253.364 38.016 10.8 purpose

70.86 267.044 9.336 10.908 in
83.388 267.044 14.664 10.908 the
101.244 267.044 19.992 10.908 new
124.392 267.044 30.708 10.908 digital
158.268 267.044 40.584 10.908 context”
198.92 264.39 8.01 7.182 15
206.96 267.164 3 10.8 .
213.128 267.164 24.66 10.8 Even
240.956 267.164 7.332 10.8 if
251.444 267.164 6.672 10.8 it
261.32 267.164 32.028 10.8 started
296.516 267.164 30.648 10.8 before
330.344 267.164 14.664 10.8 the
348.2 267.164 41.94 10.8 adoption
393.308 267.164 9.996 10.8 of
406.436 267.164 14.664 10.8 the
424.292 267.164 67.464 10.8 Commission's
494.996 267.164 29.364 10.8 Better

70.86 280.964 52.704 10.8 Regulation
128.196 280.964 37.32 10.8 Agenda
170.244 280.964 9.336 10.8 in
184.272 280.964 21.996 10.8 May
211.02 280.964 24 10.8 2015
235.04 278.19 8.01 7.182 16
243.08 280.964 3 10.8 ,
250.808 280.964 17.4 10.8 this
272.888 280.964 32.64 10.8 review
310.172 280.964 36.012 10.8 process
350.888 280.964 18.66 10.8 was
374.216 280.964 33.336 10.8 carried
412.232 280.964 15.336 10.8 out
432.26 280.964 9.336 10.8 in
446.288 280.964 14.664 10.8 the
465.704 280.964 24.576 10.8 spirit
495.032 280.964 9.996 10.8 of
509.72 280.964 14.664 10.8 the

70.86 294.764 29.364 10.8 Better
103.416 294.764 52.644 10.8 Regulation
159.312 294.764 52.236 10.8 guidelines.
214.8 294.764 18.66 10.8 The
236.628 294.764 32.64 10.8 review
272.472 294.764 35.964 10.8 process
311.628 294.764 57.696 10.8 highlighted,
372.492 294.764 9.336 10.8 in
385.08 294.764 48.924 10.8 particular,
437.196 294.764 44.616 10.8 problems
485.052 294.764 21.336 10.8 with
509.64 294.764 14.664 10.8 the

70.86 308.564 75.3 10.8 implementation
149.412 308.564 9.996 10.8 of
162.6 308.564 32.58 10.8 certain
198.408 308.564 51.324 10.8 exceptions
252.912 308.564 17.328 10.8 and
273.48 308.564 21.96 10.8 their
298.668 308.564 19.908 10.8 lack
321.816 308.564 9.996 10.8 of
335.004 308.564 60.14 10.8 cross-border
398.336 308.564 27.252 10.8 effect
425.68 305.79 8.01 7.182 17
436.96 308.564 17.328 10.8 and
457.528 308.564 35.88 10.8 pointed
496.636 308.564 15.336 10.8 out
515.164 308.564 9.336 10.8 to

70.86 322.364 52.008 10.8 difficulties
127.1 322.364 9.336 10.8 in
140.648 322.364 14.664 10.8 the
159.536 322.364 15.996 10.8 use
179.744 322.364 9.996 10.8 of
193.952 322.364 94.716 10.8 copyright-protected
292.856 322.364 38.304 10.8 content,
335.372 322.364 35.964 10.8 notably
375.548 322.364 9.336 10.8 in
389.096 322.364 14.664 10.8 the
407.984 322.364 30.624 10.8 digital
442.88 322.364 17.328 10.8 and
464.408 322.364 60.116 10.8 cross-border

70.86 336.164 35.352 10.8 context
109.176 336.164 18.024 10.8 that
130.164 336.164 22.656 10.8 have
155.82 336.164 41.28 10.8 emerged
200.1 336.164 9.336 10.8 in
212.436 336.164 29.364 10.8 recent
244.8 336.164 28.296 10.8 years.

70.86 356.156 4.2 10.716 •

113.34 356.084 62.016 10.8 Stakeholder
178.4 356.084 67.308 10.8 consultations

70.86 375.764 36.012 10.8 Several
110.196 375.764 29.964 10.8 public
143.532 375.764 63.3 10.8 consultations
210.18 375.764 23.316 10.8 were
236.868 375.764 20.604 10.8 held
260.796 375.764 12 10.8 by
276.144 375.764 14.664 10.8 the
294.132 375.764 63.648 10.8 Commission.
361.128 375.764 18.66 10.8 The
383.136 375.764 58.62 10.8 consultation
445.104 375.764 12 10.8 on
460.452 375.764 14.664 10.8 the
478.44 375.764 32.652 10.8 review
514.428 375.764 9.996 10.8 of

70.86 389.564 14.664 10.8 the
89.556 389.564 15.996 10.8 EU
109.524 389.564 46.08 10.8 copyright
159.636 389.564 23.328 10.8 rules
186.924 389.564 33.348 10.8 carried
224.28 389.564 15.336 10.8 out
243.588 389.564 40.008 10.8 between
287.604 389.564 6 10.8 5
297.612 389.564 49.224 10.8 December
350.868 389.564 24.048 10.8 2013
378.924 389.564 17.328 10.8 and
400.272 389.564 6 10.8 5
410.28 389.564 31.356 10.8 March
445.656 389.564 24 10.8 2014
469.84 386.79 8.01 7.182 18
481.9 389.564 42.696 10.8 provided

70.86 403.364 14.664 10.8 the
89.436 403.364 60.66 10.8 Commission
154.02 403.364 21.336 10.8 with
179.268 403.364 11.328 10.8 an
194.436 403.364 44.7 10.8 overview
243 403.364 9.996 10.8 of
256.848 403.364 62.184 10.8 stakeholders'
322.884 403.364 28.02 10.8 views
354.78 403.364 12 10.8 on
370.716 403.364 14.664 10.8 the
389.292 403.364 32.7 10.8 review
425.856 403.364 9.996 10.8 of
439.704 403.364 14.664 10.8 the
458.28 403.364 15.996 10.8 EU
478.188 403.364 46.02 10.8 copyright

70.86 417.184 26.364 10.8 rules,
103.836 417.184 45.264 10.8 including
155.712 417.184 12 10.8 on
174.3 417.184 51.324 10.8 exceptions
232.224 417.184 17.328 10.8 and
256.152 417.184 51.312 10.8 limitations
314.064 417.184 17.328 10.8 and
337.992 417.184 12 10.8 on
356.58 417.184 14.664 10.8 the
377.856 417.184 63.96 10.8 remuneration
448.428 417.184 9.996 10.8 of
464.976 417.184 35.352 10.8 authors
506.94 417.184 17.328 10.8 and

70.86 430.984 55.584 10.8 performers.
130.944 430.984 18.66 10.8 The
154.092 430.984 30.036 10.8 public
188.568 430.984 58.704 10.8 consultation
251.724 430.984 33.348 10.8 carried
289.56 430.984 15.336 10.8 out
309.348 430.984 40.008 10.8 between
353.844 430.984 12 10.8 24
370.332 430.984 51.264 10.8 September
426.168 430.984 24.232 10.8 2015
454.888 430.984 17.328 10.8 and
476.716 430.984 6 10.8 6
487.204 430.984 37.344 10.8 January

70.86 444.784 24 10.8 2016
100.728 444.784 12 10.8 on
118.596 444.784 14.628 10.8 the
139.104 444.784 49.272 10.8 regulatory
194.208 444.784 60.612 10.8 environment
260.712 444.784 13.992 10.8 for
280.56 444.784 48.876 10.8 platforms,
335.316 444.784 30.036 10.8 online
371.232 444.784 71.652 10.8 intermediaries,
448.704 444.784 19.944 10.8 data
474.48 444.784 17.328 10.8 and
497.688 444.784 26.628 10.8 cloud

70.86 458.584 51.288 10.8 computing
131.136 458.584 17.328 10.8 and
157.464 458.584 14.664 10.8 the
181.092 458.584 62.616 10.8 collaborative
252.636 458.584 43.92 10.8 economy
296.72 455.81 8.01 7.182 19
313.76 458.584 42.696 10.8 provided
365.396 458.584 42.648 10.8 evidence
417.044 458.584 17.328 10.8 and
443.312 458.584 28.02 10.8 views
480.308 458.584 23.256 10.8 from
512.456 458.584 12.024 10.8 all

70.86 472.324 60 10.8 stakeholders
136.884 472.324 12 10.8 on
154.932 472.324 14.664 10.8 the
175.668 472.324 18.696 10.8 role
200.424 472.324 9.996 10.8 of
216.432 472.324 68.712 10.8 intermediaries
291.216 472.324 9.336 10.8 in
306.564 472.324 14.664 10.8 the
327.3 472.324 30.036 10.8 online
363.336 472.324 55.344 10.8 distribution
424.692 472.324 9.996 10.8 of
441.04 472.324 29.328 10.8 works
476.488 472.324 17.328 10.8 and
499.876 472.324 24.684 10.8 other

70.86 486.124 71.652 10.8 subject-matter.
147.144 486.124 37.044 10.8 Finally,
188.76 486.124 5.328 10.8 a
198.708 486.124 30.036 10.8 public
233.364 486.124 58.644 10.8 consultation
296.64 486.124 18.66 10.8 was
319.908 486.124 20.688 10.8 held
345.204 486.124 39.936 10.8 between
389.772 486.124 14.664 10.8 the
409.068 486.124 12 10.8 23
425.676 486.124 31.356 10.8 March
461.652 486.124 24 10.8 2016
490.26 486.124 17.328 10.8 and
512.208 486.124 12 10.8 15

70.86 499.924 21.996 10.8 June
98.688 499.924 24 10.8 2016
128.496 499.924 12 10.8 on
146.304 499.924 14.664 10.8 the
166.8 499.924 18.696 10.8 role
191.256 499.924 9.996 10.8 of
207.024 499.924 49.404 10.8 publishers
262.248 499.924 9.336 10.8 in
277.416 499.924 14.664 10.8 the
297.912 499.924 45.984 10.8 copyright
349.728 499.924 25.908 10.8 value
381.456 499.924 26.028 10.8 chain
413.292 499.924 17.28 10.8 and
436.38 499.924 12 10.8 on
454.188 499.924 14.664 10.8 the
474.684 499.924 49.488 10.8 'panorama

70.86 513.724 51.768 10.8 exception'.
126.156 513.724 21.336 10.8 This
150.984 513.724 58.704 10.8 consultation
213.18 513.724 37.92 10.8 allowed
254.568 513.724 47.364 10.8 collecting
305.34 513.724 28.02 10.8 views
336.816 513.724 35.964 10.8 notably
376.272 513.724 12 10.8 on
391.96 513.724 14.664 10.8 the
410.116 513.724 39.372 10.8 possible
452.98 513.724 58.632 10.8 introduction
515.104 513.724 9.336 10.8 in

70.86 527.524 15.996 10.8 EU
89.856 527.524 17.328 10.8 law
110.184 527.524 9.996 10.8 of
123.12 527.524 5.328 10.8 a
131.508 527.524 19.992 10.8 new
154.5 527.524 32.664 10.8 related
190.104 527.524 22.704 10.8 right
215.808 527.524 13.992 10.8 for
232.8 527.524 52.32 10.8 publishers.

70.86 553.324 9.996 10.8 In
86.808 553.324 42.336 10.8 addition,
135.036 553.324 40.008 10.8 between
180.972 553.324 23.94 10.8 2014
210.84 553.324 17.328 10.8 and
234.108 553.324 26.94 10.8 2016,
266.976 553.324 14.664 10.8 the
287.592 553.324 60.564 10.8 Commission
354.108 553.324 17.328 10.8 had
377.376 553.324 54.624 10.8 discussions
437.94 553.324 21.336 10.8 with
465.168 553.324 14.664 10.8 the
485.736 553.324 38.604 10.8 relevant

70.86 567.124 60 10.8 stakeholders
133.86 567.124 12 10.8 on
148.86 567.124 14.664 10.8 the
166.524 567.124 41.304 10.8 different
210.792 567.124 28.704 10.8 topics
242.496 567.124 47.28 10.8 addressed
292.776 567.124 12 10.8 by
307.716 567.124 14.664 10.8 the
325.404 567.124 44.304 10.8 proposal.

70.86 657.714 6.48 5.832 15

106.32 659.796 49.5088 9.018 COM(2012)
158.284 659.796 15.03 9.018 789
175.819 659.796 20.7915 9.018 final.

70.86 669.234 6.48 5.832 16

106.32 671.316 49.5088 9.018 COM(2015)
158.284 671.316 15.03 9.018 215
175.819 671.316 20.7915 9.018 final.

70.86 680.694 6.48 5.832 17

106.32 682.776 39.7293 9.018 Covering,
149.306 682.776 50.8114 9.018 respectively,
203.424 682.776 12.2444 9.018 the
218.955 682.776 38.9277 9.018 exception
261.109 682.776 10.02 9.018 on
274.416 682.776 43.3165 9.018 illustration
321.019 682.776 11.6432 9.018 for
335.948 682.776 33.8776 9.018 teaching
373.143 682.776 14.3987 9.018 and
390.818 682.776 33.3365 9.018 research
427.411 682.776 11.6833 9.018 (as
442.401 682.776 5.57112 9.018 it
451.208 682.776 26.052 9.018 relates
480.547 682.776 7.79556 9.018 to
491.639 682.776 14.9999 9.018 text
509.936 682.776 14.4288 9.018 and

106.32 694.316 16.6933 9.018 data
125.54 694.316 31.6432 9.018 mining)
159.718 694.316 14.3987 9.018 and
176.622 694.316 10.02 9.018 on
189.147 694.316 31.1221 9.018 specific
222.714 694.316 15.541 9.018 acts
240.76 694.316 8.38674 9.018 of
251.612 694.316 51.092 9.018 reproduction
305.189 694.316 11.6833 9.018 (as
319.397 694.316 5.57112 9.018 it
327.423 694.316 26.052 9.018 relates
355.98 694.316 7.79556 9.018 to
366.281 694.316 55.2703 9.018 preservation).

70.86 703.694 6.48 5.832 18

106.32 705.776 31.1422 9.018 Reports
139.927 705.776 10.02 9.018 on
152.452 705.776 12.2444 9.018 the
167.171 705.776 38.9377 9.018 responses
208.614 705.776 7.7154 9.018 to
218.865 705.776 12.1843 9.018 the
233.554 705.776 48.8776 9.018 consultation
284.916 705.776 36.1321 9.018 available
323.493 705.776 12.8557 9.018 on:

106.32 717.296 414.377 9.018 http://ec.europa.eu/internal_market/consultations/2013/copyright-rules/docs/contributions/consultation-

106.32 728.816 54.1481 9.018 report_en.pdf

70.86 738.194 6.48 5.832 19

106.32 740.276 18.3767 9.018 First
133.965 740.276 26.1221 9.018 results
169.356 740.276 36.1321 9.018 available
214.766 740.276 10.02 9.018 on
234.14 740.276 290.397 9.018 https://ec.europa.eu/digital-single-market/news/first-brief-results-public-

106.32 751.796 277.724 9.018 consultation-regulatory-environment-platforms-online-intermediaries

28.38 784.188 33.348 22.2 EN

294.62 793.224 6 10.8 7

533.62 784.188 33.348 22.2 EN

70.86 59.736 4.2 10.716 •

113.34 59.664 52.032 10.8 Collection
168.38 59.664 19.284 10.8 and
190.64 59.664 16.668 10.8 use
210.32 59.664 9.996 10.8 of
223.34 59.664 46.068 10.8 expertise

70.86 85.344 27.324 10.8 Legal
98.16 82.5697 8.01 7.182 20
113.82 85.344 17.328 10.8 and
138.8 85.344 46.584 10.8 economic
185.42 82.5697 8.01 7.182 21
201.08 85.344 33.384 10.8 studies
242.12 85.344 22.596 10.8 have
272.3 85.344 22.656 10.8 been
302.6 85.344 49.296 10.8 conducted
359.54 85.344 12 10.8 on
379.18 85.344 14.628 10.8 the
401.44 85.344 53.268 10.8 application
462.34 85.344 9.996 10.8 of
479.92 85.344 44.664 10.8 Directive

70.86 99.144 61.008 10.8 2001/29/EC,
136.52 99.144 12 10.8 on
153.14 99.144 14.664 10.8 the
172.46 99.144 46.632 10.8 economic
223.76 99.144 37.344 10.8 impacts
265.76 99.144 9.996 10.8 of
280.34 99.144 41.364 10.8 adapting
326.36 99.144 25.248 10.8 some
356.3 99.144 51.324 10.8 exceptions
412.3 99.144 17.328 10.8 and
434.26 99.144 54.312 10.8 limitations,
493.24 99.144 12 10.8 on
509.86 99.144 14.664 10.8 the

70.86 112.944 23.352 10.8 legal
97.26 112.944 52.548 10.8 framework
152.84 112.944 9.996 10.8 of
165.8 112.944 18.024 10.8 text
186.86 112.944 17.328 10.8 and
207.2 112.944 20.016 10.8 data
230.24 112.944 33.948 10.8 mining
267.2 112.944 17.328 10.8 and
287.54 112.944 12 10.8 on
302.48 112.944 14.664 10.8 the
320.18 112.944 63.96 10.8 remuneration
387.22 112.944 9.996 10.8 of
400.18 112.944 35.292 10.8 authors
438.52 112.944 17.328 10.8 and
458.86 112.944 55.536 10.8 performers.

70.86 138.956 4.2 10.716 •

113.34 138.884 36.684 10.8 Impact
153.08 138.884 55.944 10.8 assessment

70.86 158.564 14.64 10.8 An
89.82 158.564 32.592 10.8 impact
126.8 158.564 53.28 10.8 assessment
184.46 158.564 18.66 10.8 was
207.44 158.564 33.336 10.8 carried
245.06 158.564 15.276 10.8 out
264.68 158.564 13.992 10.8 for
282.98 158.564 17.376 10.8 this
304.64 158.564 41.292 10.8 proposal
345.92 155.79 8.01 7.182 22
353.96 158.564 3 10.8 .
361.28 158.564 14.64 10.8 On
380.26 158.564 12 10.8 22
396.58 158.564 20.004 10.8 July
420.94 158.564 26.94 10.8 2016,
452.2 158.564 14.664 10.8 the
471.22 158.564 53.244 10.8 Regulatory

70.86 172.364 40.704 10.8 Scrutiny
115.38 172.364 29.268 10.8 Board
148.46 172.364 22.656 10.8 gave
174.86 172.364 5.328 10.8 a
183.98 172.364 37.956 10.8 positive
225.74 172.364 36.6 10.8 opinion
266.12 172.364 12 10.8 on
281.888 172.364 14.664 10.8 the
300.344 172.364 67.896 10.8 understanding
372.008 172.364 18.024 10.8 that
393.764 172.364 14.664 10.8 the
412.16 172.364 32.592 10.8 impact
448.556 172.364 53.232 10.8 assessment
505.58 172.364 18.672 10.8 will

70.86 186.164 11.328 10.8 be
85.188 186.164 32.676 10.8 further
120.864 186.164 49.016 10.8 improved.
169.88 183.39 8.01 7.182 23
180.92 186.164 18.66 10.8 The
202.58 186.164 21.996 10.8 final
227.6 186.164 33.3 10.8 Impact
263.96 186.164 56.616 10.8 Assessment
323.6 186.164 24.636 10.8 takes
351.26 186.164 18.672 10.8 into
372.94 186.164 37.344 10.8 account
413.32 186.164 49.236 10.8 comments
465.58 186.164 46.704 10.8 contained
515.26 186.164 9.36 10.8 in

70.86 199.964 18.024 10.8 that
91.92 199.964 39.648 10.8 opinion.

70.86 225.764 18.66 10.8 The
93 225.764 33.3 10.8 Impact
129.86 225.764 56.592 10.8 Assessment
190.04 225.764 45.276 10.8 examines
238.82 225.764 14.664 10.8 the
257 225.764 39.324 10.8 baseline
299.84 225.764 47.676 10.8 scenarios,
351.02 225.764 30.036 10.8 policy
384.58 225.764 35.304 10.8 options
423.4 225.764 17.328 10.8 and
444.22 225.764 22.02 10.8 their
469.78 225.764 37.296 10.8 impacts
510.58 225.764 13.992 10.8 for

70.86 239.564 24.024 10.8 eight
98.7 239.564 28.656 10.8 topics
131.18 239.564 48.696 10.8 regrouped
183.74 239.564 27.264 10.8 under
214.88 239.564 23.976 10.8 three
242.72 239.564 42.996 10.8 chapters,
289.52 239.564 35.208 10.8 namely
328.58 239.564 11.376 10.8 (i)
343.82 239.564 41.328 10.8 ensuring
389.02 239.564 27.276 10.8 wider
420.1 239.564 30.708 10.8 access
454.6 239.564 9.36 10.8 to
467.8 239.564 38.304 10.8 content,
509.92 239.564 14.664 10.8 (ii)

70.86 253.364 41.364 10.8 adapting
118.68 253.364 51.296 10.8 exceptions
176.48 253.364 9.36 10.8 to
192.26 253.364 30.672 10.8 digital
229.4 253.364 17.328 10.8 and
253.16 253.364 60 10.8 cross-border
319.64 253.364 60.492 10.8 environment
386.68 253.364 17.328 10.8 and
410.5 253.364 18.036 10.8 (iii)
435.04 253.364 46.548 10.8 achieving
488.08 253.364 5.328 10.8 a
499.9 253.364 24.636 10.8 well-

70.86 267.164 55.368 10.8 functioning
129.56 267.164 58.62 10.8 marketplace
191.54 267.164 13.992 10.8 for
208.88 267.164 48.984 10.8 copyright.
261.26 267.164 18.66 10.8 The
283.28 267.164 32.592 10.8 impact
319.28 267.164 12 10.8 on
334.58 267.164 14.664 10.8 the
352.64 267.164 41.184 10.8 different
397.24 267.164 60.024 10.8 stakeholders
460.66 267.164 18.66 10.8 was
482.56 267.164 42.024 10.8 analysed

70.86 280.964 13.992 10.8 for
89.58 280.964 22.02 10.8 each
116.34 280.964 29.988 10.8 policy
151.1 280.964 33.984 10.8 option;
189.8 280.964 30.024 10.8 taking
224.6 280.964 9.36 10.8 in
238.7 280.964 45.864 10.8 particular
289.34 280.964 18.708 10.8 into
312.74 280.964 37.344 10.8 account
354.86 280.964 14.628 10.8 the
374.26 280.964 67.932 10.8 predominance
446.98 280.964 9.996 10.8 of
461.68 280.964 29.376 10.8 SMEs
495.82 280.964 9.36 10.8 in
509.92 280.964 14.688 10.8 the

70.86 294.764 38.004 10.8 creative
114.36 294.764 46.68 10.8 industries
166.52 294.764 14.664 10.8 the
186.62 294.764 38.652 10.8 analysis
230.78 294.764 47.964 10.8 concludes
284.24 294.764 18 10.8 that
307.64 294.764 55.368 10.8 introducing
368.42 294.764 5.328 10.8 a
379.24 294.764 33.372 10.8 special
418.12 294.764 33.228 10.8 regime
456.82 294.764 30.048 10.8 would
492.34 294.764 15.336 10.8 not
513.16 294.764 11.328 10.8 be

70.86 308.564 54.672 10.8 appropriate
130.4 308.564 10.008 10.8 as
145.34 308.564 6.696 10.8 it
156.92 308.564 30 10.8 would
191.78 308.564 29.316 10.8 defeat
226.04 308.564 14.664 10.8 the
245.66 308.564 37.956 10.8 purpose
288.56 308.564 9.996 10.8 of
303.44 308.564 14.628 10.8 the
323 308.564 60.948 10.8 intervention.
388.9 308.564 18.66 10.8 The
412.48 308.564 29.988 10.8 policy
447.4 308.564 35.304 10.8 options
487.6 308.564 9.996 10.8 of
502.48 308.564 22.02 10.8 each

70.86 322.364 24.036 10.8 topic
97.92 322.364 14.604 10.8 are
115.56 322.364 33.324 10.8 shortly
151.94 322.364 45.912 10.8 presented
200.84 322.364 32.352 10.8 below.

70.86 348.164 33.984 10.8 Access
112.56 348.164 17.328 10.8 and
137.6 348.164 53.964 10.8 availability
199.28 348.164 9.996 10.8 of
216.98 348.164 55.38 10.8 audiovisual
280.1 348.164 29.268 10.8 works
317.06 348.164 12 10.8 on
336.74 348.164 84.668 10.8 video-on-demand
429.1 348.164 49.272 10.8 platforms:
486.1 348.164 8.664 10.8 A
502.42 348.164 21.996 10.8 non-

70.86 361.964 49.356 10.8 legislative
125.9 361.964 30.648 10.8 option
162.14 361.964 37.332 10.8 (Option
205.1 361.964 12.996 10.8 1),
223.76 361.964 48.624 10.8 consisting
278 361.964 9.36 10.8 in
292.94 361.964 14.628 10.8 the
313.22 361.964 59.292 10.8 organisation
378.16 361.964 9.996 10.8 of
393.76 361.964 5.328 10.8 a
404.74 361.964 55.284 10.8 stakeholder
465.64 361.964 41.316 10.8 dialogue
512.62 361.964 12 10.8 on

70.86 375.764 43.332 10.8 licensing
117.72 375.764 31.668 10.8 issues,
152.96 375.764 18.66 10.8 was
175.16 375.764 15.336 10.8 not
194 375.764 38.676 10.8 retained
236.18 375.764 10.008 10.8 as
249.68 375.764 6.696 10.8 it
259.94 375.764 18.66 10.8 was
282.14 375.764 37.272 10.8 deemed
322.94 375.764 54.648 10.8 insufficient
381.16 375.764 9.36 10.8 to
394.06 375.764 35.916 10.8 address
433.54 375.764 48.672 10.8 individual
485.74 375.764 25.368 10.8 cases
514.66 375.764 9.996 10.8 of

70.86 389.564 51.036 10.8 blockages.
125.24 389.564 18.66 10.8 The
147.32 389.564 33.348 10.8 chosen
184.04 389.564 30.708 10.8 option
218.12 389.564 37.332 10.8 (Option
258.86 389.564 9.996 10.8 2)
272.3 389.564 45.936 10.8 combines
321.68 389.564 14.664 10.8 the
339.74 389.564 59.328 10.8 organisation
402.52 389.564 9.996 10.8 of
415.9 389.564 5.328 10.8 a
424.6 389.564 55.308 10.8 stakeholder
483.28 389.564 41.316 10.8 dialogue

70.86 403.364 21.336 10.8 with
95.22 403.364 14.664 10.8 the
112.92 403.364 48.648 10.8 obligation
164.6 403.364 13.992 10.8 for
181.58 403.364 40.524 10.8 Member
225.14 403.364 28.704 10.8 States
256.88 403.364 9.36 10.8 to
269.24 403.364 13.356 10.8 set
285.62 403.364 12 10.8 up
300.56 403.364 5.328 10.8 a
308.84 403.364 54.036 10.8 negotiation
365.84 403.364 57.576 10.8 mechanism.

70.86 429.184 85.884 10.8 Out-of-commerce
160.28 429.184 32.664 10.8 works:
196.46 429.184 33.3 10.8 Option
233.24 429.184 6 10.8 1
242.66 429.184 40.008 10.8 required
286.16 429.184 40.56 10.8 Member
330.2 429.184 28.668 10.8 States
362.3 429.184 9.36 10.8 to
375.16 429.184 15.336 10.8 put
393.94 429.184 9.36 10.8 in
406.72 429.184 25.32 10.8 place
435.52 429.184 23.328 10.8 legal
462.28 429.184 62.196 10.8 mechanisms,

70.86 442.984 21.336 10.8 with
97.14 442.984 60.044 10.8 cross-border
162.14 442.984 30.288 10.8 effect,
197.3 442.984 9.36 10.8 to
211.58 442.984 42 10.8 facilitate
258.5 442.984 43.392 10.8 licensing
306.86 442.984 54.564 10.8 agreements
366.38 442.984 13.992 10.8 for
385.36 442.984 83.244 10.8 out-of-commerce
473.56 442.984 28.668 10.8 books
507.16 442.984 17.328 10.8 and

70.86 456.784 35.304 10.8 learned
111.9 456.784 38.628 10.8 journals
156.26 456.784 17.328 10.8 and
179.24 456.784 9.36 10.8 to
194.24 456.784 40.644 10.8 organise
240.62 456.784 5.328 10.8 a
251.6 456.784 55.308 10.8 stakeholder
312.56 456.784 41.316 10.8 dialogue
359.6 456.784 8.616 10.8 at
373.9 456.784 38.652 10.8 national
418.24 456.784 23.328 10.8 level
447.28 456.784 9.36 10.8 to
462.28 456.784 41.976 10.8 facilitate
509.92 456.784 14.664 10.8 the

70.86 470.584 75.3 10.8 implementation
149.9 470.584 9.996 10.8 of
163.52 470.584 18.024 10.8 that
185.18 470.584 57.576 10.8 mechanism.
246.5 470.584 33.336 10.8 Option
283.52 470.584 6 10.8 2
293.18 470.584 23.256 10.8 went
320.12 470.584 32.652 10.8 further
356.42 470.584 24.66 10.8 since
384.76 470.584 6.636 10.8 it
395.08 470.584 35.28 10.8 applied
434.02 470.584 9.36 10.8 to
447.04 470.584 12 10.8 all
462.7 470.584 25.248 10.8 types
491.62 470.584 9.996 10.8 of
505.24 470.584 19.356 10.8 out-

70.86 484.324 63.912 10.8 of-commerce
138.26 484.324 32.328 10.8 works.
174.02 484.324 21.288 10.8 This
198.74 484.324 45.972 10.8 extension
248.12 484.324 18.66 10.8 was
270.2 484.324 37.248 10.8 deemed
310.94 484.324 46.656 10.8 necessary
360.98 484.324 9.3 10.8 to
373.72 484.324 36.012 10.8 address
413.14 484.324 14.628 10.8 the
431.2 484.324 43.296 10.8 licensing
477.88 484.324 9.996 10.8 of
491.26 484.324 33.336 10.8 out-of-

70.86 498.124 49.944 10.8 commerce
123.86 498.124 29.328 10.8 works
156.2 498.124 9.36 10.8 in
168.56 498.124 12 10.8 all
183.5 498.124 36.348 10.8 sectors.
222.86 498.124 33.3 10.8 Option
259.16 498.124 6 10.8 2
268.16 498.124 18.66 10.8 was
289.82 498.124 43.308 10.8 therefore
336.14 498.124 36.324 10.8 chosen.

70.86 542.694 6.48 5.832 20

106.32 544.776 23.4167 9.018 Study
133.534 544.776 10.02 9.018 on
147.442 544.776 12.2444 9.018 the
163.514 544.776 44.4187 9.018 application
211.851 544.776 8.34666 9.018 of
224.025 544.776 37.2343 9.018 Directive
265.107 544.776 48.3966 9.018 2001/29/EC
317.281 544.776 10.02 9.018 on
331.189 544.776 38.3566 9.018 copyright
373.413 544.776 14.3987 9.018 and
391.7 544.776 27.1542 9.018 related
422.772 544.776 22.8155 9.018 rights
449.455 544.776 7.70538 9.018 in
461.078 544.776 12.1543 9.018 the
477.14 544.776 47.1241 9.018 information

106.32 556.296 31.1321 9.018 society:
147.38 556.296 272.446 9.018 http://ec.europa.eu/internal_market/copyright/studies/index_en.htm;
429.745 556.296 23.4167 9.018 Study
463.022 556.296 10.02 9.018 on
482.992 556.296 12.1543 9.018 the
505.116 556.296 19.3887 9.018 legal

106.32 567.816 43.8776 9.018 framework

207.933 567.816 8.34666 9.018 of

274.045 567.816 14.9999 9.018 text

346.82 567.816 14.4689 9.018 and

419.054 567.816 16.6933 9.018 data

493.503 567.816 31.072 9.018 mining:

106.32 579.276 320.886 9.018 http://ec.europa.eu/internal_market/copyright/docs/studies/1403_study2_en.pdf;
432.64 579.276 23.3366 9.018 Study
461.44 579.276 10.05 9.018 on
476.98 579.276 12.2444 9.018 the
494.68 579.276 29.9097 9.018 making

106.32 590.796 36.1321 9.018 available
146.78 590.796 18.9178 9.018 right
169.94 590.796 14.4288 9.018 and
188.72 590.796 9.4177 9.018 its
202.46 590.796 47.1641 9.018 relationship
254 590.796 17.7254 9.018 with
276.08 590.796 12.1932 9.018 the
292.58 590.796 51.112 9.018 reproduction
347.96 590.796 18.8977 9.018 right
371.2 590.796 7.76996 9.018 in
383.26 590.796 49.952 9.018 cross-border
437.5 590.796 25.5811 9.018 digital
467.38 590.796 57.1942 9.018 transmissions:

106.32 602.316 324.186 9.018 http://ec.europa.eu/internal_market/copyright/docs/studies/141219-study_en.pdf;

446.68 602.316 23.3566 9.018 Study

486.16 602.316 9.99 9.018 on

512.38 602.316 12.1543 9.018 the

106.32 613.776 53.3264 9.018 remuneration
166.04 613.776 8.37666 9.018 of
180.86 613.776 29.3686 9.018 authors
216.68 613.776 14.3987 9.018 and
237.44 613.776 43.8475 9.018 performers
287.72 613.776 11.6833 9.018 for
305.84 613.776 12.1932 9.018 the
324.44 613.776 13.3567 9.018 use
344.12 613.776 8.37666 9.018 of
358.88 613.776 18.3667 9.018 their
383.62 613.776 24.4588 9.018 works
414.46 613.776 14.4288 9.018 and
435.34 613.776 12.1543 9.018 the
453.88 613.776 31.1422 9.018 fixation
491.38 613.776 8.37666 9.018 of
506.2 613.776 18.2564 9.018 their

106.32 625.296 57.2042 9.018 performances:

198.5 625.296 326.037 9.018 https://ec.europa.eu/digital-single-market/en/news/commission-gathers-evidence-

106.32 636.816 276.066 9.018 remuneration-authors-and-performers-use-their-works-and-fixations;
389.37 636.816 23.3366 9.018 Study
419.72 636.816 10.02 9.018 on
436.754 636.816 12.1543 9.018 the
455.882 636.816 53.3188 9.018 remuneration
516.205 636.816 8.34666 9.018 of

106.32 648.276 29.5089 9.018 authors
139.657 648.276 8.34666 9.018 of
151.931 648.276 23.8777 9.018 books
179.696 648.276 14.4288 9.018 and
198.043 648.276 36.6331 9.018 scientific
238.534 648.276 34.7694 9.018 journals,
277.201 648.276 44.1381 9.018 translators,
325.247 648.276 41.573 9.018 journalists
370.708 648.276 14.4689 9.018 and
389.104 648.276 23.9077 9.018 visual
416.88 648.276 23.8977 9.018 artists
444.645 648.276 11.7234 9.018 for
460.287 648.276 12.2444 9.018 the
476.419 648.276 13.3767 9.018 use
493.673 648.276 8.34666 9.018 of
505.908 648.276 18.3667 9.018 their

106.32 659.796 27.2744 9.018 works:
136.069 659.796 41.6832 9.018 [hyperlink
180.258 659.796 7.75548 9.018 to
190.518 659.796 9.45888 9.018 be
202.482 659.796 34.3786 9.018 included
239.36 659.696 5.01 9.10818 –
246.86 659.796 44.9998 9.018 publication
294.325 659.796 35.591 9.018 pending]

70.86 669.234 6.48 5.832 21

106.32 671.216 23.4167 9.10818 Study
132.572 671.216 44.3986 9.10818 “Assessing
179.887 671.216 12.2444 9.10818 the
194.997 671.216 38.8275 9.10818 economic
236.69 671.216 31.072 9.10818 impacts
270.618 671.216 8.34666 9.10818 of
281.87 671.216 34.5389 9.10818 adapting
319.275 671.216 27.2143 9.10818 certain
349.325 671.216 42.8155 9.10818 limitations
395.016 671.216 14.4288 9.10818 and
412.341 671.216 43.037 9.10818 exceptions
458.254 671.316 7.79556 9.018 to
468.855 671.316 38.4067 9.018 copyright
510.107 671.316 14.4288 9.018 and

106.32 682.676 27.2143 9.10818 related
144.707 682.676 22.8155 9.10818 rights
178.594 682.676 7.79556 9.10818 in
197.542 682.676 12.2444 9.10818 the
220.929 682.676 17.7454 9.10818 EU”
241.28 682.776 2.78556 9.018 :
255.2 682.776 269.397 9.018 http://ec.europa.eu/internal_market/copyright/docs/studies/131001-

106.32 694.316 51.9838 9.018 study_en.pdf
162.26 694.216 14.3987 9.10818 and
180.657 694.216 44.3686 9.10818 “Assessing
228.943 694.216 12.2444 9.10818 the
245.135 694.216 38.7874 9.10818 economic
287.901 694.216 31.072 9.10818 impacts
323 694.316 8.34666 9.018 of
335.335 694.316 34.3987 9.018 adapting
373.661 694.316 27.2143 9.018 certain
404.793 694.316 42.7654 9.018 limitations
451.506 694.316 14.4288 9.018 and
469.853 694.316 42.8255 9.018 exceptions
516.626 694.316 7.70538 9.018 to

106.32 705.776 38.3265 9.018 copyright
158.264 705.776 14.4288 9.018 and
186.33 705.776 27.1442 9.018 related
227.051 705.776 22.7955 9.018 rights
263.464 705.776 7.79556 9.018 in
284.876 705.776 12.1543 9.018 the
310.658 705.776 13.2965 9.018 EU
326.54 705.676 5.01 9.10818 –
334.04 705.676 34.9798 9.10818 Analysis
382.637 705.676 8.34666 9.10818 of
404.571 705.676 31.1422 9.10818 specific
449.25 705.676 24.9899 9.10818 policy
487.807 705.676 36.7433 9.10818 options”:

106.32 717.296 392.117 9.018 http://ec.europa.eu/internal_market/copyright/docs/studies/140623-limitations-economic-impacts-

106.32 728.816 51.9838 9.018 study_en.pdf

70.86 738.194 6.48 5.832 22

106.32 740.276 17.2544 9.018 Add
126.11 740.276 15.541 9.018 link
144.156 740.276 7.72542 9.018 to
154.386 740.276 10.5711 9.018 IA
167.392 740.276 14.4689 9.018 and
184.366 740.276 39.9898 9.018 Executive
226.78 740.276 41.3225 9.018 Summary.

70.86 749.714 6.48 5.832 23

106.32 751.796 17.2544 9.018 Add
126.11 751.796 15.541 9.018 link
144.156 751.796 7.72542 9.018 to
154.416 751.796 18.8677 9.018 RSB
175.789 751.796 33.046 9.018 opinion.

28.38 784.188 33.348 22.2 EN

294.62 793.224 6 10.8 8

533.62 784.188 33.348 22.2 EN

70.86 59.544 18.66 10.8 Use
92.7 59.544 9.996 10.8 of
105.84 59.544 29.328 10.8 works
138.38 59.544 17.328 10.8 and
158.9 59.544 24.624 10.8 other
186.68 59.544 68.568 10.8 subject-matter
258.44 59.544 9.36 10.8 in
270.98 59.544 30.612 10.8 digital
304.76 59.544 17.28 10.8 and
325.22 59.544 60 10.8 cross-border
388.42 59.544 40.596 10.8 teaching
432.16 59.544 46.644 10.8 activities:
481.96 59.544 33.336 10.8 Option
518.5 59.544 6 10.8 1

70.86 73.344 44.712 10.8 consisted
119.22 73.344 9.36 10.8 in
132.2 73.344 46.704 10.8 providing
182.6 73.344 43.284 10.8 guidance
229.58 73.344 9.36 10.8 to
242.54 73.344 40.584 10.8 Member
286.82 73.344 28.704 10.8 States
319.22 73.344 12 10.8 on
334.88 73.344 14.664 10.8 the
353.24 73.344 53.316 10.8 application
410.26 73.344 9.936 10.8 of
423.82 73.344 14.664 10.8 the
442.18 73.344 38.016 10.8 existing
483.88 73.344 40.716 10.8 teaching

70.86 87.144 46.644 10.8 exception
121.02 87.144 9.36 10.8 in
133.82 87.144 14.664 10.8 the
152 87.144 30.708 10.8 digital
186.2 87.144 60.552 10.8 environment
250.28 87.144 17.328 10.8 and
271.1 87.144 14.664 10.8 the
289.28 87.144 59.328 10.8 organisation
352.1 87.144 9.996 10.8 of
365.54 87.144 5.328 10.8 a
374.38 87.144 55.356 10.8 stakeholder
433.18 87.144 44.352 10.8 dialogue.
481.06 87.144 21.264 10.8 This
505.84 87.144 18.66 10.8 was

70.86 100.944 52.02 10.8 considered
126.86 100.944 15.336 10.8 not
146.18 100.944 45.312 10.8 sufficient
195.5 100.944 9.36 10.8 to
208.82 100.944 31.356 10.8 ensure
244.16 100.944 23.328 10.8 legal
271.46 100.944 44.928 10.8 certainty,
320.36 100.944 9.36 10.8 in
333.68 100.944 46.02 10.8 particular
383.74 100.944 10.008 10.8 as
397.72 100.944 35.304 10.8 regards
436.96 100.944 60 10.8 cross-border
500.92 100.944 23.688 10.8 uses.

70.86 114.744 33.336 10.8 Option
110.34 114.744 6 10.8 2
122.46 114.744 40.044 10.8 required
168.68 114.744 14.664 10.8 the
189.5 114.744 58.656 10.8 introduction
254.24 114.744 9.996 10.8 of
270.38 114.744 5.328 10.8 a
281.9 114.744 51.312 10.8 mandatory
339.38 114.744 46.656 10.8 exception
392.2 114.744 21.336 10.8 with
419.68 114.744 5.328 10.8 a
431.08 114.744 60.06 10.8 cross-border
497.26 114.744 27.252 10.8 effect

70.86 128.544 42.024 10.8 covering
116.88 128.544 30.624 10.8 digital
151.58 128.544 23.688 10.8 uses.
179.24 128.544 33.336 10.8 Option
216.62 128.544 6 10.8 3
226.58 128.544 8.028 10.8 is
238.58 128.544 33.252 10.8 similar
275.9 128.544 9.36 10.8 to
289.28 128.544 33.276 10.8 Option
326.6 128.544 6 10.8 2
336.62 128.544 15.336 10.8 but
355.94 128.544 29.988 10.8 leaves
389.98 128.544 25.248 10.8 some
419.26 128.544 47.376 10.8 flexibility
470.62 128.544 9.36 10.8 to
483.94 128.544 40.584 10.8 Member

70.86 142.364 28.704 10.8 States
103.68 142.364 18.024 10.8 that
125.9 142.364 16.608 10.8 can
146.66 142.364 31.356 10.8 decide
182.18 142.364 9.36 10.8 to
195.62 142.364 26.688 10.8 apply
226.46 142.364 14.664 10.8 the
245.3 142.364 46.644 10.8 exception
296.12 142.364 49.98 10.8 depending
350.24 142.364 12 10.8 on
366.38 142.364 14.664 10.8 the
385.24 142.364 53.988 10.8 availability
443.38 142.364 9.996 10.8 of
457.48 142.364 41.688 10.8 licences.
503.32 142.364 21.288 10.8 This

70.86 156.164 30.708 10.8 option
104.58 156.164 18.66 10.8 was
126.26 156.164 37.188 10.8 deemed
166.46 156.164 9.36 10.8 to
178.82 156.164 11.328 10.8 be
193.16 156.164 14.664 10.8 the
210.86 156.164 23.244 10.8 most
237.14 156.164 64.692 10.8 proportionate
304.88 156.164 20.268 10.8 one.

70.86 181.964 21.996 10.8 Text
98.4 181.964 17.328 10.8 and
121.26 181.964 19.956 10.8 data
146.78 181.964 37.284 10.8 mining:
189.56 181.964 33.336 10.8 Option
228.44 181.964 6 10.8 1
239.96 181.964 44.676 10.8 consisted
290.12 181.964 9.36 10.8 in
304.94 181.964 69.936 10.8 self-regulation
380.44 181.964 47.34 10.8 initiatives
433.3 181.964 23.328 10.8 from
462.04 181.964 14.664 10.8 the
482.26 181.964 42.336 10.8 industry.

70.86 195.764 27.324 10.8 Other
102.3 195.764 35.316 10.8 options
141.74 195.764 44.676 10.8 consisted
190.46 195.764 9.36 10.8 in
203.9 195.764 14.664 10.8 the
222.68 195.764 58.632 10.8 introduction
285.44 195.764 9.996 10.8 of
299.48 195.764 5.328 10.8 a
308.9 195.764 51.264 10.8 mandatory
364.22 195.764 46.644 10.8 exception
415 195.764 41.964 10.8 covering
461.08 195.764 18 10.8 text
483.1 195.764 17.328 10.8 and
504.52 195.764 20.016 10.8 data

70.86 209.564 36.948 10.8 mining.
112.26 209.564 10.02 10.8 In
126.74 209.564 33.336 10.8 Option
164.54 209.564 9 10.8 2,
177.98 209.564 14.628 10.8 the
197.06 209.564 46.656 10.8 exception
248.12 209.564 21.336 10.8 only
273.92 209.564 37.92 10.8 covered
316.28 209.564 20.664 10.8 uses
341.42 209.564 41.94 10.8 pursuing
387.82 209.564 5.328 10.8 a
397.6 209.564 78.54 10.8 non-commercial
480.58 209.564 44.016 10.8 scientific

70.86 223.364 39.996 10.8 research
116.94 223.364 40.956 10.8 purpose.
164 223.364 33.3 10.8 Option
203.36 223.364 6 10.8 3
215.42 223.364 38.016 10.8 allowed
259.52 223.364 20.664 10.8 uses
286.28 223.364 13.992 10.8 for
306.32 223.364 56.628 10.8 commercial
369.08 223.364 44.016 10.8 scientific
419.14 223.364 39.996 10.8 research
465.22 223.364 37.956 10.8 purpose
509.26 223.364 15.336 10.8 but

70.86 237.164 33.984 10.8 limited
108.54 237.164 14.664 10.8 the
126.86 237.164 33.324 10.8 benefit
163.88 237.164 9.996 10.8 of
177.5 237.164 14.664 10.8 the
195.86 237.164 46.644 10.8 exception
246.2 237.164 9.36 10.8 to
259.22 237.164 25.248 10.8 some
288.14 237.164 64.392 10.8 beneficiaries.
356.24 237.164 33.288 10.8 Option
393.22 237.164 6 10.8 4
402.88 237.164 23.328 10.8 went
429.82 237.164 32.652 10.8 further
466.18 237.164 10.008 10.8 as
479.86 237.164 6.696 10.8 it
490.18 237.164 15.336 10.8 did
509.2 237.164 15.336 10.8 not

70.86 250.964 33.348 10.8 restrict
107.22 250.964 64.296 10.8 beneficiaries.
174.56 250.964 33.288 10.8 Option
210.86 250.964 6 10.8 3
219.86 250.964 18.66 10.8 was
241.52 250.964 37.188 10.8 deemed
281.72 250.964 9.36 10.8 to
294.08 250.964 11.328 10.8 be
308.42 250.964 14.664 10.8 the
326.12 250.964 23.244 10.8 most
352.4 250.964 64.692 10.8 proportionate
420.16 250.964 20.268 10.8 one.

70.86 276.764 60.024 10.8 Preservation
134.6 276.764 9.996 10.8 of
148.28 276.764 36.72 10.8 cultural
188.72 276.764 42.012 10.8 heritage:
234.5 276.764 33.288 10.8 Option
271.52 276.764 6 10.8 1
281.24 276.764 44.628 10.8 consisted
329.6 276.764 9.36 10.8 in
342.62 276.764 14.664 10.8 the
361.04 276.764 45.312 10.8 provision
410.14 276.764 9.996 10.8 of
423.76 276.764 43.356 10.8 guidance
470.8 276.764 9.36 10.8 to
483.88 276.764 40.584 10.8 Member

70.86 290.564 28.704 10.8 States
102.6 290.564 12 10.8 on
117.6 290.564 14.628 10.8 the
135.2 290.564 75.3 10.8 implementation
213.56 290.564 9.996 10.8 of
226.52 290.564 14.664 10.8 the
244.22 290.564 46.644 10.8 exception
293.9 290.564 12 10.8 on
308.84 290.564 37.344 10.8 specific
349.22 290.564 18.66 10.8 acts
370.84 290.564 9.996 10.8 of
383.8 290.564 61.404 10.8 reproduction
448.24 290.564 13.992 10.8 for
465.22 290.564 59.316 10.8 preservation

70.86 304.364 45.684 10.8 purposes.
120.06 304.364 21.264 10.8 This
144.86 304.364 33.336 10.8 Option
181.64 304.364 18.66 10.8 was
203.78 304.364 38.004 10.8 rejected
245.24 304.364 10.008 10.8 as
258.74 304.364 6.696 10.8 it
268.94 304.364 18.66 10.8 was
291.08 304.364 37.188 10.8 deemed
331.76 304.364 54.732 10.8 insufficient
389.98 304.364 9.36 10.8 to
402.82 304.364 36.612 10.8 achieve
442.9 304.364 23.304 10.8 legal
469.72 304.364 41.988 10.8 certainty
515.2 304.364 9.36 10.8 in

70.86 318.164 14.664 10.8 the
89.1 318.164 24.936 10.8 field.
117.6 318.164 33.336 10.8 Option
154.52 318.164 9 10.8 2,
167 318.164 48.708 10.8 consisting
219.2 318.164 9.36 10.8 in
232.1 318.164 5.328 10.8 a
240.92 318.164 51.324 10.8 mandatory
295.76 318.164 46.644 10.8 exception
345.92 318.164 13.992 10.8 for
363.38 318.164 59.316 10.8 preservation
426.22 318.164 42.684 10.8 purposes
472.42 318.164 11.94 10.8 by
487.9 318.164 36.648 10.8 cultural

70.86 331.964 38.676 10.8 heritage
112.56 331.964 56.348 10.8 institutions,
171.92 331.964 18.66 10.8 was
193.52 331.964 36.348 10.8 chosen.

70.86 357.764 18.66 10.8 Use
93.3 357.764 9.996 10.8 of
107.04 357.764 94.76 10.8 copyright-protected
205.58 357.764 35.352 10.8 content
244.76 357.764 11.94 10.8 by
260.48 357.764 56.616 10.8 information
320.9 357.764 34.056 10.8 society
358.76 357.764 38.652 10.8 services
401.26 357.764 33.24 10.8 storing
438.28 357.764 17.328 10.8 and
459.4 357.764 30.648 10.8 giving
493.84 357.764 30.708 10.8 access

70.86 371.564 9.36 10.8 to
86.7 371.564 24.012 10.8 large
117.18 371.564 40.668 10.8 amounts
164.36 371.564 9.996 10.8 of
180.8 371.564 29.376 10.8 works
216.68 371.564 17.328 10.8 and
240.5 371.564 24.624 10.8 other
271.64 371.564 68.592 10.8 subject-matter
346.76 371.564 44.028 10.8 uploaded
397.3 371.564 12 10.8 by
415.78 371.564 22.02 10.8 their
444.34 371.564 27.996 10.8 users:
478.78 371.564 33.336 10.8 Option
518.62 371.564 6 10.8 1

70.86 385.364 44.7 10.8 consisted
118.56 385.364 9.36 10.8 in
130.88 385.364 14.664 10.8 the
148.58 385.364 59.316 10.8 organisation
210.92 385.364 9.996 10.8 of
223.88 385.364 5.328 10.8 a
232.22 385.364 55.32 10.8 stakeholder
290.6 385.364 44.268 10.8 dialogue.
337.88 385.364 21.336 10.8 This
362.18 385.364 44.004 10.8 approach
409.24 385.364 18.588 10.8 was
430.84 385.364 38.004 10.8 rejected
471.88 385.364 9.948 10.8 as
484.78 385.364 6.696 10.8 it
494.5 385.364 30 10.8 would

70.86 399.164 22.656 10.8 have
97.02 399.164 5.328 10.8 a
105.84 399.164 33.984 10.8 limited
143.36 399.164 32.592 10.8 impact
179.48 399.164 12 10.8 on
194.96 399.164 14.664 10.8 the
213.14 399.164 50.028 10.8 possibility
266.66 399.164 13.992 10.8 for
284.12 399.164 57.96 10.8 rightholders
345.62 399.164 9.36 10.8 to
358.46 399.164 47.88 10.8 determine
409.9 399.164 14.664 10.8 the
428.02 399.164 50.064 10.8 conditions
481.54 399.164 9.996 10.8 of
494.98 399.164 15.996 10.8 use
514.48 399.164 10.056 10.8 of

70.86 412.984 22.02 10.8 their
96.36 412.984 29.328 10.8 works
129.2 412.984 17.328 10.8 and
150.02 412.984 24.684 10.8 other
178.22 412.984 71.592 10.8 subject-matter.
253.28 412.984 18.66 10.8 The
275.42 412.984 33.348 10.8 chosen
312.26 412.984 30.708 10.8 option
346.46 412.984 37.296 10.8 (Option
387.28 412.984 9.996 10.8 2)
400.78 412.984 21.996 10.8 goes
426.22 412.984 32.652 10.8 further
462.4 412.984 17.328 10.8 and
483.16 412.984 41.364 10.8 provides

70.86 426.784 13.992 10.8 for
89.58 426.784 11.34 10.8 an
105.66 426.784 48.732 10.8 obligation
159.2 426.784 13.992 10.8 for
177.92 426.784 32.652 10.8 certain
215.3 426.784 34.008 10.8 service
254 426.784 45.384 10.8 providers
304.1 426.784 9.3 10.8 to
318.14 426.784 15.336 10.8 put
338.24 426.784 9.36 10.8 in
352.34 426.784 25.32 10.8 place
382.42 426.784 54.612 10.8 appropriate
441.82 426.784 60.624 10.8 technologies
507.22 426.784 17.328 10.8 and

70.86 440.584 32.016 10.8 fosters
105.9 440.584 14.664 10.8 the
123.56 440.584 51.972 10.8 conclusion
178.58 440.584 9.996 10.8 of
191.48 440.584 54.624 10.8 agreements
249.14 440.584 21.336 10.8 with
273.5 440.584 60.984 10.8 rightholders.

70.86 466.324 31.344 10.8 Rights
105.3 466.324 9.36 10.8 in
117.72 466.324 61.98 10.8 publications:
182.72 466.324 33.336 10.8 Option
219.14 466.324 6 10.8 1
228.2 466.324 44.736 10.8 consisted
275.96 466.324 9.36 10.8 in
288.38 466.324 14.628 10.8 the
306.08 466.324 59.352 10.8 organisation
368.48 466.324 9.996 10.8 of
381.52 466.324 5.328 10.8 a
389.92 466.324 55.392 10.8 stakeholder
448.42 466.324 41.256 10.8 dialogue
492.76 466.324 9.36 10.8 to
505.18 466.324 19.332 10.8 find

70.86 480.124 43.356 10.8 solutions
121.74 480.124 13.992 10.8 for
143.24 480.124 14.664 10.8 the
165.44 480.124 66.576 10.8 dissemination
239.54 480.124 9.996 10.8 of
257.06 480.124 24.684 10.8 press
289.28 480.124 51.516 10.8 publishers'
348.26 480.124 38.328 10.8 content.
394.12 480.124 21.336 10.8 This
422.98 480.124 30.648 10.8 option
461.14 480.124 18.66 10.8 was
487.24 480.124 37.248 10.8 deemed

70.86 493.924 54.672 10.8 insufficient
128.72 493.924 9.3 10.8 to
141.2 493.924 31.356 10.8 ensure
175.7 493.924 23.292 10.8 legal
202.22 493.924 41.964 10.8 certainty
247.28 493.924 30.024 10.8 across
280.46 493.924 14.664 10.8 the
298.34 493.924 18.924 10.8 EU.
320.42 493.924 33.336 10.8 Option
356.96 493.924 6 10.8 2
366.08 493.924 44.7 10.8 consisted
413.98 493.924 9.36 10.8 in
426.4 493.924 14.664 10.8 the
444.28 493.924 58.62 10.8 introduction
506.08 493.924 9.996 10.8 of
519.22 493.924 5.328 10.8 a

70.86 507.724 32.676 10.8 related
106.56 507.724 22.704 10.8 right
132.26 507.724 42.024 10.8 covering
177.32 507.724 30.624 10.8 digital
211.04 507.724 20.664 10.8 uses
234.8 507.724 9.996 10.8 of
247.82 507.724 24.624 10.8 press
275.54 507.724 61.596 10.8 publications.
340.22 507.724 10.02 10.8 In
353.24 507.724 39.336 10.8 addition
395.68 507.724 9.36 10.8 to
408.04 507.724 20.304 10.8 this,
431.38 507.724 33.336 10.8 Option
467.8 507.724 6 10.8 3
476.86 507.724 29.916 10.8 leaves
509.86 507.724 14.664 10.8 the

70.86 521.524 30.708 10.8 option
107.22 521.524 13.992 10.8 for
126.86 521.524 40.584 10.8 Member
173.12 521.524 28.704 10.8 States
207.5 521.524 9.36 10.8 to
222.5 521.524 31.224 10.8 enable
259.4 521.524 52.308 10.8 publishers,
317.36 521.524 9.36 10.8 to
332.36 521.524 29.28 10.8 which
367.28 521.524 27.372 10.8 rights
400.36 521.524 22.608 10.8 have
428.62 521.524 22.656 10.8 been
456.94 521.524 51.936 10.8 transferred
514.54 521.524 9.996 10.8 or

70.86 535.324 39.324 10.8 licensed
113.7 535.324 12 10.8 by
129.14 535.324 11.34 10.8 an
143.96 535.324 33.684 10.8 author,
181.1 535.324 9.36 10.8 to
193.88 535.324 26.712 10.8 claim
224 535.324 5.328 10.8 a
232.82 535.324 25.356 10.8 share
261.68 535.324 9.36 10.8 in
274.52 535.324 14.628 10.8 the
292.64 535.324 66.648 10.8 compensation
362.72 535.324 13.992 10.8 for
380.2 535.324 20.664 10.8 uses
404.38 535.324 27.324 10.8 under
435.22 535.324 11.34 10.8 an
450.04 535.324 49.62 10.8 exception.
503.14 535.324 21.336 10.8 This

70.86 549.124 16.692 10.8 last
90.6 549.124 30.648 10.8 option
124.22 549.124 18.66 10.8 was
145.88 549.124 14.664 10.8 the
163.58 549.124 17.328 10.8 one
183.86 549.124 38.676 10.8 retained
225.56 549.124 10.008 10.8 as
238.52 549.124 6.696 10.8 it
248.18 549.124 47.364 10.8 addressed
298.52 549.124 11.952 10.8 all
313.52 549.124 38.616 10.8 relevant
355.16 549.124 47.556 10.8 problems.

70.86 574.924 19.332 10.8 Fair
94.38 574.924 63.98 10.8 remuneration
162.5 574.924 9.36 10.8 in
176 574.924 43.308 10.8 contracts
223.46 574.924 9.996 10.8 of
237.56 574.924 35.316 10.8 authors
277.04 574.924 17.328 10.8 and
298.46 574.924 55.92 10.8 performers:
358.58 574.924 33.336 10.8 Option
396.1 574.924 6 10.8 1
406.24 574.924 44.676 10.8 consisted
455.02 574.924 9.36 10.8 in
468.52 574.924 46.668 10.8 providing
519.28 574.924 5.328 10.8 a

70.86 588.724 80.64 10.8 recommendation
156.14 588.724 9.36 10.8 to
170.12 588.724 40.584 10.8 Member
215.36 588.724 28.704 10.8 States
248.66 588.724 17.328 10.8 and
270.62 588.724 50.628 10.8 organising
325.88 588.724 5.328 10.8 a
335.84 588.724 55.248 10.8 stakeholder
395.8 588.724 44.256 10.8 dialogue.
444.7 588.724 21.336 10.8 This
470.68 588.724 30.648 10.8 option
505.96 588.724 18.66 10.8 was

70.86 602.524 38.004 10.8 rejected
115.68 602.524 24.66 10.8 since
147.2 602.524 6.636 10.8 it
160.7 602.524 30 10.8 would
197.48 602.524 15.336 10.8 not
219.68 602.524 11.328 10.8 be
237.8 602.524 39.972 10.8 efficient
284.66 602.524 38.28 10.8 enough.
329.78 602.524 33.336 10.8 Option
369.94 602.524 6 10.8 2
382.78 602.524 37.98 10.8 foresaw
427.6 602.524 14.664 10.8 the
449.08 602.524 58.704 10.8 introduction
514.66 602.524 9.996 10.8 of

70.86 616.324 61.356 10.8 transparency
135.92 616.324 53.376 10.8 obligations
192.98 616.324 12 10.8 on
208.7 616.324 14.664 10.8 the
227.12 616.324 53.244 10.8 contractual
284.12 616.324 59.316 10.8 counterparts
347.18 616.324 9.996 10.8 of
360.86 616.324 41.016 10.8 creators.
405.64 616.324 14.64 10.8 On
424 616.324 15.3 10.8 top
443.02 616.324 9.996 10.8 of
456.7 616.324 21.024 10.8 that,
481.48 616.324 33.336 10.8 Option
518.56 616.324 6 10.8 3

70.86 630.124 44.016 10.8 proposed
118.92 630.124 14.628 10.8 the
137.6 630.124 58.704 10.8 introduction
200.3 630.124 9.996 10.8 of
214.28 630.124 5.328 10.8 a
223.64 630.124 64.068 10.8 remuneration
291.74 630.124 52.572 10.8 adjustment
348.44 630.124 54.588 10.8 mechanism
407.02 630.124 17.328 10.8 and
428.44 630.124 5.328 10.8 a
437.8 630.124 34.692 10.8 dispute
476.56 630.124 48 10.8 resolution

70.86 643.924 57.576 10.8 mechanism.
134.72 643.924 21.336 10.8 This
162.26 643.924 30.588 10.8 option
199.04 643.924 18.66 10.8 was
223.88 643.924 14.664 10.8 the
244.64 643.924 17.328 10.8 one
268.16 643.924 38.568 10.8 retained
312.92 643.924 24.696 10.8 since
343.76 643.924 33.276 10.8 Option
383.26 643.924 6 10.8 2
395.44 643.924 29.94 10.8 would
431.56 643.924 15.336 10.8 not
453.1 643.924 22.608 10.8 have
481.84 643.924 42.708 10.8 provided

70.86 657.724 59.904 10.8 enforcement
133.88 657.724 30.564 10.8 means
167.48 657.724 9.36 10.8 to
179.84 657.724 38.016 10.8 creators
220.82 657.724 9.36 10.8 to
233.18 657.724 35.952 10.8 support
272.18 657.724 14.628 10.8 the
289.82 657.724 61.284 10.8 transparency
354.14 657.724 51.612 10.8 obligation.

70.86 683.716 4.2 10.716 •

113.34 683.644 57.348 10.8 Regulatory
173.66 683.644 32.7 10.8 fitness
209.36 683.644 19.344 10.8 and
231.68 683.644 69.948 10.8 simplification

70.86 703.344 16.668 10.8 For
91.92 703.344 14.664 10.8 the
111 703.344 20.616 10.8 uses
135.98 703.344 38.016 10.8 covered
178.34 703.344 12 10.8 by
194.66 703.344 14.664 10.8 the
213.74 703.344 54.228 10.8 exceptions,
272.36 703.344 14.664 10.8 the
291.44 703.344 41.268 10.8 proposal
337.1 703.344 18.636 10.8 will
360.14 703.344 26.616 10.8 allow
391.12 703.344 55.272 10.8 educational
450.82 703.344 73.656 10.8 establishments,

70.86 717.144 69.348 10.8 public-interest
145.94 717.144 39.948 10.8 research
191.54 717.144 53.352 10.8 institutions
250.58 717.144 17.328 10.8 and
273.62 717.144 36.636 10.8 cultural
315.92 717.144 38.676 10.8 heritage
360.26 717.144 53.304 10.8 institutions
419.32 717.144 9.36 10.8 to
434.32 717.144 32.004 10.8 reduce
472 717.144 52.62 10.8 transaction

70.86 730.944 27.036 10.8 costs.
102.12 730.944 21.336 10.8 This
127.7 730.944 45.348 10.8 reduction
177.26 730.944 9.996 10.8 of
191.42 730.944 52.644 10.8 transaction
248.3 730.944 24.036 10.8 costs
276.56 730.944 21.996 10.8 does
302.78 730.944 15.336 10.8 not
322.34 730.944 53.304 10.8 necessarily
379.9 730.944 25.896 10.8 mean
410.02 730.944 18.024 10.8 that
432.28 730.944 58.02 10.8 rightholders
494.5 730.944 30 10.8 would

70.86 744.744 27.924 10.8 suffer
103.92 744.744 5.328 10.8 a
114.36 744.744 18.672 10.8 loss
138.2 744.744 9.996 10.8 of
153.26 744.744 35.304 10.8 income
193.76 744.744 9.996 10.8 or
208.88 744.744 43.356 10.8 licensing
257.36 744.744 46.008 10.8 revenues:
308.48 744.744 14.664 10.8 the
328.28 744.744 27.324 10.8 scope
360.74 744.744 17.328 10.8 and
383.2 744.744 50.028 10.8 conditions
438.34 744.744 9.996 10.8 of
453.4 744.744 14.664 10.8 the
473.26 744.744 51.312 10.8 exceptions

28.38 784.188 33.348 22.2 EN

294.62 793.224 6 10.8 9

533.62 784.188 33.348 22.2 EN

70.86 59.544 31.356 10.8 ensure
106.08 59.544 18 10.8 that
127.94 59.544 57.984 10.8 rightholders
189.74 59.544 29.976 10.8 would
223.58 59.544 27.984 10.8 suffer
255.5 59.544 39.852 10.8 minimal
299.24 59.544 27.636 10.8 harm.
330.74 59.544 18.66 10.8 The
353.3 59.544 32.736 10.8 impact
389.92 59.544 12 10.8 on
405.76 59.544 29.34 10.8 SMEs
438.94 59.544 9.36 10.8 in
452.14 59.544 24.684 10.8 these
480.7 59.544 26.664 10.8 fields
511.24 59.544 13.38 10.8 (in

70.86 73.344 46.008 10.8 particular
120.12 73.344 43.944 10.8 scientific
167.36 73.344 17.328 10.8 and
187.94 73.344 55.344 10.8 educational
246.5 73.344 53.364 10.8 publishers)
303.08 73.344 17.328 10.8 and
323.66 73.344 12 10.8 on
338.9 73.344 22.02 10.8 their
364.16 73.344 40.692 10.8 business
408.16 73.344 34.644 10.8 models
446.08 73.344 32.028 10.8 should
481.36 73.344 43.236 10.8 therefore

70.86 87.144 11.328 10.8 be
85.2 87.144 36.984 10.8 limited.

70.86 112.944 60.624 10.8 Mechanisms
135.44 112.944 33.264 10.8 aiming
172.64 112.944 9.36 10.8 to
185.9 112.944 40.068 10.8 improve
229.88 112.944 43.332 10.8 licensing
277.16 112.944 42.612 10.8 practices
323.72 112.944 14.676 10.8 are
342.32 112.944 27.312 10.8 likely
373.54 112.944 9.36 10.8 to
386.8 112.944 32.004 10.8 reduce
422.74 112.944 52.644 10.8 transaction
479.32 112.944 24.012 10.8 costs
507.28 112.944 17.328 10.8 and

70.86 126.744 39.336 10.8 increase
116.34 126.744 43.308 10.8 licensing
165.8 126.744 42.624 10.8 revenues
214.58 126.744 13.992 10.8 for
234.68 126.744 61.044 10.8 rightholders.
301.88 126.744 29.34 10.8 SMEs
337.34 126.744 9.36 10.8 in
352.82 126.744 14.664 10.8 the
373.66 126.744 26.664 10.8 fields
406.48 126.744 54.336 10.8 (producers,
466.96 126.744 57.636 10.8 distributors,

70.86 140.564 52.368 10.8 publishers,
128.24 140.564 21.012 10.8 etc.)
154.34 140.564 30 10.8 would
189.32 140.564 11.328 10.8 be
205.7 140.564 47.364 10.8 positively
258.08 140.564 41.616 10.8 affected.
304.76 140.564 27.324 10.8 Other
337.16 140.564 62.976 10.8 stakeholders,
405.22 140.564 21.9 10.8 such
432.16 140.564 10.008 10.8 as
447.22 140.564 23.328 10.8 VoD
475.54 140.564 48.936 10.8 platforms,

70.86 154.364 30 10.8 would
104.58 154.364 19.356 10.8 also
127.64 154.364 11.328 10.8 be
142.7 154.364 47.304 10.8 positively
193.7 154.364 41.616 10.8 affected.
239 154.364 18.66 10.8 The
261.38 154.364 41.304 10.8 proposal
306.44 154.364 19.356 10.8 also
329.48 154.364 39.936 10.8 includes
373.18 154.364 33.984 10.8 several
410.92 154.364 44.604 10.8 measures
459.22 154.364 65.304 10.8 (transparency

70.86 168.164 48.696 10.8 obligation
123.62 168.164 11.94 10.8 on
139.58 168.164 60.204 10.8 rightholders'
203.78 168.164 62.388 10.8 counterparts,
270.26 168.164 58.632 10.8 introduction
332.96 168.164 9.996 10.8 of
346.94 168.164 5.328 10.8 a
356.3 168.164 20.04 10.8 new
380.38 168.164 22.704 10.8 right
407.14 168.164 13.992 10.8 for
425.14 168.164 24.684 10.8 press
453.88 168.164 49.356 10.8 publishers
507.28 168.164 17.328 10.8 and

70.86 181.964 48.696 10.8 obligation
127.94 181.964 12 10.8 on
148.34 181.964 25.248 10.8 some
182 181.964 30.084 10.8 online
220.52 181.964 42.54 10.8 services)
271.52 181.964 18 10.8 that
297.92 181.964 29.916 10.8 would
336.26 181.964 39.924 10.8 improve
384.64 181.964 14.664 10.8 the
407.74 181.964 51.276 10.8 bargaining
467.44 181.964 38.664 10.8 position
514.54 181.964 9.996 10.8 of

70.86 195.764 58.032 10.8 rightholders
132.2 195.764 17.328 10.8 and
152.9 195.764 14.664 10.8 the
170.9 195.764 33.996 10.8 control
208.22 195.764 20.688 10.8 they
232.28 195.764 22.608 10.8 have
258.26 195.764 12 10.8 on
273.62 195.764 14.628 10.8 the
291.62 195.764 15.996 10.8 use
310.88 195.764 9.996 10.8 of
324.2 195.764 22.02 10.8 their
349.58 195.764 29.268 10.8 works
382.24 195.764 17.328 10.8 and
402.94 195.764 24.624 10.8 other
430.9 195.764 71.652 10.8 subject-matter.
505.9 195.764 7.356 10.8 It
516.58 195.764 8.028 10.8 is

70.86 209.564 42.696 10.8 expected
116.52 209.564 9.36 10.8 to
128.84 209.564 22.656 10.8 have
154.52 209.564 5.328 10.8 a
162.86 209.564 37.968 10.8 positive
203.84 209.564 32.592 10.8 impact
239.48 209.564 12 10.8 on
254.48 209.564 60.156 10.8 rightholders'
317.6 209.564 45.672 10.8 revenues.

70.86 235.364 18.66 10.8 The
92.748 235.364 41.352 10.8 proposal
137.352 235.364 40.02 10.8 includes
180.588 235.364 19.992 10.8 new
203.796 235.364 53.364 10.8 obligations
260.4 235.364 12 10.8 on
275.628 235.364 25.296 10.8 some
304.164 235.364 30.084 10.8 online
337.488 235.364 38.604 10.8 services
379.332 235.364 17.328 10.8 and
399.9 235.364 12 10.8 on
415.128 235.364 25.332 10.8 those
443.724 235.364 9.336 10.8 to
456.312 235.364 29.328 10.8 which
488.88 235.364 35.352 10.8 authors

70.86 249.164 17.328 10.8 and
91.428 249.164 52.644 10.8 performers
147.252 249.164 36.684 10.8 transfer
187.128 249.164 21.984 10.8 their
212.304 249.164 30.312 10.8 rights.
245.82 249.164 28.656 10.8 These
277.88 249.164 53.292 10.8 obligations
334.376 249.164 20.592 10.8 may
358.208 249.164 34.668 10.8 impose
396.116 249.164 48.024 10.8 additional
447.332 249.164 27.036 10.8 costs.
477.488 249.164 46.968 10.8 However,

70.86 262.964 14.664 10.8 the
89.316 262.964 41.328 10.8 proposal
134.364 262.964 36.024 10.8 ensures
174.12 262.964 18 10.8 that
195.888 262.964 14.664 10.8 the
214.344 262.964 23.952 10.8 costs
242.04 262.964 18.672 10.8 will
264.516 262.964 33.228 10.8 remain
301.512 262.964 64.692 10.8 proportionate
369.948 262.964 17.328 10.8 and
391.056 262.964 21 10.8 that,
415.764 262.964 25.992 10.8 when
445.512 262.964 49.656 10.8 necessary,
498.936 262.964 25.248 10.8 some

70.86 276.764 28.692 10.8 actors
103.896 276.764 29.94 10.8 would
138.144 276.764 15.336 10.8 not
157.812 276.764 11.328 10.8 be
173.46 276.764 34.02 10.8 subject
211.824 276.764 9.336 10.8 to
225.432 276.764 14.664 10.8 the
244.428 276.764 51.696 10.8 obligation.
300.372 276.764 16.668 10.8 For
321.36 276.764 42.288 10.8 instance,
367.956 276.764 14.664 10.8 the
386.952 276.764 61.284 10.8 transparency
452.556 276.764 48.636 10.8 obligation
505.5 276.764 18.672 10.8 will

70.86 290.564 15.336 10.8 not
92.82 290.564 26.688 10.8 apply
126.08 290.564 25.992 10.8 when
158.66 290.564 14.664 10.8 the
179.96 290.564 68.628 10.8 administrative
255.2 290.564 24.036 10.8 costs
285.8 290.564 6.696 10.8 it
299.06 290.564 35.304 10.8 implies
341 290.564 14.652 10.8 are
362.18 290.564 78.684 10.8 disproportionate
447.52 290.564 9.36 10.8 in
463.42 290.564 23.328 10.8 view
493.3 290.564 9.996 10.8 of
509.86 290.564 14.664 10.8 the

70.86 304.364 46.656 10.8 generated
122.1 304.364 45.564 10.8 revenues.
172.28 304.364 13.308 10.8 As
190.1 304.364 13.992 10.8 for
208.64 304.364 14.664 10.8 the
227.9 304.364 48.624 10.8 obligation
281.12 304.364 12 10.8 on
297.62 304.364 29.976 10.8 online
332.12 304.364 41.628 10.8 services,
378.34 304.364 6.636 10.8 it
389.56 304.364 21.336 10.8 only
415.42 304.364 33.984 10.8 applies
453.94 304.364 9.36 10.8 to
467.8 304.364 56.676 10.8 information

70.86 318.164 33.984 10.8 society
109.92 318.164 38.616 10.8 services
153.56 318.164 33.336 10.8 storing
191.9 318.164 17.328 10.8 and
214.28 318.164 30.648 10.8 giving
249.92 318.164 30.624 10.8 access
285.56 318.164 9.36 10.8 to
299.9 318.164 23.988 10.8 large
328.88 318.164 40.632 10.8 amounts
374.62 318.164 9.996 10.8 of
389.62 318.164 94.572 10.8 copyright-protected
489.22 318.164 35.304 10.8 content

70.86 331.964 44.028 10.8 uploaded
117.9 331.964 12 10.8 by
132.86 331.964 22.02 10.8 their
157.88 331.964 27.696 10.8 users.

70.86 357.764 18.66 10.8 The
92.94 357.764 41.304 10.8 proposal
137.72 357.764 39.312 10.8 foresees
180.44 357.764 14.628 10.8 the
198.5 357.764 48.696 10.8 obligation
250.58 357.764 13.992 10.8 for
267.98 357.764 40.584 10.8 Member
312.08 357.764 28.704 10.8 States
344.18 357.764 9.36 10.8 to
356.96 357.764 51.264 10.8 implement
411.7 357.764 54.036 10.8 negotiation
469.18 357.764 17.328 10.8 and
489.88 357.764 34.692 10.8 dispute

70.86 371.564 48.024 10.8 resolution
124.22 371.564 62.304 10.8 mechanisms.
191.9 371.564 21.336 10.8 This
218.6 371.564 35.304 10.8 implies
259.28 371.564 55.272 10.8 compliance
319.94 371.564 24.036 10.8 costs
349.34 371.564 13.992 10.8 for
368.6 371.564 40.584 10.8 Member
414.58 371.564 31.704 10.8 States.
451.66 371.564 46.968 10.8 However,
503.98 371.564 20.664 10.8 they

70.86 385.364 26.688 10.8 could
102.42 385.364 18.66 10.8 rely
125.9 385.364 9.3 10.8 in
140.06 385.364 23.244 10.8 most
168.2 385.364 25.296 10.8 cases
198.38 385.364 12 10.8 on
215.24 385.364 37.92 10.8 existing
258.02 385.364 49.632 10.8 structures,
312.5 385.364 29.328 10.8 which
346.7 385.364 29.916 10.8 would
381.52 385.364 22.572 10.8 limit
409 385.364 14.664 10.8 the
428.5 385.364 27.036 10.8 costs.
460.42 385.364 18.66 10.8 The
483.88 385.364 40.656 10.8 teaching

70.86 399.164 46.644 10.8 exception
121.62 399.164 16.656 10.8 can
142.34 399.164 19.356 10.8 also
165.8 399.164 26.64 10.8 entail
196.46 399.164 25.248 10.8 some
225.8 399.164 24.036 10.8 costs
253.94 399.164 13.992 10.8 for
272 399.164 40.644 10.8 Member
316.76 399.164 28.668 10.8 States
349.52 399.164 29.928 10.8 linked
383.56 399.164 9.36 10.8 to
397 399.164 14.664 10.8 the
415.78 399.164 44.604 10.8 measures
464.44 399.164 41.328 10.8 ensuring
509.86 399.164 14.628 10.8 the

70.86 412.984 54.036 10.8 availability
127.88 412.984 17.328 10.8 and
148.22 412.984 42.672 10.8 visibility
193.88 412.984 9.996 10.8 of
206.84 412.984 38.712 10.8 licences
248.54 412.984 13.992 10.8 for
265.52 412.984 55.32 10.8 educational
323.9 412.984 73.536 10.8 establishments.

70.86 438.784 22.656 10.8 New
100.38 438.784 64.68 10.8 technological
172.04 438.784 66.564 10.8 developments
245.54 438.784 22.656 10.8 have
275.12 438.784 22.656 10.8 been
304.64 438.784 42.684 10.8 carefully
354.2 438.784 49.608 10.8 examined.
410.74 438.784 18.66 10.8 The
436.3 438.784 41.316 10.8 proposal
484.54 438.784 39.996 10.8 includes

70.86 452.584 34.008 10.8 several
110.4 452.584 51.324 10.8 exceptions
167.3 452.584 17.964 10.8 that
190.76 452.584 18.024 10.8 aim
214.28 452.584 8.676 10.8 at
228.5 452.584 52.056 10.8 facilitating
286.04 452.584 14.664 10.8 the
306.26 452.584 15.996 10.8 use
327.8 452.584 9.996 10.8 of
343.28 452.584 94.76 10.8 copyright-protected
443.56 452.584 35.352 10.8 content
484.42 452.584 14.664 10.8 via
504.64 452.584 19.992 10.8 new

70.86 466.324 63.624 10.8 technologies.
138.92 466.324 21.336 10.8 This
164.66 466.324 41.352 10.8 proposal
210.44 466.324 19.356 10.8 also
234.2 466.324 39.96 10.8 includes
278.6 466.324 44.544 10.8 measures
327.56 466.324 9.36 10.8 to
341.3 466.324 41.964 10.8 facilitate
387.7 466.324 30.624 10.8 access
422.74 466.324 9.3 10.8 to
436.42 466.324 38.376 10.8 content,
479.2 466.324 45.324 10.8 including

70.86 480.124 14.664 10.8 via
89.7 480.124 30.624 10.8 digital
124.52 480.124 46.956 10.8 networks.
175.64 480.124 36.984 10.8 Finally,
216.74 480.124 6.696 10.8 it
227.6 480.124 35.916 10.8 ensures
267.68 480.124 5.328 10.8 a
277.16 480.124 42.576 10.8 balanced
323.9 480.124 51.3 10.8 bargaining
379.36 480.124 38.7 10.8 position
422.2 480.124 39.948 10.8 between
466.3 480.124 12 10.8 all
482.44 480.124 28.632 10.8 actors
515.2 480.124 9.36 10.8 in

70.86 493.924 14.664 10.8 the
88.56 493.924 30.624 10.8 digital
122.22 493.924 63.576 10.8 environment.

70.86 519.916 4.2 10.716 •

113.34 519.844 68.664 10.8 Fundamental
185.06 519.844 30.024 10.8 rights

70.86 539.524 14.004 10.8 By
88.668 539.524 49.968 10.8 improving
142.464 539.524 14.664 10.8 the
160.932 539.524 51.336 10.8 bargaining
216.096 539.524 38.58 10.8 position
258.504 539.524 9.996 10.8 of
272.292 539.524 35.352 10.8 authors
311.388 539.524 17.328 10.8 and
332.556 539.524 52.476 10.8 performers
388.872 539.524 17.328 10.8 and
410.04 539.524 14.628 10.8 the
428.508 539.524 33.996 10.8 control
466.296 539.524 57.912 10.8 rightholders

70.86 553.324 22.656 10.8 have
97.128 553.324 12 10.8 on
112.656 553.324 14.664 10.8 the
130.872 553.324 15.996 10.8 use
150.48 553.324 9.996 10.8 of
164.028 553.324 21.996 10.8 their
189.576 553.324 94.784 10.8 copyright-protected
287.936 553.324 38.28 10.8 content,
329.804 553.324 14.628 10.8 the
348.032 553.324 41.292 10.8 proposal
392.948 553.324 18.612 10.8 will
415.184 553.324 22.596 10.8 have
441.392 553.324 5.328 10.8 a
450.32 553.324 38.048 10.8 positive
491.968 553.324 32.592 10.8 impact

70.86 567.124 12 10.8 on
87.408 567.124 45.936 10.8 copyright
137.916 567.124 9.996 10.8 as
152.424 567.124 5.328 10.8 a
162.312 567.124 40.596 10.8 property
207.42 567.124 25.644 10.8 right,
237.636 567.124 44.64 10.8 protected
286.812 567.124 27.264 10.8 under
318.648 567.124 33.252 10.8 Article
356.472 567.124 11.94 10.8 17
372.96 567.124 9.996 10.8 of
387.468 567.124 14.664 10.8 the
406.704 567.124 35.928 10.8 Charter
447.18 567.124 9.996 10.8 of
461.688 567.124 62.532 10.8 Fundamental

70.86 580.804 31.344 10.908 Rights
106.068 580.804 9.996 10.908 of
119.856 580.804 14.664 10.908 the
138.372 580.804 46.008 10.908 European
188.208 580.804 30 10.908 Union
222.036 580.804 22.692 10.908 (‘the
248.52 580.804 47.004 10.908 Charter’).
299.376 580.804 21.264 10.908 This
324.504 580.804 38.028 10.908 positive
366.3 580.804 32.592 10.908 impact
402.756 580.804 18.672 10.908 will
425.292 580.804 11.328 10.908 be
440.46 580.804 49.332 10.908 reinforced
493.596 580.804 12 10.908 by
509.424 580.804 14.736 10.908 the

70.86 594.724 44.604 10.8 measures
123.924 594.724 9.336 10.8 to
141.732 594.724 39.924 10.8 improve
190.188 594.724 43.368 10.8 licensing
242.004 594.724 45.696 10.8 practices,
296.148 594.724 17.28 10.8 and
321.876 594.724 48.684 10.8 ultimately
379.008 594.724 60.388 10.8 rightholders'
447.796 594.724 45.672 10.8 revenues.
501.952 594.724 22.656 10.8 New

70.86 608.524 51.312 10.8 exceptions
125.616 608.524 17.964 10.8 that
147.012 608.524 31.98 10.8 reduce
182.34 608.524 9.336 10.8 to
195.048 608.524 25.248 10.8 some
223.716 608.524 29.352 10.8 extent
256.5 608.524 14.664 10.8 the
274.548 608.524 60.144 10.8 rightholders'
338.04 608.524 48.624 10.8 monopoly
390.096 608.524 14.652 10.8 are
408.144 608.524 39.348 10.8 justified
450.9 608.524 12 10.8 by
466.248 608.524 24.624 10.8 other
494.304 608.524 29.964 10.8 public

70.86 622.324 35.34 10.8 interest
111.804 622.324 51.564 10.8 objectives.
168.96 622.324 28.596 10.8 These
203.148 622.324 51.264 10.8 exceptions
259.992 622.324 14.676 10.8 are
280.188 622.324 27.324 10.8 likely
313.044 622.324 9.336 10.8 to
327.972 622.324 22.656 10.8 have
356.22 622.324 5.328 10.8 a
367.068 622.324 38.028 10.8 positive
410.664 622.324 32.592 10.8 impact
448.86 622.324 12 10.8 on
466.428 622.324 14.628 10.8 the
486.636 622.324 22.644 10.8 right
514.872 622.324 9.336 10.8 to

70.86 636.124 46.68 10.8 education
120.756 636.124 17.28 10.8 and
141.264 636.124 12 10.8 on
156.492 636.124 36.66 10.8 cultural
196.32 636.124 45.024 10.8 diversity.
244.536 636.124 37.008 10.8 Finally,
284.9 636.124 14.628 10.8 the
302.768 636.124 44.664 10.8 Directive
350.612 636.124 15.996 10.8 has
369.8 636.124 5.328 10.8 a
378.368 636.124 33.984 10.8 limited
415.532 636.124 32.664 10.8 impact
451.46 636.124 12 10.8 on
466.628 636.124 14.664 10.8 the
484.544 636.124 39.912 10.8 freedom

70.86 649.924 9.336 10.8 to
86.088 649.924 37.992 10.8 conduct
129.876 649.924 5.328 10.8 a
141.084 649.924 40.632 10.8 business
187.548 649.924 17.328 10.8 and
210.756 649.924 12 10.8 on
228.564 649.924 14.664 10.8 the
249.072 649.924 39.984 10.8 freedom
294.98 649.924 9.996 10.8 of
310.808 649.924 51.348 10.8 expression
367.964 649.924 17.328 10.8 and
391.112 649.924 59.708 10.8 information,
456.688 649.924 9.996 10.8 as
472.516 649.924 51.984 10.8 recognised

70.86 663.724 58.008 10.8 respectively
132.276 663.724 12 10.8 by
147.744 663.724 37.992 10.8 Articles
189.132 663.724 12 10.8 16
204.6 663.724 17.328 10.8 and
225.408 663.724 12 10.8 11
240.98 663.724 9.936 10.8 of
254.348 663.724 14.664 10.8 the
272.504 663.724 38.964 10.8 Charter,
314.96 663.724 17.328 10.8 due
335.708 663.724 9.336 10.8 to
348.536 663.724 14.664 10.8 the
366.644 663.724 49.344 10.8 mitigation
419.396 663.724 44.604 10.8 measures
467.48 663.724 15.336 10.8 put
486.308 663.724 9.336 10.8 in
499.136 663.724 25.236 10.8 place

70.86 677.524 17.328 10.8 and
91.188 677.524 5.328 10.8 a
99.516 677.524 42.588 10.8 balanced
145.104 677.524 44.016 10.8 approach
192.084 677.524 9.416 10.8 to
204.5 677.524 14.664 10.8 the
222.188 677.524 53.304 10.8 obligations
278.492 677.524 13.332 10.8 set
294.824 677.524 12 10.8 on
309.824 677.524 14.664 10.8 the
327.488 677.524 38.652 10.8 relevant
369.14 677.524 62.988 10.8 stakeholders.

70.86 709.464 9 10.8 4.

113.34 709.464 76.644 10.8 BUDGETARY
192.38 709.464 90.624 10.8 IMPLICATIONS

70.86 729.144 18.66 10.8 The
92.52 729.144 41.304 10.8 proposal
136.824 729.144 16.02 10.8 has
155.844 729.144 12 10.8 no
170.844 729.144 32.592 10.8 impact
206.472 729.144 12 10.8 on
221.472 729.144 14.664 10.8 the
239.136 729.144 45.972 10.8 European
288.108 729.144 29.952 10.8 Union
321.06 729.144 35.664 10.8 budget.

28.38 784.188 33.348 22.2 EN

291.62 793.224 12 10.8 10

533.62 784.188 33.348 22.2 EN

70.86 59.664 9 10.8 5.

113.34 59.664 43.344 10.8 OTHER
159.08 59.664 66.6 10.8 ELEMENTS

70.86 79.536 4.2 10.716 •

113.34 79.464 82.008 10.8 Implementation
198.38 79.464 27.348 10.8 plans
228.68 79.464 19.344 10.8 and
251 79.464 60.36 10.8 monitoring,
314.36 79.464 53.328 10.8 evaluation
370.72 79.464 19.344 10.8 and
393.04 79.464 48.636 10.8 reporting
444.7 79.464 71.304 10.8 arrangements

70.86 99.144 9.996 10.8 In
85.248 99.144 53.904 10.8 accordance
143.544 99.144 21.336 10.8 with
169.272 99.144 33.288 10.8 Article
207.02 99.144 12 10.8 22
223.388 99.144 14.664 10.8 the
242.384 99.144 60.612 10.8 Commission
307.388 99.144 22.704 10.8 shall
334.484 99.144 24.624 10.8 carry
363.44 99.144 15.336 10.8 out
383.168 99.144 5.328 10.8 a
392.876 99.144 32.616 10.8 review
429.812 99.144 9.996 10.8 of
444.14 99.144 14.664 10.8 the
463.196 99.144 44.724 10.8 Directive
512.3 99.144 12 10.8 no

70.86 112.944 31.992 10.8 sooner
105.888 112.944 20.688 10.8 than
129.516 112.944 26.604 10.8 [five]
159.12 112.944 25.32 10.8 years
187.44 112.944 22.008 10.8 after
212.448 112.944 14.7 10.8 the
230.148 112.944 19.944 10.8 date
253.092 112.944 9.996 10.8 of
266.04 112.944 73.056 10.8 [transposition].

70.86 138.956 4.2 10.716 •

113.34 138.884 64.008 10.8 Explanatory
180.38 138.884 55.332 10.8 documents

70.86 158.564 9.996 10.8 In
84.708 158.564 55.272 10.8 compliance
143.832 158.564 21.336 10.8 with
169.02 158.564 29.952 10.8 recital
202.824 158.564 12 10.8 48
218.652 158.564 9.996 10.8 of
232.44 158.564 14.664 10.8 the
251.016 158.564 44.376 10.8 proposal,
299.22 158.564 40.524 10.8 Member
343.596 158.564 28.704 10.8 States
376.152 158.564 18.672 10.8 will
398.688 158.564 28.704 10.8 notify
431.124 158.564 14.664 10.8 the
449.64 158.564 60.684 10.8 Commission
514.152 158.564 9.996 10.8 of

70.86 172.364 22.02 10.8 their
100.38 172.364 62.004 10.8 transposition
169.836 172.364 44.604 10.8 measures
221.94 172.364 21.276 10.8 with
250.668 172.364 56.676 10.8 explanatory
314.784 172.364 54.936 10.8 documents.
377.22 172.364 21.336 10.8 This
406.008 172.364 8.004 10.8 is
421.536 172.364 46.608 10.8 necessary
475.632 172.364 26.568 10.8 given
509.7 172.364 14.664 10.8 the

70.86 186.164 53.976 10.8 complexity
130.104 186.164 9.996 10.8 of
145.392 186.164 23.364 10.8 rules
174.048 186.164 17.94 10.8 laid
197.316 186.164 26.664 10.8 down
229.284 186.164 12 10.8 by
246.552 186.164 14.664 10.8 the
266.568 186.164 41.292 10.8 proposal
313.176 186.164 17.328 10.8 and
335.844 186.164 14.628 10.8 the
355.752 186.164 54.012 10.8 importance
415.068 186.164 9.336 10.8 to
429.636 186.164 22.656 10.8 keep
457.644 186.164 5.328 10.8 a
468.252 186.164 55.968 10.8 harmonised

70.86 199.964 44.004 10.8 approach
117.864 199.964 9.996 10.8 of
130.788 199.964 23.364 10.8 rules
157.152 199.964 49.236 10.8 applicable
209.412 199.964 9.336 10.8 to
221.712 199.964 14.664 10.8 the
239.4 199.964 30.624 10.8 digital
273.024 199.964 17.328 10.8 and
293.352 199.964 60.128 10.8 cross-border
356.48 199.964 63.576 10.8 environment.

70.86 225.956 4.2 10.716 •

113.34 225.884 42.708 10.8 Detailed
159.08 225.884 60 10.8 explanation
222.08 225.884 9.936 10.8 of
235.04 225.884 15.996 10.8 the
254.06 225.884 37.992 10.8 specific
295.04 225.884 52.704 10.8 provisions
350.72 225.884 9.996 10.8 of
363.74 225.884 15.996 10.8 the
382.78 225.884 44.604 10.8 proposal

70.86 245.564 18.66 10.8 The
92.628 245.564 19.332 10.8 first
115.104 245.564 18.672 10.8 title
136.872 245.564 39.984 10.8 contains
179.976 245.564 35.304 10.8 general
218.412 245.564 50.004 10.8 provisions
271.548 245.564 29.328 10.8 which
303.936 245.564 11.364 10.8 (i)
318.432 245.564 34.644 10.8 specify
356.148 245.564 14.628 10.8 the
373.896 245.564 68.836 10.8 subject-matter
445.864 245.564 17.328 10.8 and
466.312 245.564 14.628 10.8 the
484.06 245.564 27.324 10.8 scope
514.516 245.564 9.996 10.8 of

70.86 259.364 14.664 10.8 the
89.076 259.364 44.616 10.8 Directive
137.232 259.364 17.328 10.8 and
158.1 259.364 14.664 10.8 (ii)
176.316 259.364 36.624 10.8 provide
216.504 259.364 51.336 10.8 definitions
271.392 259.364 17.964 10.8 that
292.908 259.364 18.612 10.8 will
315.084 259.364 22.656 10.8 need
341.232 259.364 9.336 10.8 to
354.12 259.364 11.328 10.8 be
368.928 259.364 51.984 10.8 interpreted
424.392 259.364 9.336 10.8 in
437.28 259.364 5.328 10.8 a
446.148 259.364 38.664 10.8 uniform
488.376 259.364 35.892 10.8 manner

70.86 273.164 9.336 10.8 in
83.196 273.164 14.7 10.8 the
100.896 273.164 32.952 10.8 Union.

70.86 298.964 18.66 10.8 The
94.788 298.964 33.348 10.8 second
133.344 298.964 18.696 10.8 title
157.26 298.964 42.588 10.8 concerns
205.128 298.964 44.604 10.8 measures
255.012 298.964 9.336 10.8 to
269.64 298.964 25.992 10.8 adapt
300.888 298.964 51.276 10.8 exceptions
357.444 298.964 17.28 10.8 and
379.992 298.964 51.264 10.8 limitations
436.536 298.964 9.336 10.8 to
451.104 298.964 14.664 10.8 the
471.06 298.964 30.564 10.8 digital
506.916 298.964 17.328 10.8 and

70.86 312.764 60.024 10.8 cross-border
135.336 312.764 63.636 10.8 environment.
203.46 312.764 21.336 10.8 This
229.308 312.764 18.624 10.8 title
252.396 312.764 40.02 10.8 includes
296.892 312.764 23.976 10.8 three
325.368 312.764 34.596 10.8 articles
364.404 312.764 29.328 10.8 which
398.232 312.764 33.972 10.8 require
436.716 312.764 40.584 10.8 Member
481.812 312.764 28.704 10.8 States
514.968 312.764 9.336 10.8 to

70.86 326.564 36.696 10.8 provide
110.916 326.564 13.992 10.8 for
128.184 326.564 51.264 10.8 mandatory
182.82 326.564 51.324 10.8 exceptions
237.504 326.564 9.996 10.8 or
250.812 326.564 5.328 10.8 a
259.5 326.564 46.68 10.8 limitation
309.492 326.564 42.024 10.8 allowing
354.888 326.564 11.328 10.8 (i)
369.516 326.564 18.024 10.8 text
390.912 326.564 17.328 10.8 and
411.6 326.564 20.224 10.8 data
435.148 326.564 33.948 10.8 mining
472.444 326.564 33.384 10.8 carried
509.188 326.564 15.336 10.8 out

70.86 340.364 12 10.8 by
86.148 340.364 39.984 10.8 research
129.312 340.364 63.984 10.8 organisations
196.596 340.364 13.992 10.8 for
213.864 340.364 14.628 10.8 the
231.792 340.364 42.624 10.8 purposes
277.74 340.364 9.996 10.8 of
290.988 340.364 43.956 10.8 scientific
338.196 340.364 39.948 10.8 research
381.372 340.364 37.356 10.8 (Article
421.908 340.364 13.332 10.8 3);
438.504 340.364 14.664 10.8 (ii)
456.48 340.364 30.564 10.8 digital
490.356 340.364 20.616 10.8 uses
514.284 340.364 9.996 10.8 of

70.86 354.164 29.328 10.8 works
103.488 354.164 17.328 10.8 and
124.116 354.164 24.684 10.8 other
152.112 354.164 68.6 10.8 subject-matter
224.024 354.164 13.992 10.8 for
241.292 354.164 14.664 10.8 the
259.268 354.164 19.332 10.8 sole
281.924 354.164 37.956 10.8 purpose
323.192 354.164 9.996 10.8 of
336.44 354.164 52.044 10.8 illustration
391.796 354.164 13.992 10.8 for
409.064 354.164 40.644 10.8 teaching
453.02 354.164 37.296 10.8 (Article
493.616 354.164 9.996 10.8 4)
506.924 354.164 17.328 10.8 and

70.86 367.964 18.036 10.8 (iii)
93.396 367.964 36.612 10.8 cultural
134.46 367.964 38.676 10.8 heritage
177.576 367.964 53.304 10.8 institutions
235.52 367.964 9.336 10.8 to
249.308 367.964 25.896 10.8 make
279.716 367.964 30.684 10.8 copies
314.912 367.964 9.996 10.8 of
329.36 367.964 29.328 10.8 works
363.188 367.964 17.328 10.8 and
385.016 367.964 24.684 10.8 other
414.152 367.964 68.696 10.8 subject-matter
487.336 367.964 18 10.8 that
509.824 367.964 14.652 10.8 are

70.86 381.764 59.952 10.8 permanently
136.224 381.764 9.336 10.8 in
150.972 381.764 21.996 10.8 their
178.38 381.764 51.984 10.8 collections
235.716 381.764 9.336 10.8 to
250.404 381.764 14.664 10.8 the
270.48 381.764 29.328 10.8 extent
305.208 381.764 46.608 10.8 necessary
357.204 381.764 13.992 10.8 for
376.572 381.764 22.02 10.8 their
404.016 381.764 59.208 10.8 preservation
468.6 381.764 37.356 10.8 (Article
511.356 381.764 12.936 10.8 5).

70.86 395.564 33.312 10.8 Article
107.196 395.564 6 10.8 6
116.196 395.564 41.316 10.8 provides
160.512 395.564 13.992 10.8 for
177.504 395.564 41.88 10.8 common
222.384 395.564 50.04 10.8 provisions
275.46 395.564 9.336 10.8 to
287.76 395.564 14.664 10.8 the
305.448 395.564 18.672 10.8 title
327.12 395.564 12 10.8 on
342.12 395.564 51.312 10.8 exceptions
396.432 395.564 17.328 10.8 and
416.724 395.564 54.3 10.8 limitations.

70.86 421.384 18.66 10.8 The
93.768 421.384 22.668 10.8 third
120.696 421.384 18.624 10.8 title
143.592 421.384 42.704 10.8 concerns
190.436 421.384 44.604 10.8 measures
239.3 421.384 9.336 10.8 to
252.848 421.384 39.924 10.8 improve
297.044 421.384 43.356 10.8 licensing
344.648 421.384 42.612 10.8 practices
391.472 421.384 17.328 10.8 and
413.06 421.384 31.32 10.8 ensure
448.628 421.384 27.276 10.8 wider
480.176 421.384 30.624 10.8 access
515.012 421.384 9.336 10.8 to

70.86 435.184 38.376 10.8 content.
114.504 435.184 33.264 10.8 Article
153.06 435.184 6 10.8 7
164.328 435.184 38.616 10.8 requires
208.224 435.184 40.584 10.8 Member
254.1 435.184 28.704 10.8 States
288.096 435.184 9.336 10.8 to
302.9 435.184 15.276 10.8 put
323.48 435.184 9.36 10.8 in
338.12 435.184 25.296 10.8 place
368.72 435.184 5.328 10.8 a
379.36 435.184 23.352 10.8 legal
408.04 435.184 54.588 10.8 mechanism
467.86 435.184 9.36 10.8 to
482.5 435.184 42 10.8 facilitate

70.86 448.984 43.332 10.8 licensing
123.12 448.984 54.564 10.8 agreements
186.62 448.984 9.996 10.8 of
205.46 448.984 83.292 10.8 out-of-commerce
297.68 448.984 29.328 10.8 works
335.9 448.984 17.328 10.8 and
362.12 448.984 24.684 10.8 other
395.74 448.984 71.652 10.8 subject-matter.
476.26 448.984 33.384 10.8 Article
518.524 448.984 6 10.8 8

70.86 462.784 51.336 10.8 guarantees
126.636 462.784 14.672 10.8 the
145.748 462.784 60.012 10.8 cross-border
210.188 462.784 27.252 10.8 effect
241.904 462.784 9.936 10.8 of
256.232 462.784 21.996 10.8 such
282.74 462.784 43.332 10.8 licensing
330.56 462.784 57.68 10.8 agreements.
392.668 462.784 33.312 10.8 Article
430.324 462.784 6 10.8 9
440.752 462.784 38.664 10.8 requires
483.796 462.784 40.584 10.8 Member

70.86 476.584 28.704 10.8 States
103.176 476.584 9.336 10.8 to
116.064 476.584 15.336 10.8 put
134.952 476.584 9.336 10.8 in
147.9 476.584 25.344 10.8 place
176.856 476.584 5.328 10.8 a
185.784 476.584 55.296 10.8 stakeholder
244.68 476.584 41.292 10.8 dialogue
289.596 476.584 12 10.8 on
305.184 476.584 28.668 10.8 issues
337.452 476.584 36.6 10.8 relating
377.64 476.584 9.336 10.8 to
390.588 476.584 38.004 10.8 Articles
432.132 476.584 6 10.8 7
441.72 476.584 17.328 10.8 and
462.648 476.584 9 10.8 8.
475.236 476.584 33.36 10.8 Article
512.208 476.584 12 10.8 10

70.86 490.324 33.336 10.8 creates
107.916 490.324 11.328 10.8 an
122.964 490.324 48.696 10.8 obligation
175.368 490.324 13.992 10.8 for
193.056 490.324 40.632 10.8 Member
237.42 490.324 28.704 10.8 States
269.856 490.324 9.336 10.8 to
282.924 490.324 15.336 10.8 put
301.992 490.324 9.336 10.8 in
315 490.324 25.344 10.8 place
344.076 490.324 5.328 10.8 a
353.124 490.324 54.036 10.8 negotiation
410.868 490.324 54.66 10.8 mechanism
469.48 490.324 9.336 10.8 to
482.608 490.324 42 10.8 facilitate

70.86 504.124 58.704 10.8 negotiations
132.516 504.124 12 10.8 on
147.516 504.124 14.664 10.8 the
165.204 504.124 29.928 10.8 online
198.132 504.124 57.288 10.8 exploitation
258.42 504.124 9.996 10.8 of
271.416 504.124 55.332 10.8 audiovisual
329.748 504.124 32.328 10.8 works.

70.86 529.924 18.66 10.8 The
93.768 529.924 29.328 10.8 fourth
127.356 529.924 18.672 10.8 title
150.264 529.924 42.588 10.8 concerns
197.112 529.924 44.604 10.8 measures
245.976 529.924 9.336 10.8 to
259.524 529.924 36.684 10.8 achieve
300.42 529.924 5.328 10.8 a
309.948 529.924 80.108 10.8 well-functioning
394.328 529.924 58.62 10.8 marketplace
457.22 529.924 13.992 10.8 for
475.448 529.924 48.984 10.8 copyright.

70.86 543.724 38.004 10.8 Articles
114.324 543.724 12 10.8 11
131.712 543.724 17.328 10.8 and
154.5 543.724 12 10.8 12
171.948 543.724 11.328 10.8 (i)
188.676 543.724 32.016 10.8 extend
226.092 543.724 14.664 10.8 the
246.168 543.724 27.372 10.8 rights
278.964 543.724 42.588 10.8 provided
327.012 543.724 13.992 10.8 for
346.44 543.724 9.336 10.8 in
361.188 543.724 38.004 10.8 Articles
404.652 543.724 6 10.8 2
416.04 543.724 17.28 10.8 and
438.768 543.724 19.992 10.8 3(2)
464.244 543.724 9.996 10.8 of
479.592 543.724 45.016 10.8 Directive

70.86 557.524 58.044 10.8 2001/29/EC
132.096 557.524 9.336 10.8 to
144.684 557.524 49.296 10.8 publishers
197.22 557.524 9.996 10.8 of
210.408 557.524 24.684 10.8 press
238.344 557.524 58.752 10.8 publications
300.348 557.524 13.992 10.8 for
317.556 557.524 14.664 10.8 the
335.472 557.524 30.672 10.8 digital
369.348 557.524 15.996 10.8 use
388.596 557.524 9.996 10.8 of
401.784 557.524 22.02 10.8 their
427.068 557.524 58.704 10.8 publications
488.964 557.524 17.328 10.8 and
509.532 557.524 14.7 10.8 (ii)

70.86 571.324 36.696 10.8 provide
110.556 571.324 13.992 10.8 for
127.548 571.324 14.664 10.8 the
145.212 571.324 30.672 10.8 option
178.884 571.324 13.992 10.8 for
195.876 571.324 40.584 10.8 Member
239.484 571.324 28.704 10.8 States
271.188 571.324 9.372 10.8 to
283.56 571.324 36.6 10.8 provide
323.16 571.324 12.024 10.8 all
338.184 571.324 49.332 10.8 publishers
390.516 571.324 21.36 10.8 with
414.816 571.324 14.628 10.8 the
432.444 571.324 50.04 10.8 possibility
485.424 571.324 9.336 10.8 to
497.76 571.324 26.688 10.8 claim

70.86 585.124 5.328 10.8 a
82.848 585.124 25.356 10.8 share
114.864 585.124 9.336 10.8 in
130.812 585.124 14.664 10.8 the
152.148 585.124 66.672 10.8 compensation
225.492 585.124 13.992 10.8 for
246.06 585.124 20.664 10.8 uses
273.396 585.124 25.896 10.8 made
306.024 585.124 27.324 10.8 under
340.02 585.124 11.328 10.8 an
358.008 585.124 49.912 10.8 exception.
414.568 585.124 33.276 10.8 Article
454.504 585.124 12 10.8 13
473.152 585.124 33.336 10.8 creates
513.148 585.124 11.328 10.8 an

70.86 598.924 48.696 10.8 obligation
122.664 598.924 11.94 10.8 on
137.712 598.924 56.604 10.8 information
197.448 598.924 33.996 10.8 society
234.516 598.924 33.984 10.8 service
271.644 598.924 45.252 10.8 providers
320.028 598.924 33.288 10.8 storing
356.436 598.924 17.28 10.8 and
376.824 598.924 30.708 10.8 giving
410.58 598.924 30.564 10.8 access
444.216 598.924 9.336 10.8 to
456.684 598.924 23.988 10.8 large
483.672 598.924 40.584 10.8 amounts

70.86 612.724 9.996 10.8 of
89.148 612.724 29.328 10.8 works
126.816 612.724 17.28 10.8 and
152.424 612.724 24.66 10.8 other
185.412 612.724 68.636 10.8 subject-matter
262.376 612.724 43.956 10.8 uploaded
314.624 612.724 12 10.8 by
334.952 612.724 21.984 10.8 their
365.168 612.724 24.696 10.8 users
398.144 612.724 9.336 10.8 to
415.772 612.724 19.992 10.8 take
444.08 612.724 54.612 10.8 appropriate
506.984 612.724 17.328 10.8 and

70.86 626.524 64.692 10.8 proportionate
139.596 626.524 44.604 10.8 measures
188.22 626.524 9.336 10.8 to
201.528 626.524 31.356 10.8 ensure
236.904 626.524 14.664 10.8 the
255.552 626.524 55.368 10.8 functioning
314.868 626.524 9.996 10.8 of
328.836 626.524 54.872 10.8 agreements
387.752 626.524 49.308 10.8 concluded
441.068 626.524 21.336 10.8 with
466.436 626.524 58.044 10.8 rightholders

70.86 640.324 17.328 10.8 and
94.248 640.324 9.336 10.8 to
109.656 640.324 35.952 10.8 prevent
151.68 640.324 14.664 10.8 the
172.416 640.324 54 10.8 availability
232.464 640.324 12 10.8 on
250.512 640.324 22.02 10.8 their
278.616 640.324 38.616 10.8 services
323.304 640.324 9.996 10.8 of
339.312 640.324 35.352 10.8 content
380.736 640.324 45.984 10.8 identified
432.732 640.324 12 10.8 by
450.78 640.324 58.092 10.8 rightholders
514.932 640.324 9.336 10.8 in

70.86 654.124 56.676 10.8 cooperation
134.784 654.124 21.336 10.8 with
163.452 654.124 14.664 10.8 the
185.448 654.124 34.02 10.8 service
226.764 654.124 48.336 10.8 providers.
282.408 654.124 33.288 10.8 Article
323.016 654.124 12 10.8 14
342.324 654.124 38.652 10.8 requires
388.308 654.124 40.584 10.8 Member
436.224 654.124 28.656 10.8 States
472.2 654.124 9.336 10.8 to
488.868 654.124 35.352 10.8 include

70.86 667.924 61.344 10.8 transparency
135.396 667.924 53.364 10.8 obligations
191.94 667.924 9.336 10.8 to
204.528 667.924 14.664 10.8 the
222.444 667.924 33.216 10.8 benefit
258.912 667.924 9.996 10.8 of
272.24 667.924 35.352 10.8 authors
310.784 667.924 17.328 10.8 and
331.352 667.924 55.644 10.8 performers.
390.236 667.924 33.312 10.8 Article
426.692 667.924 12 10.8 15
441.92 667.924 38.664 10.8 requires
483.764 667.924 40.584 10.8 Member

70.86 681.724 28.704 10.8 States
102.936 681.724 9.336 10.8 to
115.644 681.724 41.952 10.8 establish
160.98 681.724 5.328 10.8 a
169.668 681.724 38.64 10.8 contract
211.704 681.724 52.464 10.8 adjustment
267.66 681.724 57.528 10.8 mechanism,
328.596 681.724 9.336 10.8 in
341.364 681.724 35.952 10.8 support
380.76 681.724 9.996 10.8 of
394.068 681.724 14.664 10.8 the
412.164 681.724 48.636 10.8 obligation
464.208 681.724 42.6 10.8 provided
510.216 681.724 13.992 10.8 for

70.86 695.544 9.336 10.8 in
83.628 695.544 33.312 10.8 Article
120.372 695.544 14.94 10.8 14.
138.72 695.544 33.36 10.8 Article
175.476 695.544 12 10.8 16
190.884 695.544 38.676 10.8 requires
232.98 695.544 40.524 10.8 Member
276.936 695.544 28.704 10.8 States
309.072 695.544 9.336 10.8 to
321.84 695.544 13.332 10.8 set
338.616 695.544 12 10.8 up
354.024 695.544 5.328 10.8 a
362.712 695.544 34.692 10.8 dispute
400.836 695.544 47.964 10.8 resolution
452.232 695.544 54.588 10.8 mechanism
510.168 695.544 13.992 10.8 for

70.86 709.344 28.704 10.8 issues
102.564 709.344 32.604 10.8 arising
138.168 709.344 23.396 10.8 from
164.468 709.344 14.664 10.8 the
182.156 709.344 53.376 10.8 application
238.532 709.344 9.996 10.8 of
251.444 709.344 38.004 10.8 Articles
292.448 709.344 12 10.8 14
307.4 709.344 17.328 10.8 and
327.728 709.344 15 10.8 15.

28.38 784.188 33.348 22.2 EN

291.62 793.224 12 10.8 11

533.62 784.188 33.348 22.2 EN

70.86 59.544 18.66 10.8 The
93.348 59.544 20.616 10.8 fifth
117.816 59.544 18.708 10.8 title
140.352 59.544 39.984 10.8 contains
184.176 59.544 21.996 10.8 final
210.024 59.544 49.956 10.8 provisions
263.82 59.544 12 10.8 on
279.648 59.544 60.612 10.8 amendments
344.1 59.544 9.336 10.8 to
357.288 59.544 24.624 10.8 other
385.764 59.544 49.596 10.8 directives,
439.2 59.544 14.664 10.8 the
457.716 59.544 53.304 10.8 application
514.872 59.544 9.336 10.8 in

70.86 73.344 24.276 10.8 time,
98.556 73.344 54.036 10.8 transitional
156.012 73.344 53.004 10.8 provisions,
212.4 73.344 14.664 10.8 the
230.496 73.344 48.648 10.8 protection
282.552 73.344 9.996 10.8 of
295.92 73.344 40.632 10.8 personal
339.984 73.344 22.968 10.8 data,
366.3 73.344 14.664 10.8 the
384.396 73.344 65.028 10.8 transposition,
452.772 73.344 14.664 10.8 the
470.868 73.344 32.652 10.8 review
506.916 73.344 17.328 10.8 and

70.86 87.144 14.664 10.8 the
88.548 87.144 24.66 10.8 entry
116.208 87.144 18.636 10.8 into
137.808 87.144 27.692 10.8 force.

28.38 784.188 33.348 22.2 EN

291.62 793.224 12 10.8 12

533.62 784.188 33.348 22.2 EN

326 59.544 51.336 10.8 2016/0280
380.336 59.544 33.24 10.8 (COD)

264.02 91.344 42 10.8 Proposal
309.068 91.344 13.956 10.8 for
325.988 91.344 5.328 10.8 a

93.72 123.264 67.98 10.8 DIRECTIVE
164.7 123.264 16.668 10.8 OF
184.368 123.264 25.308 10.8 THE
212.676 123.264 67.332 10.8 EUROPEAN
283.008 123.264 81.948 10.8 PARLIAMENT
367.956 123.264 26.028 10.8 AND
396.984 123.264 16.668 10.8 OF
416.652 123.264 25.308 10.8 THE
444.96 123.264 56.616 10.8 COUNCIL

192.38 155.084 12.672 10.8 on
208.052 155.084 49.332 10.8 copyright
260.408 155.084 10.008 10.8 in
273.416 155.084 15.996 10.8 the
292.412 155.084 34.656 10.8 Digital
330.104 155.084 31.344 10.8 Single
364.364 155.084 38.664 10.8 Market

232.88 186.764 25.992 10.8 (Text
261.908 186.764 21.336 10.8 with
286.244 186.764 23.28 10.8 EEA
312.5 186.764 49.98 10.8 relevance)

70.86 230.564 23.328 10.8 THE
97.14 230.564 63.996 10.8 EUROPEAN
164.1 230.564 77.364 10.8 PARLIAMENT
244.464 230.564 25.992 10.8 AND
273.408 230.564 23.364 10.8 THE
299.772 230.564 53.292 10.8 COUNCIL
356.124 230.564 15.336 10.8 OF
374.424 230.564 23.328 10.8 THE
400.752 230.564 63.996 10.8 EUROPEAN
467.7 230.564 41.628 10.8 UNION,

70.86 250.364 35.328 10.8 Having
111.288 250.364 30.624 10.8 regard
147.024 250.364 9.336 10.8 to
161.472 250.364 14.664 10.8 the
181.248 250.364 31.248 10.8 Treaty
217.596 250.364 12 10.8 on
234.684 250.364 14.664 10.8 the
254.412 250.364 58.008 10.8 Functioning
317.508 250.364 9.996 10.8 of
332.556 250.364 14.664 10.8 the
352.332 250.364 46.008 10.8 European
403.428 250.364 32.94 10.8 Union,
441.456 250.364 17.328 10.8 and
463.884 250.364 9.336 10.8 in
478.272 250.364 46.008 10.8 particular

70.86 264.164 33.312 10.8 Article
107.22 264.164 18 10.8 114
128.22 264.164 36.984 10.8 thereof,

70.86 283.964 35.328 10.8 Having
109.188 283.964 30.672 10.8 regard
142.86 283.964 9.336 10.8 to
155.196 283.964 14.628 10.8 the
172.824 283.964 41.292 10.8 proposal
217.152 283.964 23.292 10.8 from
243.372 283.964 14.664 10.8 the
261.06 283.964 46.008 10.8 European
310.008 283.964 63.612 10.8 Commission,

70.86 303.764 25.284 10.8 After
99.18 303.764 60.672 10.8 transmission
162.852 303.764 9.996 10.8 of
175.848 303.764 14.664 10.8 the
193.476 303.764 22.68 10.8 draft
219.156 303.764 49.332 10.8 legislative
271.488 303.764 13.956 10.8 act
288.468 303.764 9.336 10.8 to
300.768 303.764 14.628 10.8 the
318.396 303.764 38.664 10.8 national
360.084 303.764 58.884 10.8 parliaments,

70.86 323.564 35.328 10.8 Having
109.188 323.564 30.672 10.8 regard
142.86 323.564 9.336 10.8 to
155.196 323.564 14.628 10.8 the
172.824 323.564 36.672 10.8 opinion
212.496 323.564 9.996 10.8 of
225.456 323.564 14.664 10.8 the
243.084 323.564 46.008 10.8 European
292.092 323.564 48.504 10.8 Economic
343.62 323.564 17.328 10.8 and
363.948 323.564 30.036 10.8 Social
396.984 323.564 53.268 10.8 Committee
450.34 320.79 8.01 7.182 24
458.38 323.564 3 10.8 ,

70.86 343.364 35.328 10.8 Having
109.188 343.364 30.672 10.8 regard
142.86 343.364 9.336 10.8 to
155.196 343.364 14.628 10.8 the
172.824 343.364 36.672 10.8 opinion
212.496 343.364 9.996 10.8 of
225.456 343.364 14.664 10.8 the
243.084 343.364 53.292 10.8 Committee
299.376 343.364 9.996 10.8 of
312.372 343.364 14.664 10.8 the
330.036 343.364 39.336 10.8 Regions
369.5 340.59 8.01 7.182 25
377.56 343.364 3 10.8 ,

70.86 363.164 32.688 10.8 Acting
106.548 363.164 9.336 10.8 in
118.884 363.164 53.916 10.8 accordance
175.824 363.164 21.276 10.8 with
200.1 363.164 14.7 10.8 the
217.8 363.164 40.596 10.8 ordinary
261.396 363.164 49.4 10.8 legislative
313.796 363.164 50.988 10.8 procedure,

70.86 382.964 45.312 10.8 Whereas:

70.86 402.764 13.992 10.8 (1)

106.32 402.764 18.66 10.8 The
128.208 402.764 31.32 10.8 Treaty
162.696 402.764 41.364 10.8 provides
207.252 402.764 13.992 10.8 for
224.4 402.764 14.664 10.8 the
242.268 402.764 65.892 10.8 establishment
311.412 402.764 9.996 10.8 of
324.6 402.764 11.328 10.8 an
339.108 402.764 36.672 10.8 internal
378.972 402.764 33.252 10.8 market
415.476 402.764 17.328 10.8 and
435.984 402.764 14.664 10.8 the
453.852 402.764 48.696 10.8 institution
505.716 402.764 9.996 10.8 of
518.904 402.764 5.328 10.8 a

106.32 416.584 33.372 10.8 system
142.716 416.584 41.436 10.8 ensuring
187.26 416.584 18 10.8 that
208.368 416.584 57.384 10.8 competition
268.884 416.584 9.336 10.8 in
281.292 416.584 14.664 10.8 the
299.088 416.584 36.66 10.8 internal
338.82 416.584 33.252 10.8 market
375.204 416.584 8.004 10.8 is
386.352 416.584 15.384 10.8 not
404.868 416.584 45.036 10.8 distorted.
452.952 416.584 71.316 10.8 Harmonisation

106.32 430.384 9.996 10.8 of
121.008 430.384 14.664 10.8 the
140.424 430.384 22.02 10.8 laws
167.16 430.384 9.996 10.8 of
181.848 430.384 14.664 10.8 the
201.264 430.384 40.656 10.8 Member
246.672 430.384 28.656 10.8 States
280.068 430.384 11.94 10.8 on
296.736 430.384 45.984 10.8 copyright
347.412 430.384 17.328 10.8 and
369.7 430.384 32.676 10.8 related
407.056 430.384 27.372 10.8 rights
439.132 430.384 31.956 10.8 should
475.84 430.384 48.66 10.8 contribute

106.32 444.184 32.652 10.8 further
142.008 444.184 9.336 10.8 to
154.308 444.184 14.628 10.8 the
171.936 444.184 60.612 10.8 achievement
235.548 444.184 9.996 10.8 of
248.544 444.184 25.332 10.8 those
276.9 444.184 51.624 10.8 objectives.

70.86 463.984 13.992 10.8 (2)

106.32 463.984 18.66 10.8 The
129.828 463.984 46.632 10.8 directives
181.332 463.984 29.328 10.8 which
215.52 463.984 22.608 10.8 have
242.988 463.984 22.656 10.8 been
270.516 463.984 37.968 10.8 adopted
313.332 463.984 9.336 10.8 in
327.48 463.984 14.664 10.8 the
346.956 463.984 20.004 10.8 area
371.832 463.984 9.996 10.8 of
386.64 463.984 45.984 10.8 copyright
437.436 463.984 17.328 10.8 and
459.624 463.984 32.652 10.8 related
497.112 463.984 27.264 10.8 rights

106.32 477.784 36.696 10.8 provide
146.436 477.784 13.992 10.8 for
163.764 477.784 5.328 10.8 a
172.512 477.784 21.336 10.8 high
197.28 477.784 23.328 10.8 level
223.968 477.784 9.996 10.8 of
237.336 477.784 48.648 10.8 protection
289.392 477.784 13.992 10.8 for
306.78 477.784 58.02 10.8 rightholders
368.172 477.784 17.328 10.8 and
388.92 477.784 28.62 10.8 create
420.936 477.784 5.328 10.8 a
429.684 477.784 52.608 10.8 framework
485.712 477.784 38.628 10.8 wherein

106.32 491.584 14.664 10.8 the
126.936 491.584 57.324 10.8 exploitation
190.188 491.584 9.996 10.8 of
206.076 491.584 29.328 10.8 works
241.344 491.584 17.328 10.8 and
264.612 491.584 24.66 10.8 other
295.2 491.584 44.664 10.8 protected
345.744 491.584 68.848 10.8 subject-matter
420.544 491.584 16.656 10.8 can
443.092 491.584 20.016 10.8 take
468.988 491.584 28.344 10.8 place.
503.284 491.584 21.264 10.8 This

106.32 505.384 55.956 10.8 harmonised
169.104 505.384 23.304 10.8 legal
199.26 505.384 52.608 10.8 framework
258.708 505.384 53.328 10.8 contributes
318.876 505.384 9.336 10.8 to
335.004 505.384 14.628 10.8 the
356.472 505.384 24 10.8 good
387.3 505.384 55.332 10.8 functioning
449.448 505.384 9.936 10.8 of
466.176 505.384 14.664 10.8 the
487.692 505.384 36.624 10.8 internal

106.32 519.184 36.612 10.8 market;
146.244 519.184 6.672 10.8 it
156.24 519.184 48.684 10.8 stimulates
208.224 519.184 54.324 10.8 innovation,
265.86 519.184 48.324 10.8 creativity,
317.472 519.184 52.584 10.8 investment
373.368 519.184 17.328 10.8 and
394.056 519.184 52.02 10.8 production
449.352 519.184 9.996 10.8 of
462.6 519.184 19.992 10.8 new
485.916 519.184 38.376 10.8 content,

106.32 532.984 19.356 10.8 also
129.516 532.984 9.336 10.8 in
142.7 532.984 14.664 10.8 the
161.216 532.984 30.648 10.8 digital
195.692 532.984 63.564 10.8 environment.
263.084 532.984 18.66 10.8 The
285.572 532.984 48.696 10.8 protection
338.108 532.984 42.636 10.8 provided
384.584 532.984 12 10.8 by
400.352 532.984 17.304 10.8 this
421.52 532.984 23.292 10.8 legal
448.664 532.984 52.548 10.8 framework
505.04 532.984 19.308 10.8 also

106.32 546.784 53.352 10.8 contributes
165.096 546.784 9.336 10.8 to
179.904 546.784 14.664 10.8 the
200.04 546.784 36.768 10.8 Union's
242.268 546.784 44.004 10.8 objective
291.732 546.784 9.996 10.8 of
307.14 546.784 49.368 10.8 respecting
361.944 546.784 17.328 10.8 and
384.732 546.784 50.028 10.8 promoting
440.208 546.784 36.672 10.8 cultural
482.352 546.784 41.94 10.8 diversity

106.32 560.584 26.664 10.8 while
137.448 560.584 8.616 10.8 at
150.456 560.584 14.664 10.8 the
169.524 560.584 24.588 10.8 same
198.492 560.584 21.336 10.8 time
224.268 560.584 40.704 10.8 bringing
269.364 560.584 14.664 10.8 the
288.372 560.584 46.008 10.8 European
338.748 560.584 41.928 10.8 common
385.092 560.584 36.672 10.8 cultural
426.156 560.584 38.616 10.8 heritage
469.152 560.584 9.336 10.8 to
482.88 560.584 14.664 10.8 the
501.936 560.584 22.32 10.8 fore.

106.32 574.324 33.312 10.8 Article
144.144 574.324 32.012 10.8 167(4)
180.668 574.324 9.996 10.8 of
195.116 574.324 14.664 10.8 the
214.292 574.324 31.308 10.8 Treaty
250.088 574.324 12 10.8 on
266.516 574.324 14.664 10.8 the
285.632 574.324 58.044 10.8 Functioning
348.128 574.324 9.996 10.8 of
362.576 574.324 14.664 10.8 the
381.752 574.324 45.936 10.8 European
432.2 574.324 29.94 10.8 Union
466.628 574.324 38.664 10.8 requires
509.732 574.324 14.628 10.8 the

106.32 588.124 30 10.8 Union
139.32 588.124 9.336 10.8 to
151.656 588.124 19.98 10.8 take
174.636 588.124 36.684 10.8 cultural
214.284 588.124 34.656 10.8 aspects
251.904 588.124 18.708 10.8 into
273.612 588.124 37.32 10.8 account
313.932 588.124 9.336 10.8 in
326.268 588.124 11.34 10.8 its
340.608 588.124 32.352 10.8 action.

70.86 607.924 13.992 10.8 (3)

106.32 607.924 28.668 10.8 Rapid
140.508 607.924 64.62 10.8 technological
210.624 607.924 66.564 10.8 developments
282.708 607.924 41.352 10.8 continue
329.544 607.924 9.336 10.8 to
344.352 607.924 46.644 10.8 transform
396.408 607.924 14.664 10.8 the
416.604 607.924 19.992 10.8 way
442.092 607.924 29.268 10.8 works
476.88 607.924 17.328 10.8 and
499.728 607.924 24.6 10.8 other

106.32 621.724 68.672 10.8 subject-matter
178.904 621.724 14.676 10.8 are
197.48 621.724 37.644 10.8 created,
238.988 621.724 47.676 10.8 produced,
290.564 621.724 51.492 10.8 distributed
345.884 621.724 17.328 10.8 and
367.112 621.724 47.628 10.8 exploited.
418.628 621.724 22.656 10.8 New
445.136 621.724 40.752 10.8 business
489.8 621.724 34.596 10.8 models

106.32 635.524 17.328 10.8 and
126.888 635.524 19.992 10.8 new
150.096 635.524 28.656 10.8 actors
182.004 635.524 41.328 10.8 continue
226.512 635.524 9.336 10.8 to
239.1 635.524 38.256 10.8 emerge.
280.596 635.524 18.66 10.8 The
302.484 635.524 48.624 10.8 objectives
354.36 635.524 17.328 10.8 and
374.928 635.524 14.664 10.8 the
392.844 635.524 47.292 10.8 principles
443.328 635.524 18.024 10.8 laid
464.544 635.524 26.664 10.8 down
494.412 635.524 12 10.8 by
509.64 635.524 14.664 10.8 the

106.32 649.324 30 10.8 Union
141.348 649.324 46.02 10.8 copyright
192.432 649.324 52.548 10.8 framework
250.02 649.324 33.276 10.8 remain
288.324 649.324 31.668 10.8 sound.
325.032 649.324 46.968 10.8 However,
377.028 649.324 23.292 10.8 legal
405.372 649.324 53.916 10.8 uncertainty
464.34 649.324 40.944 10.8 remains,
510.324 649.324 13.992 10.8 for

106.32 663.124 21.336 10.8 both
132.528 663.124 57.972 10.8 rightholders
195.312 663.124 17.328 10.8 and
217.5 663.124 27.636 10.8 users,
249.996 663.124 9.996 10.8 as
264.804 663.124 35.28 10.8 regards
304.92 663.124 32.84 10.8 certain
342.548 663.124 23.604 10.8 uses,
371.036 663.124 45.336 10.8 including
421.184 663.124 60.02 10.8 cross-border
486.076 663.124 23.616 10.8 uses,
514.564 663.124 9.936 10.8 of

106.32 676.924 29.328 10.8 works
143.448 676.924 17.328 10.8 and
168.576 676.924 24.684 10.8 other
201.072 676.924 68.72 10.8 subject-matter
277.604 676.924 9.336 10.8 in
294.692 676.924 14.664 10.8 the
317.168 676.924 30.708 10.8 digital
355.664 676.924 63.576 10.8 environment.
427.088 676.924 13.332 10.8 As
448.196 676.924 13.392 10.8 set
469.4 676.924 15.336 10.8 out
492.548 676.924 9.336 10.8 in
509.696 676.924 14.628 10.8 the

106.32 690.604 77.34 10.908 Communication
190.092 690.604 9.996 10.908 of
206.46 690.604 14.664 10.908 the
227.556 690.604 60.684 10.908 Commission
294.648 690.604 36.024 10.908 entitled
337.104 690.604 45.936 10.908 ‘Towards
389.472 690.604 5.328 10.908 a
401.22 690.604 39.66 10.908 modern,
447.348 690.604 24.66 10.908 more
478.416 690.604 45.984 10.908 European

70.86 738.194 6.48 5.832 24

106.86 740.276 11.1322 9.018 OJ
120.527 740.276 6.68334 9.018 C
129.645 740.276 2.505 9.018 ,
134.655 740.276 2.505 9.018 ,
139.665 740.276 7.515 9.018 p.
149.685 740.276 2.505 9.018 .

70.86 749.714 6.48 5.832 25

106.86 751.796 11.1322 9.018 OJ
120.527 751.796 6.68334 9.018 C
129.645 751.796 2.505 9.018 ,
134.655 751.796 2.505 9.018 ,
139.665 751.796 7.515 9.018 p.
149.685 751.796 2.505 9.018 .

28.38 784.188 33.348 22.2 EN

291.62 793.224 12 10.8 13

533.62 784.188 33.348 22.2 EN

106.32 59.424 45.984 10.908 copyright
157.416 59.424 56.604 10.908 framework’
214.1 56.7697 8.01 7.182 26
222.14 59.544 3 10.8 ,
230.228 59.544 9.336 10.8 in
244.616 59.544 25.296 10.8 some
275.012 59.544 24.672 10.8 areas
304.796 59.544 6.672 10.8 it
316.592 59.544 8.004 10.8 is
329.66 59.544 46.656 10.8 necessary
381.404 59.544 9.336 10.8 to
395.792 59.544 25.944 10.8 adapt
426.848 59.544 17.328 10.8 and
449.5 59.544 55.212 10.8 supplement
509.824 59.544 14.664 10.8 the

106.32 73.344 33.972 10.8 current
143.964 73.344 29.94 10.8 Union
177.552 73.344 45.984 10.8 copyright
227.208 73.344 55.548 10.8 framework.
286.416 73.344 21.336 10.8 This
311.424 73.344 44.604 10.8 Directive
359.688 73.344 41.196 10.8 provides
404.544 73.344 13.992 10.8 for
422.172 73.344 23.328 10.8 rules
449.1 73.344 9.336 10.8 to
462.048 73.344 25.992 10.8 adapt
491.676 73.344 32.628 10.8 certain

106.32 87.144 51.312 10.8 exceptions
164.796 87.144 17.328 10.8 and
189.324 87.144 51.264 10.8 limitations
247.788 87.144 9.336 10.8 to
264.336 87.144 30.636 10.8 digital
302.184 87.144 17.328 10.8 and
326.652 87.144 60.128 10.8 cross-border
393.968 87.144 68.244 10.8 environments,
469.412 87.144 9.996 10.8 as
486.62 87.144 20.664 10.8 well
514.436 87.144 9.948 10.8 as

106.32 100.944 44.604 10.8 measures
153.984 100.944 9.336 10.8 to
166.392 100.944 41.976 10.8 facilitate
211.428 100.944 32.688 10.8 certain
247.116 100.944 43.332 10.8 licensing
293.448 100.944 42.696 10.8 practices
339.168 100.944 9.948 10.8 as
352.176 100.944 35.304 10.8 regards
390.54 100.944 14.664 10.8 the
408.228 100.944 66.88 10.8 dissemination
478.156 100.944 9.996 10.8 of
491.164 100.944 33.372 10.8 out-of-

106.32 114.744 49.944 10.8 commerce
159.456 114.744 29.328 10.8 works
191.964 114.744 17.328 10.8 and
212.472 114.744 14.628 10.8 the
230.28 114.744 29.976 10.8 online
263.436 114.744 53.964 10.8 availability
320.568 114.744 9.996 10.8 of
333.636 114.744 55.356 10.8 audiovisual
392.112 114.744 29.328 10.8 works
424.62 114.744 12 10.8 on
439.788 114.744 84.82 10.8 video-on-demand

106.32 128.544 45.936 10.8 platforms
155.916 128.544 21.384 10.8 with
180.972 128.544 5.328 10.8 a
189.9 128.544 23.352 10.8 view
216.816 128.544 9.336 10.8 to
229.764 128.544 41.328 10.8 ensuring
274.692 128.544 27.324 10.8 wider
305.688 128.544 30.588 10.8 access
339.936 128.544 9.336 10.8 to
352.944 128.544 38.304 10.8 content.
394.86 128.544 9.996 10.8 In
408.528 128.544 25.284 10.8 order
437.424 128.544 9.336 10.8 to
450.372 128.544 36.684 10.8 achieve
490.668 128.544 5.328 10.8 a
499.656 128.544 24.88 10.8 well-

106.32 142.364 55.368 10.8 functioning
169.176 142.364 58.572 10.8 marketplace
235.248 142.364 13.992 10.8 for
256.716 142.364 49.056 10.8 copyright,
313.2 142.364 24.012 10.8 there
344.676 142.364 32.028 10.8 should
384.192 142.364 19.308 10.8 also
410.988 142.364 11.328 10.8 be
429.816 142.364 23.364 10.8 rules
460.632 142.364 12 10.8 on
480.12 142.364 27.664 10.8 rights
515.248 142.364 9.336 10.8 in

106.32 156.164 61.704 10.8 publications,
171.516 156.164 12 10.8 on
187.044 156.164 14.664 10.8 the
205.26 156.164 15.996 10.8 use
224.808 156.164 9.996 10.8 of
238.296 156.164 29.328 10.8 works
271.164 156.164 17.388 10.8 and
292.08 156.164 24.684 10.8 other
320.316 156.164 68.816 10.8 subject-matter
392.684 156.164 11.94 10.8 by
408.152 156.164 30.036 10.8 online
441.728 156.164 33.984 10.8 service
479.276 156.164 45.264 10.8 providers

106.32 169.964 33.384 10.8 storing
143.136 169.964 17.328 10.8 and
163.824 169.964 30.708 10.8 giving
197.94 169.964 30.576 10.8 access
231.936 169.964 9.336 10.8 to
244.704 169.964 19.992 10.8 user
268.14 169.964 44.028 10.8 uploaded
315.576 169.964 35.304 10.8 content
354.312 169.964 17.328 10.8 and
375.06 169.964 12 10.8 on
390.468 169.964 14.664 10.8 the
408.564 169.964 61.296 10.8 transparency
473.28 169.964 9.996 10.8 of
486.648 169.964 37.596 10.8 authors'

106.32 183.764 17.328 10.8 and
126.648 183.764 54.816 10.8 performers'
184.416 183.764 46.296 10.8 contracts.

70.86 203.564 13.992 10.8 (4)

106.32 203.564 21.336 10.8 This
131.508 203.564 44.568 10.8 Directive
179.916 203.564 8.004 10.8 is
191.724 203.564 27.348 10.8 based
222.78 203.564 27 10.8 upon,
253.608 203.564 17.328 10.8 and
274.776 203.564 67.052 10.8 complements,
345.656 203.564 14.664 10.8 the
364.112 203.564 23.316 10.8 rules
391.268 203.564 17.916 10.8 laid
413.036 203.564 26.664 10.8 down
443.504 203.564 9.336 10.8 in
456.632 203.564 14.628 10.8 the
475.1 203.564 49.224 10.8 Directives

106.32 217.364 43.344 10.8 currently
156.312 217.364 9.336 10.8 in
172.32 217.364 24.648 10.8 force
203.688 217.364 9.336 10.8 in
219.756 217.364 17.304 10.8 this
243.804 217.364 22.956 10.8 area,
273.48 217.364 9.336 10.8 in
289.488 217.364 46.008 10.8 particular
342.144 217.364 44.676 10.8 Directive
393.54 217.364 39.984 10.8 96/9/EC
440.196 217.364 9.996 10.8 of
456.864 217.364 14.664 10.8 the
478.26 217.364 45.984 10.8 European

106.32 231.164 51.912 10.8 Parliament
163.284 231.164 17.328 10.8 and
185.592 231.164 9.996 10.8 of
200.52 231.164 14.664 10.8 the
220.236 231.164 38.004 10.8 Council
258.32 228.39 8.01 7.182 27
266.36 231.164 3 10.8 ,
274.328 231.164 44.724 10.8 Directive
324.032 231.164 57.984 10.8 2001/29/EC
386.948 231.164 9.996 10.8 of
401.936 231.164 14.664 10.8 the
421.592 231.164 45.984 10.8 European
472.52 231.164 51.912 10.8 Parliament

106.32 244.964 17.328 10.8 and
128.148 244.964 9.996 10.8 of
142.596 244.964 14.664 10.8 the
161.772 244.964 38.004 10.8 Council
199.82 242.19 8.01 7.182 28
207.86 244.964 3 10.8 ,
215.348 244.964 44.676 10.8 Directive
264.524 244.964 63.984 10.8 2006/115/EC
332.96 244.964 9.996 10.8 of
347.408 244.964 14.664 10.8 the
366.584 244.964 46.112 10.8 European
417.148 244.964 51.972 10.8 Parliament
473.632 244.964 17.328 10.8 and
495.46 244.964 9.996 10.8 of
509.908 244.964 14.628 10.8 the

106.32 258.764 38.004 10.8 Council
144.32 255.99 8.01 7.182 29
152.36 258.764 3 10.8 ,
160.628 258.764 44.724 10.8 Directive
210.632 258.764 57.984 10.8 2009/24/EC
273.848 258.764 9.996 10.8 of
289.136 258.764 14.664 10.8 the
309.092 258.764 45.984 10.8 European
360.32 258.764 51.96 10.8 Parliament
417.572 258.764 17.328 10.8 and
440.18 258.764 9.996 10.8 of
455.408 258.764 14.664 10.8 the
475.364 258.764 38.004 10.8 Council
513.58 255.99 8.01 7.182 30
521.62 258.764 3 10.8 ,

106.32 272.564 44.676 10.8 Directive
154.88 272.564 58.644 10.8 2012/28/EU
217.34 272.564 9.996 10.8 of
231.128 272.564 14.664 10.8 the
249.644 272.564 45.984 10.8 European
299.432 272.564 51.972 10.8 Parliament
355.256 272.564 17.328 10.8 and
376.424 272.564 9.996 10.8 of
390.212 272.564 14.664 10.8 the
408.728 272.564 38.004 10.8 Council
446.86 269.79 8.01 7.182 31
458.74 272.564 17.328 10.8 and
479.908 272.564 44.676 10.8 Directive

106.32 286.364 58.704 10.8 2014/26/EU
168.024 286.364 9.96 10.8 of
180.984 286.364 14.664 10.8 the
198.648 286.364 46.008 10.8 European
247.656 286.364 51.864 10.8 Parliament
302.544 286.364 17.328 10.8 and
322.872 286.364 9.996 10.8 of
335.868 286.364 14.712 10.8 the
353.58 286.364 38.004 10.8 Council
391.66 283.59 8.01 7.182 32
399.7 286.364 3 10.8 .

70.86 306.164 13.992 10.8 (5)

106.32 306.164 9.996 10.8 In
122.868 306.164 14.72 10.8 the
144.068 306.164 26.628 10.8 fields
177.236 306.164 9.996 10.8 of
193.724 306.164 42.96 10.8 research,
243.2 306.164 46.656 10.8 education
296.348 306.164 17.328 10.8 and
320.216 306.164 59.268 10.8 preservation
386.012 306.164 9.996 10.8 of
402.44 306.164 36.648 10.8 cultural
445.616 306.164 41.64 10.8 heritage,
493.772 306.164 30.648 10.8 digital

106.32 319.964 60.672 10.8 technologies
172.392 319.964 31.26 10.8 permit
209.136 319.964 19.992 10.8 new
234.564 319.964 25.356 10.8 types
265.38 319.964 9.996 10.8 of
280.788 319.964 20.664 10.8 uses
306.924 319.964 18 10.8 that
330.372 319.964 14.652 10.8 are
350.46 319.964 15.336 10.8 not
371.268 319.964 32.58 10.8 clearly
409.296 319.964 38.016 10.8 covered
452.772 319.964 11.94 10.8 by
470.16 319.964 14.664 10.8 the
490.296 319.964 33.936 10.8 current

106.32 333.764 30 10.8 Union
143.928 333.764 23.316 10.8 rules
174.804 333.764 12 10.8 on
194.412 333.764 51.288 10.8 exceptions
253.308 333.764 17.328 10.8 and
278.196 333.764 54.3 10.8 limitations.
340.14 333.764 9.996 10.8 In
357.708 333.764 42.36 10.8 addition,
407.604 333.764 14.664 10.8 the
429.9 333.764 39.252 10.8 optional
476.784 333.764 29.976 10.8 nature
514.32 333.764 9.936 10.8 of

106.32 347.564 51.312 10.8 exceptions
164.796 347.564 17.328 10.8 and
189.38 347.564 51.264 10.8 limitations
247.844 347.564 42.588 10.8 provided
297.62 347.564 13.992 10.8 for
318.788 347.564 9.336 10.8 in
335.336 347.564 49.236 10.8 Directives
391.772 347.564 60.948 10.8 2001/29/EC,
459.848 347.564 40.044 10.8 96/9/EC
507.044 347.564 17.28 10.8 and

106.32 361.364 58.044 10.8 2009/24/EC
170.196 361.364 9.336 10.8 in
185.424 361.364 24.684 10.8 these
216 361.364 26.664 10.8 fields
248.568 361.364 20.568 10.8 may
275.016 361.364 50.064 10.8 negatively
330.948 361.364 32.592 10.8 impact
369.444 361.364 14.664 10.8 the
390 361.364 55.332 10.8 functioning
451.188 361.364 9.996 10.8 of
467.016 361.364 14.664 10.8 the
487.572 361.364 36.696 10.8 internal

106.32 375.164 36.276 10.8 market.
146.064 375.164 21.336 10.8 This
170.892 375.164 8.004 10.8 is
182.4 375.164 55.308 10.8 particularly
241.164 375.164 38.676 10.8 relevant
283.32 375.164 9.948 10.8 as
296.748 375.164 35.304 10.8 regards
335.532 375.164 60.188 10.8 cross-border
399.188 375.164 23.604 10.8 uses,
426.296 375.164 29.328 10.8 which
459.104 375.164 14.604 10.8 are
477.2 375.164 47.256 10.8 becoming

106.32 388.964 58.644 10.8 increasingly
169.416 388.964 46.632 10.8 important
220.5 388.964 9.336 10.8 in
234.38 388.964 14.664 10.8 the
253.556 388.964 30.612 10.8 digital
288.644 388.964 63.636 10.8 environment.
356.768 388.964 50.256 10.8 Therefore,
411.524 388.964 14.664 10.8 the
430.652 388.964 37.98 10.8 existing
473.108 388.964 51.276 10.8 exceptions

106.32 402.764 17.328 10.8 and
128.868 402.764 51.312 10.8 limitations
185.4 402.764 9.336 10.8 in
199.968 402.764 29.94 10.8 Union
235.116 402.764 17.352 10.8 law
257.652 402.764 18.024 10.8 that
280.848 402.764 14.676 10.8 are
300.744 402.764 38.616 10.8 relevant
344.532 402.764 13.992 10.8 for
363.72 402.764 44.028 10.8 scientific
412.956 402.764 42.948 10.8 research,
461.052 402.764 40.644 10.8 teaching
506.928 402.764 17.28 10.8 and

106.32 416.584 59.316 10.8 preservation
169.824 416.584 9.996 10.8 of
184.032 416.584 36.672 10.8 cultural
224.916 416.584 38.676 10.8 heritage
267.852 416.584 31.956 10.8 should
304.08 416.584 11.328 10.8 be
319.668 416.584 49.956 10.8 reassessed
373.884 416.584 9.336 10.8 in
387.432 416.584 14.664 10.8 the
406.32 416.584 22.044 10.8 light
432.576 416.584 9.996 10.8 of
446.784 416.584 25.332 10.8 those
476.4 416.584 19.992 10.8 new
500.628 416.584 23.664 10.8 uses.

106.32 430.324 52.716 10.8 Mandatory
162.984 430.324 51.312 10.8 exceptions
218.4 430.324 9.936 10.8 or
232.52 430.324 51.324 10.8 limitations
287.864 430.324 13.992 10.8 for
305.912 430.324 20.664 10.8 uses
330.668 430.324 9.996 10.8 of
344.696 430.324 18.024 10.8 text
366.812 430.324 17.328 10.8 and
388.22 430.324 19.932 10.8 data
412.208 430.324 33.948 10.8 mining
450.224 430.324 60.708 10.8 technologies
514.988 430.324 9.336 10.8 in

106.32 444.124 14.664 10.8 the
124.776 444.124 21.996 10.8 field
150.564 444.124 9.996 10.8 of
164.232 444.124 44.016 10.8 scientific
212.016 444.124 42.936 10.8 research,
258.66 444.124 51.996 10.8 illustration
314.424 444.124 13.992 10.8 for
332.172 444.124 40.656 10.8 teaching
376.56 444.124 9.336 10.8 in
389.688 444.124 14.628 10.8 the
408.096 444.124 30.672 10.8 digital
442.512 444.124 60.552 10.8 environment
506.856 444.124 17.328 10.8 and

106.32 457.924 13.992 10.8 for
123.708 457.924 59.328 10.8 preservation
186.432 457.924 9.996 10.8 of
199.8 457.924 36.684 10.8 cultural
239.916 457.924 38.676 10.8 heritage
282.012 457.924 31.956 10.8 should
317.4 457.924 11.328 10.8 be
332.148 457.924 54.324 10.8 introduced.
389.916 457.924 16.668 10.8 For
410.004 457.924 20.664 10.8 uses
434.1 457.924 15.336 10.8 not
452.868 457.924 37.956 10.8 covered
494.244 457.924 12 10.8 by
509.652 457.924 14.628 10.8 the

106.32 471.724 51.312 10.8 exceptions
164.976 471.724 9.996 10.8 or
182.364 471.724 14.744 10.8 the
204.488 471.724 46.668 10.8 limitation
258.512 471.724 42.66 10.8 provided
308.54 471.724 13.992 10.8 for
329.888 471.724 9.336 10.8 in
346.616 471.724 17.376 10.8 this
371.372 471.724 47.616 10.8 Directive,
426.368 471.724 14.628 10.8 the
448.376 471.724 51.276 10.8 exceptions
507.032 471.724 17.28 10.8 and

106.32 485.524 51.348 10.8 limitations
162.432 485.524 38.028 10.8 existing
205.308 485.524 9.336 10.8 in
219.396 485.524 30 10.8 Union
254.244 485.524 17.352 10.8 law
276.36 485.524 32.028 10.8 should
313.236 485.524 41.28 10.8 continue
359.364 485.524 9.336 10.8 to
373.512 485.524 29.664 10.8 apply.
408 485.524 49.284 10.8 Directives
462.144 485.524 40.044 10.8 96/9/EC
507 485.524 17.28 10.8 and

106.32 499.324 58.044 10.8 2001/29/EC
167.328 499.324 32.028 10.8 should
202.356 499.324 11.328 10.8 be
216.684 499.324 40.32 10.8 adapted.

70.86 519.124 13.992 10.8 (6)

106.32 519.124 18.66 10.8 The
130.728 519.124 51.288 10.8 exceptions
187.764 519.124 17.328 10.8 and
210.792 519.124 14.664 10.8 the
231.18 519.124 46.656 10.8 limitation
283.524 519.124 13.332 10.8 set
302.64 519.124 15.276 10.8 out
323.688 519.124 9.336 10.8 in
338.736 519.124 17.304 10.8 this
361.824 519.124 44.568 10.8 Directive
412.152 519.124 21.348 10.8 seek
439.188 519.124 9.336 10.8 to
454.236 519.124 36.892 10.8 achieve
496.828 519.124 5.328 10.8 a
507.916 519.124 16.596 10.8 fair

106.32 532.924 36.672 10.8 balance
147.084 532.924 39.876 10.8 between
191.052 532.924 14.664 10.8 the
209.808 532.924 27.264 10.8 rights
241.176 532.924 17.328 10.8 and
262.584 532.924 39.96 10.8 interests
306.612 532.924 9.996 10.8 of
320.64 532.924 35.328 10.8 authors
360.048 532.924 17.328 10.8 and
381.456 532.924 24.624 10.8 other
410.172 532.924 57.996 10.8 rightholders
472.26 532.924 12 10.8 on
488.328 532.924 14.628 10.8 the
506.976 532.924 17.328 10.8 one

106.32 546.724 26.328 10.8 hand,
137.688 546.724 17.328 10.8 and
160.056 546.724 9.996 10.8 of
175.044 546.724 24.696 10.8 users
204.78 546.724 12 10.8 on
221.808 546.724 14.628 10.8 the
241.476 546.724 27.684 10.8 other.
274.212 546.724 24.588 10.8 They
303.84 546.724 16.656 10.8 can
325.548 546.724 11.328 10.8 be
341.856 546.724 35.376 10.8 applied
382.26 546.724 21.276 10.8 only
408.528 546.724 9.336 10.8 in
422.916 546.724 32.688 10.8 certain
460.572 546.724 33.348 10.8 special
498.948 546.724 25.32 10.8 cases

70.86 577.194 6.48 5.832 26

106.86 579.276 49.5088 9.018 COM(2015)
158.824 579.276 15.03 9.018 626
176.359 579.276 20.7915 9.018 final.

70.86 588.714 6.48 5.832 27

106.86 590.796 37.2343 9.018 Directive
148.603 590.796 33.3466 9.018 96/9/EC
186.389 590.796 8.34666 9.018 of
199.264 590.796 12.2444 9.018 the
216.08 590.796 38.2463 9.018 European
258.845 590.796 43.2563 9.018 Parliament
306.591 590.796 14.4689 9.018 and
325.589 590.796 8.34666 9.018 of
338.414 590.796 12.2444 9.018 the
355.148 590.796 31.7033 9.018 Council
391.32 590.796 8.34666 9.018 of
404.085 590.796 10.02 9.018 11
418.644 590.796 26.062 9.018 March
449.225 590.796 19.9799 9.018 1996
473.684 590.796 10.02 9.018 on
488.243 590.796 12.1543 9.018 the
504.906 590.796 19.4087 9.018 legal

106.86 602.316 40.581 9.018 protection
149.946 602.316 8.30658 9.018 of
160.758 602.316 38.3165 9.018 databases
201.539 602.316 14.509 9.018 (OJ
218.493 602.316 6.12222 9.018 L
227.09 602.316 12.525 9.018 77,
242.12 602.316 42.5048 9.018 27.3.1996,
287.13 602.316 7.515 9.018 p.
297.15 602.316 30.8118 9.018 20–28).

70.86 611.694 6.48 5.832 28

106.86 613.776 37.2343 9.018 Directive
149.685 613.776 48.3766 9.018 2001/29/EC
203.673 613.776 8.34666 9.018 of
217.641 613.776 12.1843 9.018 the
235.447 613.776 38.3165 9.018 European
279.424 613.776 43.2463 9.018 Parliament
328.292 613.776 14.4689 9.018 and
348.382 613.776 8.34666 9.018 of
362.35 613.776 12.2444 9.018 the
380.216 613.776 31.6131 9.018 Council
417.41 613.776 8.34666 9.018 of
431.368 613.776 10.02 9.018 22
447.019 613.776 18.3266 9.018 May
470.947 613.776 20.04 9.018 2001
496.618 613.776 10.02 9.018 on
512.269 613.776 12.1543 9.018 the

106.86 625.296 57.2142 9.018 harmonisation
167.481 625.296 8.34666 9.018 of
179.275 625.296 27.1442 9.018 certain
209.856 625.296 28.7975 9.018 aspects
242.07 625.296 8.34666 9.018 of
253.863 625.296 38.4442 9.018 copyright
295.694 625.296 14.4288 9.018 and
313.56 625.296 27.2143 9.018 related
344.141 625.296 22.7955 9.018 rights
370.353 625.296 7.79556 9.018 in
381.566 625.296 12.2444 9.018 the
397.217 625.296 47.1541 9.018 information
447.828 625.296 28.2865 9.018 society
479.491 625.296 14.509 9.018 (OJ
497.417 625.296 6.12222 9.018 L
506.946 625.296 17.4749 9.018 167,

106.86 636.816 42.5249 9.018 22.6.2001,
151.89 636.816 7.515 9.018 p.
161.91 636.816 30.8117 9.018 10–19).

70.86 646.194 6.48 5.832 29

106.86 648.276 37.2343 9.018 Directive
147.16 648.276 53.3866 9.018 2006/115/EC
203.543 648.276 8.34666 9.018 of
214.976 648.276 12.1543 9.018 the
230.136 648.276 38.3966 9.018 European
271.589 648.276 43.2062 9.018 Parliament
317.841 648.276 14.4689 9.018 and
335.396 648.276 8.34666 9.018 of
346.789 648.276 12.2444 9.018 the
362.079 648.276 31.7333 9.018 Council
396.809 648.276 8.34666 9.018 of
408.201 648.276 10.02 9.018 12
421.258 648.276 41.0519 9.018 December
465.386 648.276 20.04 9.018 2006
488.472 648.276 10.02 9.018 on
501.538 648.276 22.7654 9.018 rental

106.86 659.796 18.8977 9.018 right
128.573 659.796 14.4689 9.018 and
145.888 659.796 29.9398 9.018 lending
178.683 659.796 18.9178 9.018 right
200.387 659.796 14.3987 9.018 and
217.641 659.796 10.02 9.018 on
230.467 659.796 27.2143 9.018 certain
260.517 659.796 22.7955 9.018 rights
286.068 659.796 27.2143 9.018 related
316.118 659.796 7.79556 9.018 to
326.729 659.796 38.4167 9.018 copyright
367.931 659.796 7.79556 9.018 in
378.542 659.796 12.4366 9.018 the
393.815 659.796 18.2765 9.018 field
414.927 659.796 8.34666 9.018 of
426.119 659.796 44.4086 9.018 intellectual
473.333 659.796 33.9377 9.018 property
510.016 659.796 14.4288 9.018 (OJ

106.86 671.316 6.12222 9.018 L
115.487 671.316 17.4849 9.018 376,
135.467 671.316 47.5549 9.018 27.12.2006,
185.527 671.316 7.47492 9.018 p.
195.507 671.316 30.8547 9.018 28–35).

70.86 680.694 6.48 5.832 30

106.86 682.776 37.2343 9.018 Directive
147.942 682.776 48.3966 9.018 2009/24/EC
200.116 682.776 8.34666 9.018 of
212.391 682.776 12.1543 9.018 the
228.393 682.776 38.3566 9.018 European
270.617 682.776 43.2463 9.018 Parliament
317.751 682.776 14.4689 9.018 and
336.098 682.776 8.34666 9.018 of
348.272 682.776 12.2444 9.018 the
364.404 682.776 31.7033 9.018 Council
399.915 682.776 8.34666 9.018 of
412.149 682.776 10.02 9.018 23
426.057 682.776 21.0921 9.018 April
451.017 682.776 20.04 9.018 2009
474.885 682.776 10.02 9.018 on
488.842 682.776 12.1543 9.018 the
504.904 682.776 19.4488 9.018 legal

106.86 694.316 40.581 9.018 protection
149.946 694.316 8.30658 9.018 of
160.788 694.316 37.7053 9.018 computer
200.998 694.316 37.7053 9.018 programs
241.208 694.316 14.5641 9.018 (OJ
258.277 694.316 6.12222 9.018 L
266.844 694.316 17.535 9.018 111,
286.884 694.316 37.4948 9.018 5.5.2009,
326.884 694.316 7.515 9.018 p.
336.904 694.316 30.7774 9.018 16–22).

70.86 703.694 6.48 5.832 31

106.86 705.776 37.2343 9.018 Directive
147.702 705.776 48.8575 9.018 2012/28/EU
200.236 705.776 8.34666 9.018 of
212.3 705.776 12.2444 9.018 the
228.132 705.776 38.3566 9.018 European
270.105 705.776 43.2463 9.018 Parliament
316.999 705.776 14.4689 9.018 and
335.095 705.776 8.34666 9.018 of
347.129 705.776 12.1543 9.018 the
362.951 705.776 31.7033 9.018 Council
398.281 705.776 8.34666 9.018 of
410.215 705.776 10.02 9.018 25
423.872 705.776 32.2343 9.018 October
459.724 705.776 19.9799 9.018 2012
483.341 705.776 10.02 9.018 on
497.008 705.776 27.2143 9.018 certain

106.86 717.296 38.2363 9.018 permitted
147.631 717.296 17.2745 9.018 uses
167.361 717.296 8.34666 9.018 of
178.212 717.296 27.7554 9.018 orphan
208.473 717.296 24.4288 9.018 works
235.387 717.296 14.509 9.018 (OJ
252.34 717.296 6.12222 9.018 L
260.938 717.296 17.535 9.018 299,
280.917 717.296 47.5349 9.018 27.10.2012,
330.957 717.296 7.515 9.018 p.
340.917 717.296 25.9244 9.018 5–12).

70.86 726.734 6.48 5.832 32

106.86 728.816 37.2343 9.018 Directive
146.69 728.816 48.8575 9.018 2014/26/EU
198.202 728.816 8.34666 9.018 of
209.174 728.816 12.1843 9.018 the
223.924 728.816 38.3566 9.018 European
264.895 728.816 43.2463 9.018 Parliament
310.767 728.816 14.4689 9.018 and
327.861 728.816 8.34666 9.018 of
338.833 728.816 12.1543 9.018 the
353.643 728.816 31.6532 9.018 Council
387.901 728.816 8.34666 9.018 of
398.813 728.816 10.02 9.018 26
411.458 728.816 36.1421 9.018 February
450.135 728.816 20.04 9.018 2014
472.8 728.816 10.02 9.018 on
485.446 728.816 38.7974 9.018 collective

106.86 740.276 51.0519 9.018 management
160.537 740.276 8.34666 9.018 of
171.509 740.276 38.3988 9.018 copyright
212.443 740.276 14.4288 9.018 and
229.467 740.276 27.2143 9.018 related
259.276 740.276 22.7955 9.018 rights
284.647 740.276 14.4689 9.018 and
301.741 740.276 62.3245 9.018 multi-territorial
366.651 740.276 36.062 9.018 licensing
405.278 740.276 8.34666 9.018 of
416.25 740.276 22.7955 9.018 rights
441.681 740.276 7.70538 9.018 in
452.041 740.276 31.042 9.018 musical
485.678 740.276 24.4889 9.018 works
512.792 740.276 11.6432 9.018 for

106.86 751.796 25.05 9.018 online
134.375 751.796 13.3567 9.018 use
150.237 751.796 7.7655 9.018 in
160.507 751.796 12.2044 9.018 the
175.176 751.796 30.561 9.018 internal
208.242 751.796 27.7554 9.018 market
238.473 751.796 14.4989 9.018 (OJ
255.447 751.796 6.12222 9.018 L
264.044 751.796 12.525 9.018 84,
279.074 751.796 42.4648 9.018 20.3.2014,
324.043 751.796 7.515 9.018 p.
334.003 751.796 30.8983 9.018 72–98).

28.38 784.188 33.348 22.2 EN

291.62 793.224 12 10.8 14

533.62 784.188 33.348 22.2 EN

106.32 59.544 29.328 10.8 which
138.768 59.544 12 10.8 do
153.876 59.544 15.276 10.8 not
172.284 59.544 36.66 10.8 conflict
212.052 59.544 21.276 10.8 with
236.46 59.544 14.664 10.8 the
254.208 59.544 33.924 10.8 normal
291.264 59.544 57.276 10.8 exploitation
351.648 59.544 9.996 10.8 of
364.716 59.544 14.664 10.8 the
382.512 59.544 29.268 10.8 works
414.9 59.544 9.996 10.8 or
428.028 59.544 24.624 10.8 other
455.724 59.544 68.824 10.8 subject-matter

106.32 73.344 17.328 10.8 and
126.648 73.344 12 10.8 do
141.648 73.344 15.336 10.8 not
160.008 73.344 63.912 10.8 unreasonably
226.884 73.344 44.664 10.8 prejudice
274.548 73.344 14.628 10.8 the
292.176 73.344 47.976 10.8 legitimate
343.104 73.344 40.008 10.8 interests
386.112 73.344 9.996 10.8 of
399.06 73.344 14.664 10.8 the
416.748 73.344 60.972 10.8 rightholders.

70.86 93.144 13.992 10.8 (7)

106.32 93.144 18.66 10.8 The
128.088 93.144 48.648 10.8 protection
179.844 93.144 9.996 10.8 of
192.912 93.144 64.776 10.8 technological
260.784 93.144 44.664 10.8 measures
308.568 93.144 53.304 10.8 established
364.992 93.144 9.336 10.8 in
377.46 93.144 44.664 10.8 Directive
425.244 93.144 58.008 10.8 2001/29/EC
486.312 93.144 37.944 10.8 remains

106.32 106.944 41.352 10.8 essential
152.424 106.944 9.336 10.8 to
166.512 106.944 31.356 10.8 ensure
202.608 106.944 14.664 10.8 the
222.024 106.944 48.696 10.8 protection
275.52 106.944 17.28 10.8 and
297.588 106.944 14.664 10.8 the
317.064 106.944 41.952 10.8 effective
363.828 106.944 39.24 10.8 exercise
407.844 106.944 9.996 10.8 of
422.592 106.944 14.664 10.8 the
442.068 106.944 27.312 10.8 rights
474.204 106.944 36.292 10.8 granted
515.224 106.944 9.336 10.8 to

106.32 120.744 35.352 10.8 authors
149.184 120.744 17.328 10.8 and
173.952 120.744 9.336 10.8 to
190.8 120.744 24.684 10.8 other
222.996 120.744 57.984 10.8 rightholders
288.42 120.744 27.324 10.8 under
323.256 120.744 30 10.8 Union
360.744 120.744 20.352 10.8 law.
388.56 120.744 21.336 10.8 This
417.408 120.744 48.6 10.8 protection
473.496 120.744 32.028 10.8 should
513.012 120.744 11.328 10.8 be

106.32 134.564 53.304 10.8 maintained
162.972 134.564 26.664 10.8 while
193.08 134.564 41.28 10.8 ensuring
237.768 134.564 18.024 10.8 that
259.164 134.564 14.664 10.8 the
277.26 134.564 15.936 10.8 use
296.628 134.564 9.996 10.8 of
309.996 134.564 64.668 10.8 technological
378.06 134.564 44.604 10.8 measures
426.084 134.564 21.996 10.8 does
451.512 134.564 15.276 10.8 not
470.22 134.564 35.964 10.8 prevent
509.616 134.564 14.628 10.8 the

106.32 148.364 50.592 10.8 enjoyment
160.344 148.364 10.044 10.8 of
173.76 148.364 14.664 10.8 the
191.856 148.364 51.348 10.8 exceptions
246.612 148.364 17.328 10.8 and
267.36 148.364 14.664 10.8 the
285.456 148.364 46.68 10.8 limitation
335.568 148.364 53.328 10.8 established
392.304 148.364 9.336 10.8 in
405.012 148.364 17.376 10.8 this
425.808 148.364 47.616 10.8 Directive,
476.844 148.364 29.328 10.8 which
509.92 148.364 14.676 10.8 are

106.32 162.164 55.344 10.8 particularly
169.956 162.164 38.652 10.8 relevant
216.96 162.164 9.336 10.8 in
234.588 162.164 14.664 10.8 the
257.604 162.164 30 10.8 online
295.932 162.164 63.576 10.8 environment.
367.896 162.164 61.992 10.8 Rightholders
438.24 162.164 32.028 10.8 should
478.596 162.164 22.656 10.8 have
509.604 162.164 14.664 10.8 the

106.32 175.964 56.004 10.8 opportunity
167.316 175.964 9.336 10.8 to
181.704 175.964 31.32 10.8 ensure
218.052 175.964 17.304 10.8 this
240.42 175.964 37.296 10.8 through
282.768 175.964 45.924 10.8 voluntary
333.744 175.964 47.652 10.8 measures.
386.448 175.964 24.54 10.8 They
416.016 175.964 32.028 10.8 should
453.072 175.964 33.168 10.8 remain
491.268 175.964 18.648 10.8 free
514.956 175.964 9.336 10.8 to

106.32 189.764 33.324 10.8 choose
142.776 189.764 14.664 10.8 the
160.632 189.764 31.824 10.8 format
195.648 189.764 17.328 10.8 and
216.156 189.764 14.628 10.8 the
233.964 189.764 49.992 10.8 modalities
287.076 189.764 9.336 10.8 to
299.604 189.764 36.636 10.8 provide
339.36 189.764 14.628 10.8 the
357.168 189.764 61.296 10.8 beneficiaries
421.584 189.764 9.996 10.8 of
434.712 189.764 14.664 10.8 the
452.52 189.764 51.276 10.8 exceptions
506.976 189.764 17.28 10.8 and

106.32 203.564 14.664 10.8 the
127.34 203.564 46.596 10.8 limitation
180.224 203.564 53.316 10.8 established
239.84 203.564 9.336 10.8 in
255.488 203.564 17.304 10.8 this
279.056 203.564 44.676 10.8 Directive
330.032 203.564 21.288 10.8 with
357.608 203.564 14.628 10.8 the
378.536 203.564 30.636 10.8 means
415.472 203.564 9.336 10.8 to
431.12 203.564 33.324 10.8 benefit
470.756 203.564 23.328 10.8 from
500.264 203.564 24.024 10.8 them

106.32 217.364 42.696 10.8 provided
155.016 217.364 17.964 10.8 that
179.052 217.364 21.948 10.8 such
207.06 217.364 30.564 10.8 means
243.696 217.364 14.604 10.8 are
264.372 217.364 57.636 10.8 appropriate.
328.008 217.364 9.996 10.8 In
344.016 217.364 14.664 10.8 the
364.704 217.364 37.896 10.8 absence
408.66 217.364 9.996 10.8 of
424.668 217.364 45.996 10.8 voluntary
476.736 217.364 47.58 10.8 measures,

106.32 231.164 40.584 10.8 Member
154.836 231.164 28.704 10.8 States
191.412 231.164 32.028 10.8 should
231.288 231.164 20.016 10.8 take
259.164 231.164 54.648 10.8 appropriate
321.732 231.164 44.604 10.8 measures
374.196 231.164 9.336 10.8 in
391.464 231.164 53.892 10.8 accordance
453.24 231.164 21.336 10.8 with
482.448 231.164 14.664 10.8 the
505.044 231.164 19.236 10.8 first

106.32 244.964 64.608 10.8 subparagraph
173.928 244.964 9.996 10.8 of
186.924 244.964 33.404 10.8 Article
223.28 244.964 19.992 10.8 6(4)
246.308 244.964 9.996 10.8 of
259.304 244.964 44.604 10.8 Directive
306.932 244.964 60.912 10.8 2001/29/EC.

70.86 264.764 13.992 10.8 (8)

106.32 264.764 22.656 10.8 New
135.108 264.764 60.732 10.8 technologies
202.02 264.764 31.272 10.8 enable
239.448 264.764 14.664 10.8 the
260.304 264.764 49.884 10.8 automated
316.368 264.764 68.724 10.8 computational
391.284 264.764 38.64 10.8 analysis
436.128 264.764 9.996 10.8 of
452.256 264.764 56.592 10.8 information
515.04 264.764 9.336 10.8 in

106.32 278.564 30.708 10.8 digital
141.456 278.564 26.28 10.8 form,
172.164 278.564 21.996 10.8 such
198.612 278.564 9.996 10.8 as
213.06 278.564 21 10.8 text,
238.488 278.564 36.336 10.8 sounds,
279.276 278.564 33.864 10.8 images
317.592 278.564 9.996 10.8 or
332.04 278.564 23.076 10.8 data,
359.544 278.564 44.688 10.8 generally
408.6 278.564 32.664 10.8 known
445.668 278.564 9.996 10.8 as
460.116 278.564 18.024 10.8 text
482.592 278.564 17.328 10.8 and
504.36 278.564 19.992 10.8 data

106.32 292.364 36.948 10.8 mining.
146.676 292.364 29.328 10.8 Those
179.424 292.364 60.636 10.8 technologies
243.48 292.364 26.652 10.8 allow
273.456 292.364 53.976 10.8 researchers
330.78 292.364 9.336 10.8 to
343.488 292.364 36.012 10.8 process
383.08 292.364 23.928 10.8 large
410.428 292.364 40.584 10.8 amounts
454.444 292.364 9.996 10.8 of
467.812 292.364 56.616 10.8 information

106.32 306.164 9.336 10.8 to
122.688 306.164 20.616 10.8 gain
150.336 306.164 19.944 10.8 new
177.264 306.164 52.656 10.8 knowledge
236.952 306.164 17.328 10.8 and
261.3 306.164 40.596 10.8 discover
308.928 306.164 19.932 10.8 new
335.856 306.164 32.364 10.8 trends.
375.192 306.164 31.968 10.8 Whilst
414.156 306.164 17.964 10.8 text
439.152 306.164 17.328 10.8 and
463.44 306.164 20.016 10.8 data
490.416 306.164 33.948 10.8 mining

106.32 319.964 60.672 10.8 technologies
176.832 319.964 14.676 10.8 are
201.408 319.964 44.652 10.8 prevalent
255.972 319.964 29.988 10.8 across
295.8 319.964 14.664 10.8 the
320.376 319.964 30.708 10.8 digital
360.972 319.964 46.992 10.8 economy,
417.84 319.964 24.012 10.8 there
451.764 319.964 8.004 10.8 is
469.632 319.964 54.684 10.8 widespread

106.32 333.764 81.852 10.8 acknowledgment
194.484 333.764 18.024 10.8 that
218.76 333.764 18 10.8 text
243.048 333.764 17.328 10.8 and
266.616 333.764 19.992 10.8 data
292.884 333.764 33.948 10.8 mining
333.12 333.764 16.608 10.8 can
356.028 333.764 9.336 10.8 in
371.616 333.764 45.984 10.8 particular
423.864 333.764 33.324 10.8 benefit
463.452 333.764 14.664 10.8 the
484.38 333.764 40.18 10.8 research

106.32 347.564 54.648 10.8 community
165.636 347.564 17.328 10.8 and
187.644 347.564 9.336 10.8 in
201.672 347.564 10.668 10.8 so
216.96 347.564 27.276 10.8 doing
248.928 347.564 49.236 10.8 encourage
302.856 347.564 54.336 10.8 innovation.
361.824 347.564 46.968 10.8 However,
413.46 347.564 9.336 10.8 in
427.428 347.564 14.664 10.8 the
446.784 347.564 32.916 10.8 Union,
484.392 347.564 39.9 10.8 research

106.32 361.364 63.984 10.8 organisations
175.824 361.364 21.996 10.8 such
203.292 361.364 9.996 10.8 as
218.82 361.364 55.284 10.8 universities
279.564 361.364 17.28 10.8 and
302.352 361.364 39.984 10.8 research
347.796 361.364 43.344 10.8 institutes
396.6 361.364 14.604 10.8 are
416.736 361.364 51.9 10.8 confronted
474.144 361.364 21.336 10.8 with
500.952 361.364 23.304 10.8 legal

106.32 375.164 54.024 10.8 uncertainty
163.536 375.164 9.996 10.8 as
176.784 375.164 9.336 10.8 to
189.372 375.164 14.664 10.8 the
207.228 375.164 29.328 10.8 extent
239.796 375.164 9.336 10.8 to
252.384 375.164 29.328 10.8 which
284.892 375.164 20.688 10.8 they
308.808 375.164 16.656 10.8 can
328.716 375.164 38.604 10.8 perform
370.464 375.164 18.024 10.8 text
391.74 375.164 17.328 10.8 and
412.308 375.164 20.016 10.8 data
435.564 375.164 33.948 10.8 mining
472.74 375.164 9.996 10.8 of
485.928 375.164 38.376 10.8 content.

106.32 388.964 9.996 10.8 In
121.428 388.964 32.688 10.8 certain
159.204 388.964 47.016 10.8 instances,
211.248 388.964 18 10.8 text
234.336 388.964 17.328 10.8 and
256.764 388.964 20.016 10.8 data
281.88 388.964 33.948 10.8 mining
320.976 388.964 20.568 10.8 may
346.644 388.964 36.036 10.8 involve
387.78 388.964 18.636 10.8 acts
411.516 388.964 44.568 10.8 protected
461.172 388.964 12 10.8 by
478.26 388.964 45.984 10.8 copyright

106.32 402.764 30.684 10.8 and/or
141.516 402.764 12 10.8 by
158.004 402.764 14.628 10.8 the
177.2 402.764 14.004 10.8 sui
195.728 402.764 35.268 10.8 generis
235.52 402.764 41.34 10.8 database
281.336 402.764 25.668 10.8 right,
311.504 402.764 35.964 10.8 notably
351.92 402.764 14.664 10.8 the
371.096 402.764 61.332 10.8 reproduction
436.94 402.764 9.996 10.8 of
451.388 402.764 29.328 10.8 works
485.216 402.764 9.996 10.8 or
499.724 402.764 24.66 10.8 other

106.32 416.584 68.672 10.8 subject-matter
179.804 416.584 30.612 10.8 and/or
215.18 416.584 14.628 10.8 the
234.608 416.584 47.988 10.8 extraction
287.324 416.584 9.996 10.8 of
302.072 416.584 40.02 10.8 contents
346.808 416.584 23.328 10.8 from
374.816 416.584 5.328 10.8 a
384.944 416.584 44.364 10.8 database.
434.108 416.584 31.896 10.8 Where
470.804 416.584 23.988 10.8 there
499.532 416.584 8.004 10.8 is
512.36 416.584 11.94 10.8 no

106.32 430.324 46.644 10.8 exception
157.296 430.324 9.996 10.8 or
171.564 430.324 46.656 10.8 limitation
222.468 430.324 29.328 10.8 which
256.116 430.324 36.936 10.8 applies,
297.384 430.324 11.328 10.8 an
312.972 430.324 62.664 10.8 authorisation
379.884 430.324 9.336 10.8 to
393.552 430.324 47.244 10.8 undertake
445.116 430.324 21.948 10.8 such
471.384 430.324 18.66 10.8 acts
494.352 430.324 29.916 10.8 would

106.32 444.124 11.328 10.8 be
120.768 444.124 39.984 10.8 required
163.752 444.124 23.364 10.8 from
190.128 444.124 61.16 10.8 rightholders.
254.336 444.124 21.996 10.8 Text
279.404 444.124 17.28 10.8 and
299.792 444.124 20.016 10.8 data
322.868 444.124 33.948 10.8 mining
359.924 444.124 20.568 10.8 may
383.612 444.124 19.356 10.8 also
406.028 444.124 11.328 10.8 be
420.476 444.124 33.312 10.8 carried
456.884 444.124 15.276 10.8 out
475.292 444.124 9.336 10.8 in
487.7 444.124 36.6 10.8 relation

106.32 457.924 9.336 10.8 to
120.048 457.924 23.916 10.8 mere
148.344 457.924 22.656 10.8 facts
175.392 457.924 9.996 10.8 or
189.78 457.924 19.992 10.8 data
214.128 457.924 29.328 10.8 which
247.836 457.924 14.652 10.8 are
266.844 457.924 15.336 10.8 not
286.512 457.924 44.688 10.8 protected
335.568 457.924 11.94 10.8 by
351.876 457.924 45.984 10.8 copyright
402.192 457.924 17.328 10.8 and
423.9 457.924 9.336 10.8 in
437.628 457.924 21.996 10.8 such
463.956 457.924 43.992 10.8 instances
512.34 457.924 11.94 10.8 no

106.32 471.724 62.628 10.8 authorisation
171.948 471.724 30 10.8 would
204.948 471.724 11.328 10.8 be
219.276 471.724 43.02 10.8 required.

70.86 491.524 13.992 10.8 (9)

106.32 491.524 30 10.8 Union
142.788 491.524 17.352 10.8 law
166.584 491.524 35.34 10.8 already
208.38 491.524 41.316 10.8 provides
256.176 491.524 32.58 10.8 certain
295.224 491.524 51.324 10.8 exceptions
353.028 491.524 17.328 10.8 and
376.836 491.524 51.348 10.8 limitations
434.688 491.524 41.988 10.8 covering
483.156 491.524 20.932 10.8 uses
510.568 491.524 13.992 10.8 for

106.32 505.324 44.016 10.8 scientific
157.344 505.324 39.996 10.8 research
204.36 505.324 42.624 10.8 purposes
254.088 505.324 29.328 10.8 which
290.436 505.324 20.568 10.8 may
318.084 505.324 26.688 10.8 apply
351.84 505.324 9.336 10.8 to
368.208 505.324 18.696 10.8 acts
393.924 505.324 9.936 10.8 of
410.892 505.324 18.024 10.8 text
435.948 505.324 17.328 10.8 and
460.296 505.324 20.016 10.8 data
487.392 505.324 36.888 10.8 mining.

106.32 519.124 46.968 10.8 However,
156.288 519.124 25.356 10.8 those
184.644 519.124 51.288 10.8 exceptions
238.932 519.124 17.328 10.8 and
259.26 519.124 51.372 10.8 limitations
313.632 519.124 14.652 10.8 are
331.284 519.124 39.372 10.8 optional
373.656 519.124 17.328 10.8 and
393.984 519.124 15.336 10.8 not
412.32 519.124 22.704 10.8 fully
438.024 519.124 37.356 10.8 adapted
478.38 519.124 9.36 10.8 to
490.74 519.124 14.664 10.8 the
508.428 519.124 15.948 10.8 use

106.32 532.924 9.996 10.8 of
119.628 532.924 60.672 10.8 technologies
183.66 532.924 9.336 10.8 in
196.368 532.924 43.872 10.8 scientific
243.612 532.924 42.996 10.8 research.
289.908 532.924 50.376 10.8 Moreover,
343.572 532.924 29.316 10.8 where
376.26 532.924 53.952 10.8 researchers
433.584 532.924 22.656 10.8 have
459.552 532.924 30.612 10.8 lawful
493.5 532.924 31.036 10.8 access

106.32 546.724 9.336 10.8 to
119.448 546.724 38.304 10.8 content,
161.544 546.724 13.992 10.8 for
179.292 546.724 40.584 10.8 example
223.668 546.724 37.368 10.8 through
264.804 546.724 63.324 10.8 subscriptions
331.848 546.724 9.336 10.8 to
344.916 546.724 58.656 10.8 publications
407.352 546.724 9.996 10.8 or
421.14 546.724 23.328 10.8 open
448.248 546.724 30.648 10.8 access
482.676 546.724 41.568 10.8 licences,

106.32 560.524 14.664 10.8 the
124.056 560.524 26.616 10.8 terms
153.792 560.524 9.996 10.8 of
166.86 560.524 14.664 10.8 the
184.596 560.524 38.652 10.8 licences
226.32 560.524 20.568 10.8 may
250.008 560.524 37.356 10.8 exclude
290.484 560.524 17.964 10.8 text
311.58 560.524 17.328 10.8 and
331.968 560.524 19.992 10.8 data
355.056 560.524 36.948 10.8 mining.
395.112 560.524 13.332 10.8 As
411.54 560.524 39.984 10.8 research
454.584 560.524 8.004 10.8 is
465.672 560.524 58.62 10.8 increasingly

106.32 574.324 33.348 10.8 carried
144.216 574.324 15.336 10.8 out
164.064 574.324 21.336 10.8 with
189.972 574.324 14.664 10.8 the
209.208 574.324 47.904 10.8 assistance
261.684 574.324 9.996 10.8 of
276.192 574.324 30.708 10.8 digital
311.448 574.324 56.256 10.8 technology,
372.276 574.324 23.988 10.8 there
400.824 574.324 8.004 10.8 is
413.352 574.324 5.328 10.8 a
423.24 574.324 17.988 10.8 risk
445.776 574.324 18 10.8 that
468.264 574.324 14.944 10.8 the
487.768 574.324 36.768 10.8 Union's

106.32 588.124 56.64 10.8 competitive
166.212 588.124 38.736 10.8 position
208.176 588.124 9.996 10.8 as
221.484 588.124 5.328 10.8 a
230.052 588.124 39.996 10.8 research
273.348 588.124 19.956 10.8 area
296.604 588.124 18.672 10.8 will
318.6 588.124 27.924 10.8 suffer
349.836 588.124 30.024 10.8 unless
383.172 588.124 24 10.8 steps
410.4 588.124 14.676 10.8 are
428.376 588.124 26.016 10.8 taken
457.632 588.124 9.336 10.8 to
470.22 588.124 36.012 10.8 address
509.544 588.124 14.628 10.8 the

106.32 601.924 23.352 10.8 legal
132.696 601.924 53.904 10.8 uncertainty
189.6 601.924 13.992 10.8 for
206.592 601.924 17.928 10.8 text
227.52 601.924 17.328 10.8 and
247.848 601.924 20.028 10.8 data
270.876 601.924 36.984 10.8 mining.

70.86 621.724 19.992 10.8 (10)
106.32 621.724 21.336 10.8 This
131.328 621.724 23.328 10.8 legal
158.256 621.724 53.964 10.8 uncertainty
215.832 621.724 31.956 10.8 should
251.46 621.724 11.328 10.8 be
266.388 621.724 47.316 10.8 addressed
317.292 621.724 12 10.8 by
332.94 621.724 46.644 10.8 providing
383.196 621.724 13.992 10.8 for
400.824 621.724 5.328 10.8 a
409.812 621.724 51.228 10.8 mandatory
464.688 621.724 46.656 10.8 exception
514.932 621.724 9.336 10.8 to

106.32 635.524 14.664 10.8 the
125.256 635.524 22.644 10.8 right
152.172 635.524 9.996 10.8 of
166.44 635.524 61.436 10.8 reproduction
232.088 635.524 17.328 10.8 and
253.676 635.524 19.356 10.8 also
277.292 635.524 9.336 10.8 to
290.9 635.524 14.664 10.8 the
309.836 635.524 22.704 10.8 right
336.812 635.524 9.336 10.8 to
350.36 635.524 36.012 10.8 prevent
390.656 635.524 47.988 10.8 extraction
442.904 635.524 23.328 10.8 from
470.432 635.524 5.328 10.8 a
480.02 635.524 44.364 10.8 database.

106.32 649.324 18.66 10.8 The
127.98 649.324 19.992 10.8 new
150.972 649.324 46.74 10.8 exception
200.712 649.324 31.992 10.8 should
235.704 649.324 11.328 10.8 be
250.032 649.324 36.696 10.8 without
289.728 649.324 44.712 10.8 prejudice
337.44 649.324 9.336 10.8 to
349.728 649.324 14.664 10.8 the
367.416 649.324 38.04 10.8 existing
408.432 649.324 51.264 10.8 mandatory
462.696 649.324 46.68 10.8 exception
512.376 649.324 12 10.8 on

106.32 663.124 49.272 10.8 temporary
159.384 663.124 18.696 10.8 acts
181.86 663.124 9.996 10.8 of
195.588 663.124 61.332 10.8 reproduction
260.652 663.124 18.024 10.8 laid
282.408 663.124 26.664 10.8 down
312.816 663.124 9.336 10.8 in
325.944 663.124 33.312 10.8 Article
363.048 663.124 19.956 10.8 5(1)
386.796 663.124 9.996 10.8 of
400.524 663.124 44.676 10.8 Directive
448.98 663.124 42.276 10.8 2001/29,
495.048 663.124 29.268 10.8 which

106.32 676.924 32.028 10.8 should
141.996 676.924 41.316 10.8 continue
186.972 676.924 9.336 10.8 to
199.98 676.924 26.756 10.8 apply
230.408 676.924 9.336 10.8 to
243.416 676.924 18.024 10.8 text
265.112 676.924 17.328 10.8 and
286.1 676.924 20.016 10.8 data
309.776 676.924 33.948 10.8 mining
347.432 676.924 51.312 10.8 techniques
402.416 676.924 29.328 10.8 which
435.404 676.924 12 10.8 do
451.052 676.924 15.384 10.8 not
470.108 676.924 36.036 10.8 involve
509.804 676.924 14.568 10.8 the

106.32 690.724 35.928 10.8 making
146.916 690.724 9.996 10.8 of
161.544 690.724 30.744 10.8 copies
196.968 690.724 27.276 10.8 going
228.876 690.724 35.328 10.8 beyond
268.884 690.724 14.664 10.8 the
288.192 690.724 27.324 10.8 scope
320.208 690.724 9.996 10.8 of
334.836 690.724 17.964 10.8 that
357.492 690.724 49.56 10.8 exception.
411.72 690.724 44.016 10.8 Research
460.296 690.724 63.984 10.8 organisations

106.32 704.544 32.028 10.8 should
146.556 704.544 19.356 10.8 also
174.072 704.544 33.324 10.8 benefit
215.628 704.544 23.364 10.8 from
247.104 704.544 14.664 10.8 the
270 704.544 46.716 10.8 exception
324.924 704.544 25.908 10.8 when
359.052 704.544 20.688 10.8 they
387.948 704.544 33.936 10.8 engage
430.116 704.544 18.708 10.8 into
456.972 704.544 67.54 10.8 public-private

106.32 718.344 61.656 10.8 partnerships.

28.38 784.188 33.348 22.2 EN

291.62 793.224 12 10.8 15

533.62 784.188 33.348 22.2 EN

70.86 59.544 19.992 10.8 (11)
106.32 59.544 44.016 10.8 Research
155.916 59.544 64.04 10.8 organisations
225.476 59.544 30.024 10.8 across
261.092 59.544 14.664 10.8 the
281.288 59.544 30 10.8 Union
316.856 59.544 52.656 10.8 encompass
375.104 59.544 5.328 10.8 a
386.012 59.544 23.376 10.8 wide
414.968 59.544 33.348 10.8 variety
453.884 59.544 9.996 10.8 of
469.412 59.544 34.752 10.8 entities
509.744 59.544 14.628 10.8 the

106.32 73.344 37.956 10.8 primary
148.524 73.344 20.664 10.8 goal
173.46 73.344 9.996 10.8 of
187.668 73.344 29.328 10.8 which
221.256 73.344 8.004 10.8 is
233.484 73.344 9.336 10.8 to
247.092 73.344 37.944 10.8 conduct
289.26 73.344 44.016 10.8 scientific
337.464 73.344 39.972 10.8 research
381.672 73.344 9.996 10.8 or
395.88 73.344 9.336 10.8 to
409.428 73.344 12 10.8 do
425.676 73.344 10.668 10.8 so
440.604 73.344 39.312 10.8 together
484.14 73.344 21.336 10.8 with
509.688 73.344 14.628 10.8 the

106.32 87.144 45.372 10.8 provision
155.436 87.144 9.996 10.8 of
169.164 87.144 55.344 10.8 educational
228.24 87.144 41.676 10.8 services.
273.684 87.144 19.908 10.8 Due
297.372 87.144 9.336 10.8 to
310.44 87.144 14.664 10.8 the
328.896 87.144 41.928 10.8 diversity
374.592 87.144 9.996 10.8 of
388.32 87.144 21.948 10.8 such
414.048 87.144 37.668 10.8 entities,
455.436 87.144 6.672 10.8 it
465.864 87.144 8.004 10.8 is
477.612 87.144 46.632 10.8 important

106.32 100.944 9.336 10.8 to
122.388 100.944 22.656 10.8 have
151.776 100.944 5.328 10.8 a
163.764 100.944 41.996 10.8 common
212.468 100.944 68.04 10.8 understanding
287.18 100.944 9.996 10.8 of
303.848 100.944 14.664 10.8 the
325.244 100.944 61.344 10.8 beneficiaries
393.26 100.944 9.996 10.8 of
409.928 100.944 14.664 10.8 the
431.324 100.944 49.656 10.8 exception.
487.712 100.944 36.636 10.8 Despite

106.32 114.744 41.292 10.8 different
153.744 114.744 23.328 10.8 legal
183.192 114.744 27.936 10.8 forms
217.248 114.744 17.388 10.8 and
240.744 114.744 49.668 10.8 structures,
296.508 114.744 40.02 10.8 research
342.612 114.744 63.984 10.8 organisations
412.716 114.744 30.024 10.8 across
448.872 114.744 40.524 10.8 Member
495.528 114.744 28.704 10.8 States

106.32 128.544 44.676 10.8 generally
154.104 128.544 22.608 10.8 have
179.832 128.544 9.336 10.8 in
192.3 128.544 41.94 10.8 common
237.348 128.544 18.024 10.8 that
258.444 128.544 20.688 10.8 they
282.18 128.544 13.992 10.8 act
299.316 128.544 27.264 10.8 either
329.712 128.544 12 10.8 on
344.76 128.544 5.328 10.8 a
353.208 128.544 15.336 10.8 not
371.676 128.544 13.992 10.8 for
388.764 128.544 26.592 10.8 profit
418.5 128.544 24.036 10.8 basis
445.656 128.544 9.936 10.8 or
458.664 128.544 9.336 10.8 in
471.132 128.544 14.664 10.8 the
488.928 128.544 35.28 10.8 context

106.32 142.364 9.996 10.8 of
121.248 142.364 5.328 10.8 a
131.556 142.364 69.344 10.8 public-interest
205.88 142.364 37.284 10.8 mission
248.156 142.364 51.936 10.8 recognised
305.084 142.364 12 10.8 by
322.052 142.364 14.628 10.8 the
341.6 142.364 27.036 10.8 State.
373.616 142.364 24 10.8 Such
402.464 142.364 5.328 10.8 a
412.772 142.364 69.44 10.8 public-interest
487.168 142.364 37.284 10.8 mission

106.32 156.164 23.568 10.8 may,
136.488 156.164 13.992 10.8 for
157.056 156.164 43.608 10.8 example,
207.252 156.164 11.328 10.8 be
225.18 156.164 41.976 10.8 reflected
273.684 156.164 37.296 10.8 through
317.592 156.164 29.976 10.8 public
354.108 156.164 37.332 10.8 funding
398.016 156.164 9.996 10.8 or
414.564 156.164 37.368 10.8 through
458.46 156.164 49.992 10.8 provisions
515.016 156.164 9.336 10.8 in

106.32 169.964 38.688 10.8 national
152.076 169.964 21.948 10.8 laws
181.164 169.964 9.996 10.8 or
198.312 169.964 29.964 10.8 public
235.428 169.964 46.236 10.8 contracts.
288.792 169.964 12 10.8 At
307.92 169.964 14.664 10.8 the
329.688 169.964 24.528 10.8 same
361.356 169.964 24.336 10.8 time,
392.832 169.964 63.984 10.8 organisations
463.896 169.964 24 10.8 upon
495.024 169.964 29.268 10.8 which

106.32 183.764 56.64 10.8 commercial
166.812 183.764 61.944 10.8 undertakings
232.656 183.764 22.656 10.8 have
259.224 183.764 5.328 10.8 a
268.452 183.764 39.464 10.8 decisive
311.756 183.764 44.616 10.8 influence
360.284 183.764 42 10.8 allowing
406.112 183.764 24.024 10.8 them
433.928 183.764 9.336 10.8 to
447.176 183.764 39.372 10.8 exercise
490.4 183.764 33.996 10.8 control

106.32 197.564 38.004 10.8 because
150.156 197.564 9.996 10.8 of
165.864 197.564 45.312 10.8 structural
217.008 197.564 46.008 10.8 situations
268.836 197.564 21.996 10.8 such
296.604 197.564 9.996 10.8 as
312.432 197.564 21.996 10.8 their
340.2 197.564 33.36 10.8 quality
379.356 197.564 9.996 10.8 of
395.124 197.564 60.672 10.8 shareholders
461.556 197.564 9.996 10.8 or
477.384 197.564 46.944 10.8 members,

106.32 211.364 29.328 10.8 which
140.268 211.364 20.568 10.8 may
165.516 211.364 26.688 10.8 result
196.812 211.364 9.336 10.8 in
210.78 211.364 55.236 10.8 preferential
270.624 211.364 30.564 10.8 access
305.82 211.364 9.336 10.8 to
319.788 211.364 14.628 10.8 the
339.036 211.364 31.332 10.8 results
375.012 211.364 9.996 10.8 of
389.58 211.364 14.628 10.8 the
408.768 211.364 42.996 10.8 research,
456.384 211.364 31.956 10.8 should
492.972 211.364 15.336 10.8 not
512.94 211.364 11.268 10.8 be

106.32 225.164 52.02 10.8 considered
161.34 225.164 39.948 10.8 research
204.288 225.164 63.996 10.8 organisations
271.284 225.164 13.992 10.8 for
288.26 225.164 14.664 10.8 the
305.948 225.164 42.636 10.8 purposes
351.584 225.164 9.996 10.8 of
364.58 225.164 17.34 10.8 this
384.944 225.164 47.616 10.8 Directive.

70.86 244.964 19.992 10.8 (12)
106.32 244.964 9.996 10.8 In
121.308 244.964 23.352 10.8 view
149.604 244.964 9.996 10.8 of
164.532 244.964 5.328 10.8 a
174.84 244.964 51.288 10.8 potentially
231.096 244.964 21.336 10.8 high
257.424 244.964 36.624 10.8 number
299.04 244.964 9.996 10.8 of
313.968 244.964 30.672 10.8 access
349.584 244.964 39.348 10.8 requests
393.9 244.964 9.336 10.8 to
408.168 244.964 17.328 10.8 and
430.476 244.964 51.996 10.8 downloads
487.464 244.964 9.996 10.8 of
502.392 244.964 21.936 10.8 their

106.32 258.764 29.328 10.8 works
138.648 258.764 9.996 10.8 or
151.668 258.764 24.684 10.8 other
179.352 258.764 71.696 10.8 subject-matter,
254.048 258.764 57.96 10.8 rightholders
315.032 258.764 32.004 10.8 should
350.036 258.764 11.328 10.8 be
364.364 258.764 38.028 10.8 allowed
405.392 258.764 9.336 10.8 to
417.728 258.764 26.7 10.8 apply
447.476 258.764 44.652 10.8 measures
495.128 258.764 29.316 10.8 where

106.32 272.564 24.012 10.8 there
133.764 272.564 8.004 10.8 is
145.272 272.564 18 10.8 risk
166.68 272.564 18.024 10.8 that
188.196 272.564 14.628 10.8 the
206.304 272.564 37.992 10.8 security
247.788 272.564 17.328 10.8 and
268.536 272.564 40.692 10.8 integrity
312.72 272.564 9.996 10.8 of
326.148 272.564 14.9 10.8 the
344.468 272.564 33.372 10.8 system
381.224 272.564 9.996 10.8 or
394.712 272.564 46.008 10.8 databases
444.188 272.564 29.316 10.8 where
476.996 272.564 14.664 10.8 the
495.152 272.564 29.268 10.8 works

106.32 286.364 9.996 10.8 or
120.708 286.364 24.66 10.8 other
149.736 286.364 68.636 10.8 subject-matter
222.704 286.364 14.676 10.8 are
241.76 286.364 31.308 10.8 hosted
277.376 286.364 30 10.8 would
311.744 286.364 11.328 10.8 be
327.452 286.364 58.296 10.8 jeopardised.
390.056 286.364 29.256 10.8 Those
423.704 286.364 44.604 10.8 measures
472.688 286.364 32.028 10.8 should
509.024 286.364 15.276 10.8 not

106.32 300.164 33.336 10.8 exceed
143.136 300.164 23.328 10.8 what
169.884 300.164 8.004 10.8 is
181.392 300.164 46.584 10.8 necessary
231.408 300.164 9.336 10.8 to
244.236 300.164 31.992 10.8 pursue
279.624 300.164 14.628 10.8 the
297.732 300.164 43.944 10.8 objective
345.096 300.164 9.996 10.8 of
358.524 300.164 41.364 10.8 ensuring
403.32 300.164 14.664 10.8 the
421.476 300.164 37.968 10.8 security
462.852 300.164 17.328 10.8 and
483.66 300.164 40.62 10.8 integrity

106.32 313.964 9.996 10.8 of
119.28 313.964 14.664 10.8 the
136.968 313.964 33.324 10.8 system
173.292 313.964 17.328 10.8 and
193.62 313.964 32.004 10.8 should
228.624 313.964 15.336 10.8 not
246.984 313.964 51.204 10.8 undermine
301.212 313.964 14.664 10.8 the
318.9 313.964 42.056 10.8 effective
363.956 313.964 53.328 10.8 application
420.284 313.964 9.996 10.8 of
433.28 313.964 14.664 10.8 the
450.944 313.964 49.62 10.8 exception.

70.86 333.764 19.992 10.8 (13)
106.32 333.764 27.984 10.8 There
138.576 333.764 8.004 10.8 is
150.864 333.764 12 10.8 no
167.112 333.764 22.656 10.8 need
194.04 333.764 9.336 10.8 to
207.648 333.764 36.624 10.8 provide
248.544 333.764 13.992 10.8 for
266.772 333.764 66.708 10.8 compensation
337.668 333.764 13.992 10.8 for
355.896 333.764 58.032 10.8 rightholders
418.2 333.764 9.996 10.8 as
432.468 333.764 35.292 10.8 regards
472.032 333.764 20.664 10.8 uses
496.968 333.764 27.324 10.8 under

106.32 347.564 14.664 10.8 the
124.896 347.564 18.024 10.8 text
146.832 347.564 17.328 10.8 and
168 347.564 20.016 10.8 data
191.976 347.564 33.948 10.8 mining
229.812 347.564 46.716 10.8 exception
280.356 347.564 51.36 10.8 introduced
335.592 347.564 12 10.8 by
351.48 347.564 17.376 10.8 this
372.756 347.564 44.676 10.8 Directive
421.332 347.564 26.688 10.8 given
451.908 347.564 17.964 10.8 that
473.784 347.564 9.336 10.8 in
487.032 347.564 23.352 10.8 view
514.248 347.564 9.996 10.8 of

106.32 361.364 14.664 10.8 the
124.008 361.364 29.952 10.8 nature
156.984 361.364 17.28 10.8 and
177.264 361.364 27.324 10.8 scope
207.612 361.364 9.996 10.8 of
220.608 361.364 14.664 10.8 the
238.272 361.364 46.596 10.8 exception
287.868 361.364 14.664 10.8 the
305.556 361.364 24.776 10.8 harm
333.26 361.364 32.028 10.8 should
368.288 361.364 11.328 10.8 be
382.616 361.364 42.888 10.8 minimal.

70.86 381.164 19.992 10.8 (14)
106.32 381.164 33.312 10.8 Article
146.904 381.164 33.252 10.8 5(3)(a)
187.392 381.164 9.996 10.8 of
204.6 381.164 44.676 10.8 Directive
256.476 381.164 58.008 10.8 2001/29/EC
321.684 381.164 31.32 10.8 allows
360.24 381.164 40.584 10.8 Member
408.096 381.164 28.668 10.8 States
443.964 381.164 9.336 10.8 to
460.512 381.164 45.36 10.8 introduce
513.108 381.164 11.28 10.8 an

106.32 394.964 46.644 10.8 exception
156.576 394.964 9.996 10.8 or
170.124 394.964 46.68 10.8 limitation
220.416 394.964 9.336 10.8 to
233.304 394.964 14.664 10.8 the
251.58 394.964 27.312 10.8 rights
282.456 394.964 9.996 10.8 of
296.004 394.964 64.368 10.8 reproduction,
363.948 394.964 74.676 10.8 communication
442.212 394.964 9.336 10.8 to
455.16 394.964 14.628 10.8 the
473.388 394.964 30.036 10.8 public
507.024 394.964 17.28 10.8 and

106.32 408.764 35.928 10.8 making
146.436 408.764 43.38 10.8 available
194.028 408.764 9.336 10.8 to
207.576 408.764 14.628 10.8 the
226.404 408.764 30.036 10.8 public
260.64 408.764 13.992 10.8 for
278.808 408.764 14.664 10.8 the
297.684 408.764 19.332 10.8 sole
321.24 408.764 37.956 10.8 purpose
363.408 408.764 12.96 10.8 of,
380.556 408.764 32.676 10.8 among
417.42 408.764 32.656 10.8 others,
454.276 408.764 51.984 10.8 illustration
510.472 408.764 13.992 10.8 for

106.32 422.584 43.644 10.8 teaching.
153.516 422.584 9.996 10.8 In
167.064 422.584 42.36 10.8 addition,
212.94 422.584 38.004 10.8 Articles
254.484 422.584 33.936 10.8 6(2)(b)
291.972 422.584 17.328 10.8 and
312.84 422.584 19.992 10.8 9(b)
336.396 422.584 9.996 10.8 of
349.884 422.584 44.7 10.8 Directive
398.076 422.584 40.044 10.8 96/9/EC
441.612 422.584 31.212 10.8 permit
476.388 422.584 14.664 10.8 the
494.604 422.584 15.996 10.8 use
514.212 422.584 9.996 10.8 of

106.32 436.324 5.328 10.8 a
115.848 436.324 41.34 10.8 database
161.364 436.324 17.28 10.8 and
182.832 436.324 14.664 10.8 the
201.708 436.324 48.036 10.8 extraction
253.932 436.324 9.996 10.8 or
268.14 436.324 62.096 10.8 re-utilization
334.424 436.324 9.936 10.8 of
348.512 436.324 5.328 10.8 a
358.04 436.324 51.396 10.8 substantial
413.624 436.324 18.684 10.8 part
436.52 436.324 9.996 10.8 of
450.668 436.324 11.376 10.8 its
466.184 436.324 40.044 10.8 contents
510.428 436.324 13.992 10.8 for

106.32 450.124 14.664 10.8 the
124.236 450.124 37.992 10.8 purpose
165.384 450.124 9.996 10.8 of
178.572 450.124 52.044 10.8 illustration
233.808 450.124 13.992 10.8 for
251.016 450.124 43.608 10.8 teaching.
297.852 450.124 18.66 10.8 The
319.74 450.124 27.324 10.8 scope
350.268 450.124 9.996 10.8 of
363.62 450.124 25.332 10.8 those
392.216 450.124 51.276 10.8 exceptions
446.732 450.124 9.996 10.8 or
459.92 450.124 51.312 10.8 limitations
514.412 450.124 9.996 10.8 as

106.32 463.924 20.688 10.8 they
130.296 463.924 26.616 10.8 apply
160.164 463.924 9.336 10.8 to
172.752 463.924 30.672 10.8 digital
206.7 463.924 20.664 10.8 uses
230.628 463.924 8.004 10.8 is
241.896 463.924 38.316 10.8 unclear.
283.404 463.924 9.996 10.8 In
296.712 463.924 42.324 10.8 addition,
342.228 463.924 24.012 10.8 there
369.504 463.924 8.004 10.8 is
380.772 463.924 5.328 10.8 a
389.34 463.924 19.968 10.8 lack
412.596 463.924 9.996 10.8 of
425.844 463.924 30.672 10.8 clarity
459.708 463.924 9.996 10.8 as
473.016 463.924 9.336 10.8 to
485.604 463.924 38.652 10.8 whether

106.32 477.724 25.332 10.8 those
136.716 477.724 51.324 10.8 exceptions
193.08 477.724 9.996 10.8 or
208.128 477.724 51.324 10.8 limitations
264.492 477.724 30 10.8 would
299.52 477.724 26.688 10.8 apply
331.236 477.724 29.316 10.8 where
365.604 477.724 40.656 10.8 teaching
411.252 477.724 8.004 10.8 is
424.32 477.724 42.696 10.8 provided
471.996 477.724 30.036 10.8 online
507.072 477.724 17.28 10.8 and

106.32 491.524 36.036 10.8 thereby
146.004 491.524 8.664 10.8 at
158.4 491.524 5.328 10.8 a
167.388 491.524 42.324 10.8 distance.
213.444 491.524 50.316 10.8 Moreover,
267.408 491.524 14.664 10.8 the
285.756 491.524 38.028 10.8 existing
327.68 491.524 52.548 10.8 framework
383.936 491.524 21.996 10.8 does
409.664 491.524 15.336 10.8 not
428.732 491.524 36.588 10.8 provide
469.04 491.524 13.992 10.8 for
486.728 491.524 5.328 10.8 a
495.776 491.524 28.76 10.8 cross-

106.32 505.324 31.344 10.8 border
144.276 505.324 30.288 10.8 effect.
181.152 505.324 21.336 10.8 This
209.04 505.324 41.364 10.8 situation
257.016 505.324 20.568 10.8 may
284.184 505.324 35.904 10.8 hamper
326.7 505.324 14.664 10.8 the
347.976 505.324 61.932 10.8 development
416.52 505.324 9.996 10.8 of
433.068 505.324 91.48 10.8 digitally-supported

106.32 519.124 40.644 10.8 teaching
154.596 519.124 43.332 10.8 activities
205.524 519.124 17.328 10.8 and
230.412 519.124 39.372 10.8 distance
277.368 519.124 42.348 10.8 learning.
327.324 519.124 50.256 10.8 Therefore,
385.2 519.124 14.664 10.8 the
407.448 519.124 58.704 10.8 introduction
473.724 519.124 9.996 10.8 of
491.292 519.124 5.328 10.8 a
504.24 519.124 20.052 10.8 new

106.32 532.924 51.264 10.8 mandatory
168.156 532.924 46.644 10.8 exception
225.312 532.924 9.996 10.8 or
245.88 532.924 46.632 10.8 limitation
303.084 532.924 8.004 10.8 is
321.612 532.924 46.656 10.8 necessary
378.756 532.924 9.336 10.8 to
398.604 532.924 31.356 10.8 ensure
440.68 532.924 17.964 10.8 that
469.216 532.924 55.32 10.8 educational

106.32 546.724 70.632 10.8 establishments
181.932 546.724 33.324 10.8 benefit
220.248 546.724 23.328 10.8 from
248.496 546.724 16.668 10.8 full
270.144 546.724 23.352 10.8 legal
298.488 546.724 41.964 10.8 certainty
345.384 546.724 25.992 10.8 when
376.332 546.724 26.004 10.8 using
407.328 546.724 29.328 10.8 works
441.636 546.724 9.996 10.8 or
456.624 546.724 24.684 10.8 other
486.3 546.724 38.236 10.8 subject-

106.32 560.524 30.612 10.8 matter
139.932 560.524 9.372 10.8 in
152.304 560.524 30.672 10.8 digital
185.976 560.524 40.656 10.8 teaching
229.584 560.524 46.332 10.8 activities,
278.94 560.524 45.324 10.8 including
327.264 560.524 29.928 10.8 online
360.216 560.524 17.328 10.8 and
380.544 560.524 29.928 10.8 across
413.472 560.524 39.024 10.8 borders.

70.86 580.324 19.992 10.8 (15)
106.32 580.324 29.316 10.8 While
138.936 580.324 39.276 10.8 distance
181.524 580.324 39.336 10.8 learning
224.088 580.324 17.328 10.8 and
244.716 580.324 60.068 10.8 cross-border
308.096 580.324 46.56 10.8 education
357.944 580.324 59.844 10.8 programmes
421.1 580.324 14.676 10.8 are
439.136 580.324 32.676 10.8 mostly
475.1 580.324 49.424 10.8 developed

106.32 594.124 8.664 10.8 at
121.116 594.124 30.66 10.8 higher
157.884 594.124 46.644 10.8 education
210.6 594.124 26.328 10.8 level,
243.048 594.124 30.624 10.8 digital
279.744 594.124 23.376 10.8 tools
309.24 594.124 17.328 10.8 and
332.628 594.124 45.336 10.8 resources
384.024 594.124 14.652 10.8 are
404.772 594.124 58.584 10.8 increasingly
469.488 594.124 21.996 10.8 used
497.616 594.124 8.616 10.8 at
512.304 594.124 12.024 10.8 all

106.32 607.924 46.68 10.8 education
158.496 607.924 30.996 10.8 levels,
195.024 607.924 9.336 10.8 in
209.892 607.924 45.972 10.8 particular
261.396 607.924 9.336 10.8 to
276.264 607.924 39.924 10.8 improve
321.72 607.924 17.328 10.8 and
344.568 607.924 30.036 10.8 enrich
380.112 607.924 14.664 10.8 the
400.248 607.924 39.312 10.8 learning
445.092 607.924 54.912 10.8 experience.
505.536 607.924 18.66 10.8 The

106.32 621.724 46.644 10.8 exception
158.976 621.724 9.996 10.8 or
174.984 621.724 46.68 10.8 limitation
227.616 621.724 42.696 10.8 provided
276.312 621.724 13.992 10.8 for
296.28 621.724 9.336 10.8 in
311.628 621.724 17.376 10.8 this
335.004 621.724 44.676 10.8 Directive
385.68 621.724 31.956 10.8 should
423.648 621.724 43.26 10.8 therefore
472.92 621.724 33.324 10.8 benefit
512.256 621.724 12.28 10.8 all

106.32 635.524 55.344 10.8 educational
165.636 635.524 70.632 10.8 establishments
240.288 635.524 9.336 10.8 in
253.656 635.524 40.956 10.8 primary,
298.62 635.524 51.672 10.8 secondary,
354.276 635.524 50.028 10.8 vocational
408.312 635.524 17.328 10.8 and
429.66 635.524 30.66 10.8 higher
464.328 635.524 46.716 10.8 education
515.052 635.524 9.336 10.8 to

106.32 649.324 14.664 10.8 the
125.616 649.324 29.304 10.8 extent
159.492 649.324 20.628 10.8 they
184.74 649.324 32.016 10.8 pursue
221.316 649.324 22.02 10.8 their
247.932 649.324 55.32 10.8 educational
307.86 649.324 35.988 10.8 activity
348.396 649.324 13.992 10.8 for
366.984 649.324 5.328 10.8 a
376.932 649.324 78.796 10.8 non-commercial
460.3 649.324 41.016 10.8 purpose.
505.936 649.324 18.588 10.8 The

106.32 663.124 67.98 10.8 organisational
178.032 663.124 41.952 10.8 structure
223.656 663.124 17.328 10.8 and
244.704 663.124 14.664 10.8 the
263.1 663.124 30.564 10.8 means
297.396 663.124 9.996 10.8 of
311.064 663.124 37.368 10.8 funding
352.14 663.124 9.996 10.8 of
365.808 663.124 11.328 10.8 an
380.856 663.124 55.332 10.8 educational
439.92 663.124 65.892 10.8 establishment
509.544 663.124 15.004 10.8 are

106.32 676.924 15.336 10.8 not
124.656 676.924 14.7 10.8 the
142.356 676.924 39.264 10.8 decisive
184.644 676.924 32.616 10.8 factors
220.26 676.924 9.336 10.8 to
232.596 676.924 47.928 10.8 determine
283.548 676.924 14.664 10.8 the
301.236 676.924 78.644 10.8 non-commercial
382.904 676.924 29.952 10.8 nature
415.88 676.924 9.996 10.8 of
428.876 676.924 14.664 10.8 the
446.54 676.924 38.988 10.8 activity.

70.86 696.744 19.992 10.8 (16)
106.32 696.744 18.66 10.8 The
127.98 696.744 46.668 10.8 exception
177.648 696.744 9.996 10.8 or
190.644 696.744 46.704 10.8 limitation
240.348 696.744 32.028 10.8 should
275.376 696.744 26.676 10.8 cover
305.076 696.744 30.672 10.8 digital
338.724 696.744 20.664 10.8 uses
362.412 696.744 9.996 10.8 of
375.408 696.744 29.34 10.8 works
407.748 696.744 17.328 10.8 and
428.076 696.744 24.696 10.8 other
455.796 696.744 68.812 10.8 subject-matter

106.32 710.544 21.996 10.8 such
133.188 710.544 9.996 10.8 as
148.056 710.544 14.664 10.8 the
167.592 710.544 15.996 10.8 use
188.46 710.544 9.996 10.8 of
203.268 710.544 23.352 10.8 parts
231.504 710.544 9.996 10.8 or
246.372 710.544 37.368 10.8 extracts
288.516 710.544 9.996 10.8 of
303.384 710.544 29.328 10.8 works
337.572 710.544 9.336 10.8 to
351.78 710.544 39.024 10.8 support,
395.676 710.544 30.036 10.8 enrich
430.56 710.544 9.996 10.8 or
445.428 710.544 59.184 10.8 complement
509.484 710.544 15.064 10.8 the

106.32 724.344 43.644 10.8 teaching,
156.036 724.344 45.324 10.8 including
207.432 724.344 14.664 10.8 the
228.12 724.344 32.7 10.8 related
266.844 724.344 39.336 10.8 learning
312.228 724.344 46.296 10.8 activities.
364.584 724.344 18.66 10.8 The
389.292 724.344 15.996 10.8 use
411.36 724.344 9.996 10.8 of
427.368 724.344 14.664 10.8 the
448.104 724.344 29.376 10.8 works
483.54 724.344 9.996 10.8 or
499.608 724.344 24.624 10.8 other

106.32 738.144 68.672 10.8 subject-matter
180.884 738.144 27.276 10.8 under
214.052 738.144 14.628 10.8 the
234.56 738.144 46.656 10.8 exception
287.024 738.144 9.996 10.8 or
302.852 738.144 46.644 10.8 limitation
355.364 738.144 32.028 10.8 should
393.2 738.144 11.328 10.8 be
410.408 738.144 21.336 10.8 only
437.576 738.144 9.336 10.8 in
452.744 738.144 14.664 10.8 the
473.3 738.144 35.304 10.8 context
514.436 738.144 9.936 10.8 of

28.38 784.188 33.348 22.2 EN

291.62 793.224 12 10.8 16

533.62 784.188 33.348 22.2 EN

106.32 59.544 40.644 10.8 teaching
152.616 59.544 17.28 10.8 and
175.524 59.544 39.312 10.8 learning
220.428 59.544 43.332 10.8 activities
269.424 59.544 33.276 10.8 carried
308.268 59.544 15.336 10.8 out
329.256 59.544 27.264 10.8 under
362.172 59.544 14.664 10.8 the
382.44 59.544 65.34 10.8 responsibility
453.444 59.544 9.996 10.8 of
468.972 59.544 55.344 10.8 educational

106.32 73.344 73.644 10.8 establishments,
183.324 73.344 45.336 10.8 including
231.972 73.344 31.368 10.8 during
266.688 73.344 66.924 10.8 examinations,
336.972 73.344 17.328 10.8 and
357.66 73.344 11.328 10.8 be
372.348 73.344 33.936 10.8 limited
409.632 73.344 9.336 10.8 to
422.34 73.344 23.328 10.8 what
449.028 73.344 8.004 10.8 is
460.356 73.344 46.668 10.8 necessary
510.372 73.344 13.992 10.8 for

106.32 87.144 14.664 10.8 the
126.396 87.144 37.956 10.8 purpose
169.704 87.144 9.996 10.8 of
185.052 87.144 21.996 10.8 such
212.46 87.144 46.332 10.8 activities.
264.168 87.144 18.66 10.8 The
288.156 87.144 46.644 10.8 exception
340.152 87.144 9.996 10.8 or
355.56 87.144 46.596 10.8 limitation
407.544 87.144 32.028 10.8 should
444.96 87.144 26.604 10.8 cover
476.976 87.144 21.336 10.8 both
503.664 87.144 20.616 10.8 uses

106.32 100.944 37.368 10.8 through
150.216 100.944 30.564 10.8 digital
187.332 100.944 30.564 10.8 means
224.388 100.944 9.336 10.8 in
240.276 100.944 14.628 10.8 the
261.444 100.944 48.6 10.8 classroom
316.5 100.944 17.328 10.8 and
340.368 100.944 30.036 10.8 online
376.884 100.944 20.664 10.8 uses
404.052 100.944 37.368 10.8 through
447.888 100.944 14.628 10.8 the
469.056 100.944 55.32 10.8 educational

106.32 114.744 72.776 10.8 establishment's
184.136 114.744 30.672 10.8 secure
219.752 114.744 47.34 10.8 electronic
272.108 114.744 42.288 10.8 network,
319.424 114.744 14.628 10.8 the
339.032 114.744 30.672 10.8 access
374.708 114.744 9.336 10.8 to
389.096 114.744 29.268 10.8 which
423.392 114.744 31.956 10.8 should
460.34 114.744 11.328 10.8 be
476.708 114.744 47.592 10.8 protected,

106.32 128.544 36.024 10.8 notably
151.356 128.544 12 10.8 by
172.344 128.544 67.944 10.8 authentication
249.336 128.544 55.584 10.8 procedures.
313.98 128.544 18.66 10.8 The
341.568 128.544 46.644 10.8 exception
397.224 128.544 9.996 10.8 or
416.292 128.544 46.596 10.8 limitation
471.936 128.544 32.028 10.8 should
512.892 128.544 11.328 10.8 be

106.32 142.364 53.352 10.8 understood
163.524 142.364 9.996 10.8 as
177.432 142.364 42.024 10.8 covering
223.308 142.364 14.664 10.8 the
241.884 142.364 37.32 10.8 specific
283.092 142.364 59.376 10.8 accessibility
346.296 142.364 27.324 10.8 needs
377.532 142.364 9.996 10.8 of
391.38 142.364 36.684 10.8 persons
431.976 142.364 21.336 10.8 with
457.224 142.364 5.328 10.8 a
466.392 142.364 44.712 10.8 disability
514.968 142.364 9.336 10.8 in

106.32 156.164 14.664 10.8 the
124.008 156.164 35.328 10.8 context
162.288 156.164 9.996 10.8 of
175.248 156.164 52.052 10.8 illustration
230.3 156.164 13.992 10.8 for
247.292 156.164 43.644 10.8 teaching.

70.86 175.964 19.992 10.8 (17)
106.32 175.964 43.932 10.8 Different
153.924 175.964 67.536 10.8 arrangements,
225.12 175.964 27.348 10.8 based
256.116 175.964 12 10.8 on
271.704 175.964 14.664 10.8 the
289.992 175.964 75.3 10.8 implementation
368.964 175.964 9.996 10.8 of
382.572 175.964 14.628 10.8 the
400.86 175.964 46.644 10.8 exception
451.116 175.964 42.648 10.8 provided
497.412 175.964 13.992 10.8 for
514.98 175.964 9.336 10.8 in

106.32 189.764 44.676 10.8 Directive
154.236 189.764 57.984 10.8 2001/29/EC
215.412 189.764 9.996 10.8 or
228.6 189.764 12 10.8 on
243.828 189.764 43.26 10.8 licensing
290.316 189.764 54.6 10.8 agreements
348.132 189.764 41.988 10.8 covering
393.36 189.764 32.652 10.8 further
429.228 189.764 23.688 10.8 uses,
456.024 189.764 14.676 10.8 are
473.88 189.764 9.336 10.8 in
486.468 189.764 25.284 10.8 place
514.944 189.764 9.336 10.8 in

106.32 203.564 5.328 10.8 a
115.488 203.564 36.564 10.8 number
155.904 203.564 9.996 10.8 of
169.752 203.564 40.584 10.8 Member
214.188 203.564 28.704 10.8 States
246.684 203.564 9.336 10.8 in
259.872 203.564 25.32 10.8 order
288.96 203.564 9.336 10.8 to
302.148 203.564 41.988 10.8 facilitate
347.916 203.564 55.528 10.8 educational
407.236 203.564 20.664 10.8 uses
431.752 203.564 9.996 10.8 of
445.54 203.564 29.328 10.8 works
478.708 203.564 17.328 10.8 and
499.876 203.564 24.66 10.8 other

106.32 217.364 71.672 10.8 subject-matter.
181.664 217.364 24 10.8 Such
209.312 217.364 64.584 10.8 arrangements
277.556 217.364 22.656 10.8 have
303.884 217.364 34.668 10.8 usually
342.212 217.364 22.656 10.8 been
368.54 217.364 49.296 10.8 developed
421.496 217.364 30.024 10.8 taking
455.192 217.364 37.272 10.8 account
496.148 217.364 9.996 10.8 of
509.756 217.364 14.628 10.8 the

106.32 231.164 27.324 10.8 needs
138.396 231.164 9.996 10.8 of
153.084 231.164 55.272 10.8 educational
213.108 231.164 70.524 10.8 establishments
288.372 231.164 17.328 10.8 and
310.44 231.164 41.244 10.8 different
356.436 231.164 27.984 10.8 levels
389.16 231.164 9.996 10.8 of
403.788 231.164 49.68 10.8 education.
458.124 231.164 41.952 10.8 Whereas
504.828 231.164 6.672 10.8 it
516.156 231.164 8.004 10.8 is

106.32 244.964 41.352 10.8 essential
153.204 244.964 9.336 10.8 to
168.072 244.964 49.92 10.8 harmonise
223.596 244.964 14.664 10.8 the
243.852 244.964 27.324 10.8 scope
276.768 244.964 9.936 10.8 of
292.236 244.964 14.664 10.8 the
312.492 244.964 19.992 10.8 new
338.04 244.964 51.264 10.8 mandatory
394.896 244.964 46.924 10.8 exception
447.388 244.964 9.936 10.8 or
462.916 244.964 46.656 10.8 limitation
515.08 244.964 9.336 10.8 in

106.32 258.764 36.684 10.8 relation
151.176 258.764 9.336 10.8 to
168.684 258.764 30.672 10.8 digital
207.552 258.764 20.616 10.8 uses
236.4 258.764 17.328 10.8 and
261.888 258.764 60.092 10.8 cross-border
330.128 258.764 40.656 10.8 teaching
378.956 258.764 46.356 10.8 activities,
433.472 258.764 14.664 10.8 the
456.32 258.764 49.992 10.8 modalities
514.472 258.764 9.996 10.8 of

106.32 272.564 75.3 10.8 implementation
185.412 272.564 20.568 10.8 may
209.76 272.564 26.652 10.8 differ
240.216 272.564 23.328 10.8 from
267.204 272.564 5.328 10.8 a
276.312 272.564 40.584 10.8 Member
320.688 272.564 24.036 10.8 State
348.444 272.564 9.336 10.8 to
361.572 272.564 38.964 10.8 another,
404.208 272.564 9.336 10.8 to
417.336 272.564 14.664 10.8 the
435.744 272.564 29.328 10.8 extent
468.792 272.564 20.688 10.8 they
493.248 272.564 12 10.8 do
508.956 272.564 15.336 10.8 not

106.32 286.364 35.904 10.8 hamper
146.856 286.364 14.664 10.8 the
166.152 286.364 41.952 10.8 effective
212.736 286.364 53.316 10.8 application
270.672 286.364 9.996 10.8 of
285.18 286.364 14.664 10.8 the
304.476 286.364 46.656 10.8 exception
355.704 286.364 9.996 10.8 or
370.332 286.364 46.596 10.8 limitation
421.536 286.364 9.996 10.8 or
436.42 286.364 59.964 10.8 cross-border
501.016 286.364 23.616 10.8 uses.

106.32 300.164 21.336 10.8 This
131.628 300.164 32.028 10.8 should
167.544 300.164 26.688 10.8 allow
198.18 300.164 40.656 10.8 Member
242.808 300.164 28.668 10.8 States
275.436 300.164 9.336 10.8 to
288.684 300.164 24.708 10.8 build
317.34 300.164 12 10.8 on
333.288 300.164 14.628 10.8 the
351.876 300.164 38.028 10.8 existing
393.852 300.164 64.596 10.8 arrangements
462.408 300.164 49.356 10.8 concluded
515.724 300.164 8.616 10.8 at

106.32 313.964 38.688 10.8 national
148.776 313.964 26.316 10.8 level.
178.86 313.964 9.996 10.8 In
192.648 313.964 48.972 10.8 particular,
245.412 313.964 40.632 10.8 Member
289.836 313.964 28.704 10.8 States
322.332 313.964 26.616 10.8 could
352.74 313.964 31.356 10.8 decide
387.876 313.964 9.336 10.8 to
400.944 313.964 34.02 10.8 subject
438.768 313.964 14.628 10.8 the
457.176 313.964 53.304 10.8 application
514.248 313.964 9.996 10.8 of

106.32 327.764 14.664 10.8 the
125.136 327.764 46.56 10.8 exception
175.824 327.764 9.996 10.8 or
189.912 327.764 49.596 10.8 limitation,
243.636 327.764 22.668 10.8 fully
270.444 327.764 9.936 10.8 or
284.472 327.764 42.984 10.8 partially,
331.548 327.764 9.336 10.8 to
344.976 327.764 14.664 10.8 the
363.792 327.764 54.124 10.8 availability
422.068 327.764 9.996 10.8 of
436.156 327.764 42.576 10.8 adequate
482.812 327.764 41.664 10.8 licences,

106.32 341.564 42.024 10.8 covering
151.776 341.564 8.616 10.8 at
163.824 341.564 21.996 10.8 least
189.252 341.564 14.664 10.8 the
207.348 341.564 24.612 10.8 same
235.356 341.564 20.664 10.8 uses
259.452 341.564 9.996 10.8 as
272.88 341.564 25.296 10.8 those
301.608 341.564 38.016 10.8 allowed
342.984 341.564 27.324 10.8 under
373.74 341.564 14.664 10.8 the
391.836 341.564 49.644 10.8 exception.
444.912 341.564 21.288 10.8 This
469.68 341.564 54.588 10.8 mechanism

106.32 355.364 33 10.8 would,
145.368 355.364 13.992 10.8 for
165.336 355.364 43.608 10.8 example,
214.992 355.364 26.664 10.8 allow
247.68 355.364 30.708 10.8 giving
284.316 355.364 53.952 10.8 precedence
344.28 355.364 9.336 10.8 to
359.688 355.364 38.616 10.8 licences
404.316 355.364 13.992 10.8 for
424.344 355.364 43.968 10.8 materials
474.336 355.364 29.328 10.8 which
509.664 355.364 14.676 10.8 are

106.32 369.164 44.664 10.8 primarily
154.812 369.164 41.292 10.8 intended
199.92 369.164 13.992 10.8 for
217.728 369.164 14.628 10.8 the
236.196 369.164 55.284 10.8 educational
295.332 369.164 36.276 10.8 market.
335.436 369.164 9.996 10.8 In
349.224 369.164 25.344 10.8 order
378.36 369.164 9.336 10.8 to
391.548 369.164 26.616 10.8 avoid
422.016 369.164 18.22 10.8 that
444.088 369.164 21.996 10.8 such
469.876 369.164 54.672 10.8 mechanism

106.32 382.964 31.356 10.8 results
142.716 382.964 9.336 10.8 in
157.044 382.964 23.328 10.8 legal
185.412 382.964 53.916 10.8 uncertainty
244.38 382.964 9.996 10.8 or
259.428 382.964 68.616 10.8 administrative
333.084 382.964 33.288 10.8 burden
371.4 382.964 13.992 10.8 for
390.408 382.964 55.272 10.8 educational
450.732 382.964 73.584 10.8 establishments,

106.32 396.764 40.584 10.8 Member
151.416 396.764 28.704 10.8 States
184.632 396.764 42 10.8 adopting
231.06 396.764 17.376 10.8 this
252.936 396.764 43.956 10.8 approach
301.392 396.764 32.028 10.8 should
337.908 396.764 19.992 10.8 take
362.376 396.764 40.632 10.8 concrete
407.46 396.764 44.604 10.8 measures
456.564 396.764 9.336 10.8 to
470.412 396.764 31.356 10.8 ensure
506.268 396.764 18 10.8 that

106.32 410.564 43.332 10.8 licensing
155.976 410.564 40.536 10.8 schemes
202.884 410.564 41.988 10.8 allowing
251.22 410.564 30.672 10.8 digital
288.168 410.564 20.664 10.8 uses
315.144 410.564 9.996 10.8 of
331.452 410.564 29.376 10.8 works
367.128 410.564 9.996 10.8 or
383.436 410.564 24.684 10.8 other
414.432 410.564 68.812 10.8 subject-matter
489.556 410.564 13.992 10.8 for
509.824 410.564 14.736 10.8 the

106.32 424.324 38.016 10.8 purpose
153.036 424.324 9.996 10.8 of
171.684 424.324 52.032 10.8 illustration
232.368 424.324 13.992 10.8 for
255.036 424.324 40.68 10.8 teaching
304.392 424.324 14.676 10.8 are
327.768 424.324 27.948 10.8 easily
364.404 424.324 43.248 10.8 available
416.352 424.324 17.328 10.8 and
442.38 424.324 18 10.8 that
469.008 424.324 55.284 10.8 educational

106.32 438.124 70.632 10.8 establishments
179.952 438.124 14.688 10.8 are
197.592 438.124 28.644 10.8 aware
229.236 438.124 9.996 10.8 of
242.172 438.124 14.664 10.8 the
259.86 438.124 44.652 10.8 existence
307.548 438.124 9.996 10.8 of
320.544 438.124 21.924 10.8 such
345.468 438.124 43.332 10.8 licensing
391.8 438.124 43.572 10.8 schemes.

70.86 457.924 19.992 10.8 (18)
106.32 457.924 14.664 10.8 An
124.248 457.924 13.992 10.8 act
141.564 457.924 9.996 10.8 of
154.812 457.924 59.364 10.8 preservation
217.404 457.924 20.568 10.8 may
241.32 457.924 34.044 10.8 require
278.604 457.924 5.328 10.8 a
287.232 457.924 61.344 10.8 reproduction
351.828 457.924 9.996 10.8 of
365.076 457.924 5.328 10.8 a
373.704 457.924 24.708 10.8 work
401.7 457.924 9.996 10.8 or
415.008 457.924 24.684 10.8 other
443.004 457.924 68.908 10.8 subject-matter
515.164 457.924 9.336 10.8 in

106.32 471.724 14.664 10.8 the
125.48 471.724 47.28 10.8 collection
177.188 471.724 9.996 10.8 of
191.576 471.724 5.328 10.8 a
201.344 471.724 36.72 10.8 cultural
242.516 471.724 38.616 10.8 heritage
285.524 471.724 48.684 10.8 institution
338.66 471.724 17.28 10.8 and
360.368 471.724 63.336 10.8 consequently
428.132 471.724 14.664 10.8 the
447.248 471.724 62.616 10.8 authorisation
514.292 471.724 9.996 10.8 of

106.32 485.524 14.664 10.8 the
124.476 485.524 38.616 10.8 relevant
166.524 485.524 61.032 10.8 rightholders.
230.94 485.524 39.324 10.8 Cultural
273.756 485.524 38.64 10.8 heritage
315.852 485.524 53.316 10.8 institutions
372.588 485.524 14.676 10.8 are
390.684 485.524 39.936 10.8 engaged
434.112 485.524 9.336 10.8 in
446.88 485.524 14.664 10.8 the
464.988 485.524 59.256 10.8 preservation

106.32 499.324 9.996 10.8 of
121.908 499.324 22.02 10.8 their
149.592 499.324 51.936 10.8 collections
207.168 499.324 13.992 10.8 for
226.776 499.324 28.656 10.8 future
261.084 499.324 58.356 10.8 generations.
325.08 499.324 33.276 10.8 Digital
363.948 499.324 60.624 10.8 technologies
430.212 499.324 23.28 10.8 offer
459.12 499.324 19.992 10.8 new
484.728 499.324 24.66 10.8 ways
515.016 499.324 9.604 10.8 to

106.32 513.124 40.644 10.8 preserve
154.884 513.124 14.628 10.8 the
177.432 513.124 38.676 10.8 heritage
223.908 513.124 46.644 10.8 contained
278.472 513.124 9.336 10.8 in
295.68 513.124 25.332 10.8 those
328.956 513.124 51.984 10.8 collections
388.812 513.124 15.276 10.8 but
412.02 513.124 20.688 10.8 they
440.556 513.124 19.356 10.8 also
467.772 513.124 28.668 10.8 create
504.348 513.124 19.944 10.8 new

106.32 526.924 53.688 10.8 challenges.
163.836 526.924 9.996 10.8 In
177.744 526.924 23.352 10.8 view
204.96 526.924 9.996 10.8 of
218.808 526.924 24.624 10.8 these
247.344 526.924 19.992 10.8 new
271.212 526.924 53.592 10.8 challenges,
328.716 526.924 6.672 10.8 it
339.204 526.924 8.004 10.8 is
351.072 526.924 46.656 10.8 necessary
401.556 526.924 9.336 10.8 to
414.804 526.924 25.992 10.8 adapt
444.672 526.924 14.628 10.8 the
463.14 526.924 34.008 10.8 current
500.976 526.924 23.292 10.8 legal

106.32 540.724 52.596 10.8 framework
162.156 540.724 12 10.8 by
177.324 540.724 46.668 10.8 providing
227.16 540.724 5.328 10.8 a
235.728 540.724 51.264 10.8 mandatory
290.184 540.724 46.644 10.8 exception
339.96 540.724 9.336 10.8 to
352.488 540.724 14.664 10.8 the
370.344 540.724 22.704 10.8 right
396.18 540.724 9.996 10.8 of
409.308 540.724 61.368 10.8 reproduction
473.832 540.724 9.336 10.8 in
486.36 540.724 25.344 10.8 order
514.836 540.724 9.336 10.8 to

106.32 554.524 26.7 10.8 allow
136.02 554.524 25.332 10.8 those
164.28 554.524 18.696 10.8 acts
185.976 554.524 9.996 10.8 of
198.972 554.524 62.256 10.8 preservation.

70.86 574.324 19.992 10.8 (19)
106.32 574.324 43.932 10.8 Different
153.384 574.324 54.024 10.8 approaches
210.528 574.324 9.336 10.8 in
222.936 574.324 14.664 10.8 the
240.732 574.324 40.584 10.8 Member
284.448 574.324 28.704 10.8 States
316.284 574.324 13.992 10.8 for
333.372 574.324 18.696 10.8 acts
355.188 574.324 9.996 10.8 of
368.256 574.324 59.376 10.8 preservation
430.74 574.324 12 10.8 by
445.848 574.324 36.612 10.8 cultural
485.592 574.324 38.652 10.8 heritage

106.32 588.124 53.352 10.8 institutions
163.116 588.124 35.904 10.8 hamper
202.512 588.124 60.128 10.8 cross-border
266.108 588.124 56.628 10.8 cooperation
326.204 588.124 17.328 10.8 and
346.952 588.124 14.664 10.8 the
365.108 588.124 35.364 10.8 sharing
403.904 588.124 9.996 10.8 of
417.392 588.124 30.564 10.8 means
451.448 588.124 10.044 10.8 of
464.984 588.124 59.364 10.8 preservation

106.32 601.924 12 10.8 by
122.088 601.924 36.684 10.8 cultural
162.504 601.924 38.676 10.8 heritage
204.96 601.924 53.292 10.8 institutions
262.056 601.924 9.336 10.8 in
275.184 601.924 14.628 10.8 the
293.592 601.924 36.812 10.8 internal
334.136 601.924 36.276 10.8 market,
374.18 601.924 35.376 10.8 leading
413.324 601.924 9.336 10.8 to
426.452 601.924 11.328 10.8 an
441.56 601.924 49.272 10.8 inefficient
494.624 601.924 15.996 10.8 use
514.352 601.924 9.996 10.8 of

106.32 615.724 48.312 10.8 resources.

70.86 635.524 19.992 10.8 (20)
106.32 635.524 40.584 10.8 Member
152.196 635.524 28.704 10.8 States
186.192 635.524 32.028 10.8 should
223.488 635.524 43.296 10.8 therefore
272.064 635.524 11.328 10.8 be
288.612 635.524 40.044 10.8 required
333.936 635.524 9.336 10.8 to
348.504 635.524 36.696 10.8 provide
390.48 635.524 13.992 10.8 for
409.728 635.524 11.328 10.8 an
426.336 635.524 46.68 10.8 exception
478.272 635.524 9.336 10.8 to
492.9 635.524 31.332 10.8 permit

106.32 649.324 36.672 10.8 cultural
146.604 649.324 38.616 10.8 heritage
188.82 649.324 53.268 10.8 institutions
245.688 649.324 9.336 10.8 to
258.636 649.324 47.916 10.8 reproduce
310.164 649.324 29.328 10.8 works
343.032 649.324 17.328 10.8 and
363.96 649.324 24.684 10.8 other
392.196 649.324 68.776 10.8 subject-matter
464.524 649.324 59.952 10.8 permanently

106.32 663.124 9.336 10.8 in
120.828 663.124 21.984 10.8 their
147.924 663.124 51.936 10.8 collections
205.02 663.124 13.992 10.8 for
224.088 663.124 59.408 10.8 preservation
288.584 663.124 45.684 10.8 purposes,
339.38 663.124 13.992 10.8 for
358.508 663.124 40.584 10.8 example
404.204 663.124 9.336 10.8 to
418.712 663.124 35.964 10.8 address
459.788 663.124 64.656 10.8 technological

106.32 676.924 63.264 10.8 obsolescence
173.424 676.924 9.996 10.8 or
187.212 676.924 14.664 10.8 the
205.68 676.924 56.628 10.8 degradation
266.136 676.924 9.996 10.8 of
279.864 676.924 37.332 10.8 original
320.988 676.924 43.656 10.8 supports.
368.484 676.924 24 10.8 Such
396.192 676.924 11.328 10.8 an
411.36 676.924 46.596 10.8 exception
461.784 676.924 32.028 10.8 should
497.58 676.924 26.652 10.8 allow

106.32 690.724 13.992 10.8 for
123.708 690.724 14.664 10.8 the
141.804 690.724 35.928 10.8 making
181.14 690.724 9.996 10.8 of
194.508 690.724 30.684 10.8 copies
228.564 690.724 12 10.8 by
243.972 690.724 14.664 10.8 the
262.068 690.724 54.564 10.8 appropriate
320.064 690.724 59.28 10.8 preservation
382.752 690.724 21.636 10.8 tool,
407.76 690.724 30.564 10.8 means
441.756 690.724 9.996 10.8 or
455.184 690.724 56.376 10.8 technology,
514.908 690.724 9.336 10.8 in

106.32 704.544 14.664 10.8 the
124.056 704.544 39.984 10.8 required
167.04 704.544 36.588 10.8 number
206.7 704.544 17.328 10.8 and
227.028 704.544 8.768 10.8 at
238.868 704.544 17.328 10.8 any
259.196 704.544 24.672 10.8 point
286.868 704.544 9.336 10.8 in
299.264 704.544 14.664 10.8 the
316.952 704.544 15.948 10.8 life
335.96 704.544 9.996 10.8 of
348.968 704.544 5.328 10.8 a
357.356 704.544 24.66 10.8 work
385.064 704.544 9.936 10.8 or
398.072 704.544 24.624 10.8 other
425.696 704.544 68.756 10.8 subject-matter
497.524 704.544 9.336 10.8 to
509.86 704.544 14.7 10.8 the

106.32 718.344 29.352 10.8 extent
138.636 718.344 39.972 10.8 required
181.608 718.344 9.336 10.8 in
193.944 718.344 25.32 10.8 order
222.264 718.344 9.336 10.8 to
234.6 718.344 38.652 10.8 produce
276.252 718.344 5.328 10.8 a
284.544 718.344 23.328 10.8 copy
310.872 718.344 13.992 10.8 for
327.864 718.344 59.316 10.8 preservation
390.18 718.344 42.648 10.8 purposes
435.828 718.344 24.372 10.8 only.

28.38 784.188 33.348 22.2 EN

291.62 793.224 12 10.8 17

533.62 784.188 33.348 22.2 EN

70.86 59.544 19.992 10.8 (21)
106.32 59.544 16.668 10.8 For
130.788 59.544 14.664 10.8 the
153.264 59.544 42.684 10.8 purposes
203.76 59.544 9.996 10.8 of
221.508 59.544 17.376 10.8 this
246.684 59.544 47.604 10.8 Directive,
302.088 59.544 29.328 10.8 works
339.216 59.544 17.328 10.8 and
364.344 59.544 24.684 10.8 other
396.84 59.544 68.788 10.8 subject-matter
473.416 59.544 32.028 10.8 should
513.232 59.544 11.268 10.8 be

106.32 73.344 52.02 10.8 considered
162.396 73.344 9.336 10.8 to
175.764 73.344 11.328 10.8 be
191.172 73.344 60.024 10.8 permanently
255.204 73.344 9.336 10.8 in
268.632 73.344 14.756 10.8 the
287.468 73.344 47.304 10.8 collection
338.804 73.344 9.996 10.8 of
352.832 73.344 5.328 10.8 a
362.24 73.344 36.672 10.8 cultural
402.944 73.344 38.676 10.8 heritage
445.7 73.344 48.636 10.8 institution
498.404 73.344 25.92 10.8 when

106.32 87.144 30.684 10.8 copies
140.496 87.144 14.652 10.8 are
158.604 87.144 31.992 10.8 owned
194.052 87.144 9.996 10.8 or
207.54 87.144 59.952 10.8 permanently
270.984 87.144 20.688 10.8 held
295.14 87.144 12 10.8 by
310.608 87.144 14.664 10.8 the
328.764 87.144 36.66 10.8 cultural
368.892 87.144 38.616 10.8 heritage
410.988 87.144 51.684 10.8 institution,
466.104 87.144 13.992 10.8 for
483.552 87.144 40.704 10.8 example

106.32 100.944 9.996 10.8 as
119.316 100.944 5.328 10.8 a
127.668 100.944 26.64 10.8 result
157.344 100.944 9.996 10.8 of
170.244 100.944 5.328 10.8 a
178.572 100.944 36.624 10.8 transfer
218.196 100.944 9.996 10.8 of
231.192 100.944 49.98 10.8 ownership
284.172 100.944 9.996 10.8 or
297.168 100.944 33.984 10.8 licence
334.176 100.944 57.564 10.8 agreements.

70.86 120.744 19.992 10.8 (22)
106.32 120.744 39.324 10.8 Cultural
148.776 120.744 38.616 10.8 heritage
190.512 120.744 53.268 10.8 institutions
246.9 120.744 32.028 10.8 should
282.036 120.744 33.264 10.8 benefit
318.432 120.744 23.444 10.8 from
344.948 120.744 5.328 10.8 a
353.396 120.744 23.34 10.8 clear
379.832 120.744 52.608 10.8 framework
435.56 120.744 13.992 10.8 for
452.648 120.744 14.664 10.8 the
470.444 120.744 53.976 10.8 digitisation

106.32 134.564 17.328 10.8 and
130.248 134.564 69.684 10.8 dissemination,
206.52 134.564 45.276 10.8 including
258.408 134.564 29.976 10.8 across
294.984 134.564 39.036 10.8 borders,
340.548 134.564 9.996 10.8 of
357.096 134.564 83.488 10.8 out-of-commerce
447.196 134.564 29.352 10.8 works
483.16 134.564 9.996 10.8 or
499.768 134.564 24.66 10.8 other

106.32 148.364 71.672 10.8 subject-matter.
183.584 148.364 46.968 10.8 However,
236.12 148.364 14.664 10.8 the
256.376 148.364 45.984 10.8 particular
307.952 148.364 68.592 10.8 characteristics
382.1 148.364 9.996 10.8 of
397.628 148.364 14.664 10.8 the
417.884 148.364 51.984 10.8 collections
475.448 148.364 9.996 10.8 of
490.976 148.364 33.62 10.8 out-of-

106.32 162.164 49.944 10.8 commerce
160.236 162.164 29.328 10.8 works
193.584 162.164 25.896 10.8 mean
223.452 162.164 18.024 10.8 that
245.448 162.164 45.288 10.8 obtaining
294.684 162.164 14.664 10.8 the
313.32 162.164 23.304 10.8 prior
340.536 162.164 36.88 10.8 consent
381.388 162.164 9.996 10.8 of
395.296 162.164 14.664 10.8 the
413.932 162.164 48.612 10.8 individual
466.516 162.164 57.972 10.8 rightholders

106.32 175.964 20.568 10.8 may
130.836 175.964 11.328 10.8 be
146.064 175.964 21.348 10.8 very
171.3 175.964 41.676 10.8 difficult.
216.864 175.964 21.336 10.8 This
242.112 175.964 16.656 10.8 can
262.68 175.964 11.328 10.8 be
277.908 175.964 20.328 10.8 due,
302.136 175.964 13.992 10.8 for
320.004 175.964 43.656 10.8 example,
367.572 175.964 9.336 10.8 to
380.82 175.964 14.664 10.8 the
399.348 175.964 16.656 10.8 age
419.916 175.964 9.996 10.8 of
433.764 175.964 14.664 10.8 the
452.4 175.964 29.328 10.8 works
485.628 175.964 9.996 10.8 or
499.536 175.964 24.684 10.8 other

106.32 189.764 71.672 10.8 subject-matter,
184.964 189.764 21.996 10.8 their
213.932 189.764 33.876 10.8 limited
254.768 189.764 56.628 10.8 commercial
318.368 189.764 25.992 10.8 value
351.296 189.764 9.996 10.8 or
368.264 189.764 14.664 10.8 the
389.9 189.764 17.988 10.8 fact
414.848 189.764 18 10.8 that
439.796 189.764 20.664 10.8 they
467.384 189.764 23.316 10.8 were
497.672 189.764 26.652 10.8 never

106.32 203.564 41.364 10.8 intended
153.336 203.564 13.992 10.8 for
172.884 203.564 56.628 10.8 commercial
235.164 203.564 18.996 10.8 use.
259.812 203.564 7.332 10.8 It
272.808 203.564 8.004 10.8 is
286.476 203.564 43.356 10.8 therefore
335.46 203.564 46.656 10.8 necessary
387.744 203.564 9.336 10.8 to
402.94 203.564 36.696 10.8 provide
445.276 203.564 13.992 10.8 for
464.944 203.564 44.604 10.8 measures
515.188 203.564 9.336 10.8 to

106.32 217.364 41.976 10.8 facilitate
151.416 217.364 14.664 10.8 the
169.164 217.364 43.356 10.8 licensing
215.568 217.364 9.996 10.8 of
228.636 217.364 27.312 10.8 rights
259.092 217.364 9.336 10.8 in
271.5 217.364 83.384 10.8 out-of-commerce
358.016 217.364 29.328 10.8 works
390.404 217.364 18 10.8 that
411.512 217.364 14.652 10.8 are
429.26 217.364 9.336 10.8 in
441.668 217.364 14.664 10.8 the
459.416 217.364 51.984 10.8 collections
514.472 217.364 9.996 10.8 of

106.32 231.164 36.672 10.8 cultural
147.324 231.164 38.604 10.8 heritage
190.26 231.164 53.268 10.8 institutions
247.848 231.164 17.328 10.8 and
269.496 231.164 36.012 10.8 thereby
309.792 231.164 9.336 10.8 to
323.46 231.164 26.652 10.8 allow
354.396 231.164 14.664 10.8 the
373.392 231.164 51.996 10.8 conclusion
429.72 231.164 9.996 10.8 of
443.988 231.164 54.624 10.8 agreements
502.932 231.164 21.336 10.8 with

106.32 244.964 60.044 10.8 cross-border
169.364 244.964 27.252 10.8 effect
199.616 244.964 9.36 10.8 in
211.976 244.964 14.664 10.8 the
229.64 244.964 36.66 10.8 internal
269.324 244.964 36.276 10.8 market.

70.86 264.764 19.992 10.8 (23)
106.32 264.764 40.616 10.8 Member
152.588 264.764 28.752 10.8 States
186.992 264.764 35.028 10.8 should,
227.588 264.764 30.708 10.8 within
263.924 264.764 14.664 10.8 the
284.192 264.764 52.596 10.8 framework
342.476 264.764 42.696 10.8 provided
390.812 264.764 13.992 10.8 for
410.42 264.764 9.336 10.8 in
425.408 264.764 17.376 10.8 this
448.364 264.764 47.676 10.8 Directive,
501.68 264.764 22.596 10.8 have

106.32 278.564 47.376 10.8 flexibility
156.876 278.564 9.336 10.8 in
169.404 278.564 43.368 10.8 choosing
216 278.564 14.628 10.8 the
233.868 278.564 37.344 10.8 specific
274.404 278.564 20.628 10.8 type
298.272 278.564 9.996 10.8 of
311.52 278.564 54.648 10.8 mechanism
369.336 278.564 42.024 10.8 allowing
414.612 278.564 13.992 10.8 for
431.82 278.564 38.688 10.8 licences
473.736 278.564 13.992 10.8 for
490.944 278.564 33.592 10.8 out-of-

106.32 292.364 49.944 10.8 commerce
159.696 292.364 29.328 10.8 works
192.504 292.364 9.336 10.8 to
205.272 292.364 31.992 10.8 extend
240.72 292.364 9.336 10.8 to
253.488 292.364 14.664 10.8 the
271.596 292.364 27.264 10.8 rights
302.364 292.364 9.996 10.8 of
315.792 292.364 57.996 10.8 rightholders
377.208 292.364 18 10.8 that
398.616 292.364 14.676 10.8 are
416.772 292.364 15.276 10.8 not
435.48 292.364 55.344 10.8 represented
494.232 292.364 12 10.8 by
509.64 292.364 14.628 10.8 the

106.32 306.164 46.676 10.8 collective
157.316 306.164 61.224 10.8 management
222.872 306.164 62.316 10.8 organisation,
289.496 306.164 9.336 10.8 in
303.164 306.164 53.988 10.8 accordance
361.46 306.164 9.336 10.8 to
375.128 306.164 22.02 10.8 their
401.384 306.164 23.352 10.8 legal
429.068 306.164 48.276 10.8 traditions,
481.664 306.164 42.624 10.8 practices

106.32 319.964 9.996 10.8 or
122.028 319.964 70.944 10.8 circumstances.
198.66 319.964 24 10.8 Such
228.348 319.964 59.256 10.8 mechanisms
293.304 319.964 16.656 10.8 can
315.672 319.964 35.268 10.8 include
356.64 319.964 43.344 10.8 extended
405.636 319.964 46.644 10.8 collective
457.98 319.964 43.296 10.8 licensing
506.988 319.964 17.28 10.8 and

106.32 333.764 64.644 10.8 presumptions
173.964 333.764 9.996 10.8 of
186.96 333.764 71.004 10.8 representation.

70.86 353.564 19.992 10.8 (24)
106.32 353.564 16.668 10.8 For
129.528 353.564 14.664 10.8 the
150.744 353.564 37.932 10.8 purpose
195.192 353.564 9.996 10.8 of
211.68 353.564 25.296 10.8 those
243.528 353.564 43.296 10.8 licensing
293.316 353.564 62.34 10.8 mechanisms,
362.16 353.564 5.328 10.8 a
374.028 353.564 39.948 10.8 rigorous
420.7 353.564 17.328 10.8 and
444.568 353.564 79.98 10.8 well-functioning

106.32 367.364 46.644 10.8 collective
156.204 367.364 61.152 10.8 management
220.608 367.364 33.372 10.8 system
257.124 367.364 8.004 10.8 is
268.392 367.364 49.584 10.8 important.
321.228 367.364 21.936 10.8 That
346.416 367.364 33.324 10.8 system
382.872 367.364 39.984 10.8 includes
426.108 367.364 9.336 10.8 in
438.636 367.364 45.972 10.8 particular
487.812 367.364 23.328 10.8 rules
514.32 367.364 9.936 10.8 of

106.32 381.164 24 10.8 good
136.128 381.164 58.308 10.8 governance,
200.256 381.164 61.284 10.8 transparency
267.372 381.164 17.328 10.8 and
290.46 381.164 47.016 10.8 reporting,
343.236 381.164 9.996 10.8 as
359.064 381.164 20.664 10.8 well
385.56 381.164 9.948 10.8 as
401.268 381.164 14.664 10.8 the
421.764 381.164 36.972 10.8 regular,
464.508 381.164 36.672 10.8 diligent
507.012 381.164 17.28 10.8 and

106.32 394.964 39.996 10.8 accurate
153.036 394.964 55.356 10.8 distribution
215.1 394.964 17.28 10.8 and
239.088 394.964 41.244 10.8 payment
287.124 394.964 9.996 10.8 of
303.792 394.964 40.632 10.8 amounts
351.156 394.964 17.328 10.8 due
375.204 394.964 9.336 10.8 to
391.272 394.964 48.624 10.8 individual
446.628 394.964 61.228 10.8 rightholders,
514.564 394.964 9.948 10.8 as

106.32 408.764 42.696 10.8 provided
153.756 408.764 13.992 10.8 for
172.404 408.764 12 10.8 by
189.132 408.764 44.616 10.8 Directive
238.488 408.764 61.632 10.8 2014/26/EU.
304.824 408.764 51.312 10.8 Additional
360.888 408.764 54.6 10.8 appropriate
420.24 408.764 51.276 10.8 safeguards
476.256 408.764 32.028 10.8 should
513.012 408.764 11.328 10.8 be

106.32 422.584 43.356 10.8 available
155.076 422.584 13.992 10.8 for
174.504 422.584 12 10.8 all
191.892 422.584 61.044 10.8 rightholders,
258.324 422.584 20.664 10.8 who
284.412 422.584 32.028 10.8 should
321.888 422.584 11.328 10.8 be
338.556 422.584 26.688 10.8 given
370.692 422.584 14.628 10.8 the
390.78 422.584 55.944 10.8 opportunity
452.196 422.584 9.336 10.8 to
466.944 422.584 37.356 10.8 exclude
509.7 422.584 14.628 10.8 the

106.32 436.324 53.376 10.8 application
164.964 436.324 9.996 10.8 of
180.312 436.324 21.996 10.8 such
207.78 436.324 59.196 10.8 mechanisms
272.376 436.324 9.336 10.8 to
287.124 436.324 22.02 10.8 their
314.52 436.324 29.268 10.8 works
349.188 436.324 9.996 10.8 or
364.596 436.324 24.66 10.8 other
394.644 436.324 71.764 10.8 subject-matter.
471.796 436.324 52.692 10.8 Conditions

106.32 450.124 40.008 10.8 attached
150.816 450.124 9.336 10.8 to
164.604 450.124 25.332 10.8 those
194.46 450.124 59.196 10.8 mechanisms
258.156 450.124 32.028 10.8 should
294.672 450.124 15.336 10.8 not
314.52 450.124 27.252 10.8 affect
346.296 450.124 22.02 10.8 their
372.84 450.124 41.232 10.8 practical
418.596 450.124 45.972 10.8 relevance
469.044 450.124 13.992 10.8 for
487.512 450.124 36.684 10.8 cultural

106.32 463.924 38.676 10.8 heritage
147.996 463.924 56.316 10.8 institutions.

70.86 483.724 19.992 10.8 (25)
106.32 483.724 58.704 10.8 Considering
168.216 483.724 14.664 10.8 the
186.132 483.724 33.348 10.8 variety
222.648 483.724 9.996 10.8 of
235.836 483.724 29.328 10.8 works
268.404 483.724 17.388 10.8 and
289.02 483.724 24.684 10.8 other
316.956 483.724 68.816 10.8 subject-matter
388.964 483.724 9.336 10.8 in
401.492 483.724 14.664 10.8 the
419.408 483.724 51.936 10.8 collections
474.584 483.724 9.996 10.8 of
487.772 483.724 36.684 10.8 cultural

106.32 497.524 38.676 10.8 heritage
149.136 497.524 56.352 10.8 institutions,
209.652 497.524 6.672 10.8 it
220.5 497.524 8.004 10.8 is
232.668 497.524 46.632 10.8 important
283.452 497.524 18.024 10.8 that
305.628 497.524 14.664 10.8 the
324.62 497.524 43.284 10.8 licensing
372.116 497.524 59.196 10.8 mechanisms
435.512 497.524 51.36 10.8 introduced
491.048 497.524 12 10.8 by
507.176 497.524 17.304 10.8 this

106.32 511.324 44.676 10.8 Directive
155.556 511.324 14.604 10.8 are
174.684 511.324 43.32 10.8 available
222.492 511.324 17.328 10.8 and
244.38 511.324 16.656 10.8 can
265.608 511.324 11.328 10.8 be
281.436 511.324 21.996 10.8 used
308.004 511.324 9.336 10.8 in
321.912 511.324 37.932 10.8 practice
364.416 511.324 13.992 10.8 for
382.944 511.324 41.232 10.8 different
428.688 511.324 25.356 10.8 types
458.544 511.324 9.996 10.8 of
473.052 511.324 29.328 10.8 works
506.94 511.324 17.328 10.8 and

106.32 525.124 24.684 10.8 other
134.736 525.124 71.636 10.8 subject-matter,
210.104 525.124 45.336 10.8 including
259.172 525.124 62.316 10.8 photographs,
325.208 525.124 28.62 10.8 sound
357.536 525.124 50.664 10.8 recordings
411.92 525.124 17.328 10.8 and
432.968 525.124 55.38 10.8 audiovisual
492.08 525.124 32.268 10.8 works.

106.32 538.924 9.996 10.8 In
120.288 538.924 25.344 10.8 order
149.604 538.924 9.336 10.8 to
162.912 538.924 30.612 10.8 reflect
197.496 538.924 14.664 10.8 the
216.132 538.924 57.276 10.8 specificities
277.368 538.924 9.996 10.8 of
291.276 538.924 41.468 10.8 different
336.716 538.924 48.684 10.8 categories
389.372 538.924 9.996 10.8 of
403.28 538.924 29.328 10.8 works
436.568 538.924 17.328 10.8 and
457.856 538.924 24.684 10.8 other
486.512 538.924 38.084 10.8 subject-

106.32 552.724 30.612 10.8 matter
140.004 552.724 9.996 10.8 as
153.072 552.724 35.256 10.8 regards
191.388 552.724 31.236 10.8 modes
225.696 552.724 9.996 10.8 of
238.704 552.724 53.988 10.8 publication
295.74 552.724 17.328 10.8 and
316.128 552.724 55.368 10.8 distribution
374.544 552.724 17.328 10.8 and
394.872 552.724 9.336 10.8 to
407.208 552.724 42.024 10.8 facilitate
452.28 552.724 14.628 10.8 the
469.968 552.724 41.34 10.8 usability
514.308 552.724 9.996 10.8 of

106.32 566.524 25.332 10.8 those
135.996 566.524 62.196 10.8 mechanisms,
202.512 566.524 37.344 10.8 specific
244.188 566.524 62.664 10.8 requirements
311.172 566.524 17.328 10.8 and
332.82 566.524 52.644 10.8 procedures
389.796 566.524 20.568 10.8 may
414.684 566.524 22.656 10.8 have
441.672 566.524 9.336 10.8 to
455.34 566.524 11.328 10.8 be
470.988 566.524 53.352 10.8 established

106.32 580.324 12 10.8 by
123.108 580.324 40.584 10.8 Member
168.504 580.324 28.668 10.8 States
201.972 580.324 13.992 10.8 for
220.68 580.324 14.628 10.8 the
240.108 580.324 41.316 10.8 practical
286.176 580.324 53.432 10.8 application
344.348 580.324 9.996 10.8 of
359.096 580.324 25.332 10.8 those
389.192 580.324 43.368 10.8 licensing
437.348 580.324 62.196 10.8 mechanisms.
504.344 580.324 7.332 10.8 It
516.452 580.324 8.004 10.8 is

106.32 594.124 54.672 10.8 appropriate
164.376 594.124 17.964 10.8 that
185.772 594.124 40.584 10.8 Member
229.788 594.124 28.656 10.8 States
261.864 594.124 34.632 10.8 consult
299.94 594.124 60.936 10.8 rightholders,
364.296 594.124 24.66 10.8 users
392.364 594.124 17.28 10.8 and
413.052 594.124 46.632 10.8 collective
463.056 594.124 61.212 10.8 management

106.32 607.924 63.984 10.8 organisations
173.304 607.924 25.992 10.8 when
202.296 607.924 27.336 10.8 doing
232.632 607.924 13.692 10.8 so.

70.86 627.724 19.992 10.8 (26)
106.32 627.724 16.668 10.8 For
126.768 627.724 35.964 10.8 reasons
166.464 627.724 9.996 10.8 of
180.192 627.724 60.648 10.8 international
244.632 627.724 36.288 10.8 comity,
284.628 627.724 14.664 10.8 the
303.024 627.724 43.332 10.8 licensing
350.1 627.724 59.196 10.8 mechanisms
413.136 627.724 13.992 10.8 for
430.884 627.724 14.664 10.8 the
449.34 627.724 53.976 10.8 digitisation
507.024 627.724 17.28 10.8 and

106.32 641.524 66.656 10.8 dissemination
178.304 641.524 9.996 10.8 of
193.592 641.524 83.412 10.8 out-of-commerce
282.356 641.524 29.328 10.8 works
317.024 641.524 42.66 10.8 provided
365.012 641.524 13.992 10.8 for
384.32 641.524 9.336 10.8 in
399.008 641.524 17.376 10.8 this
421.724 641.524 44.604 10.8 Directive
471.668 641.524 32.028 10.8 should
509.024 641.524 15.336 10.8 not

106.32 655.324 26.688 10.8 apply
137.676 655.324 9.336 10.8 to
151.764 655.324 29.244 10.8 works
185.76 655.324 9.996 10.8 or
200.448 655.324 24.624 10.8 other
229.776 655.324 68.756 10.8 subject-matter
303.224 655.324 18 10.8 that
325.952 655.324 14.604 10.8 are
345.248 655.324 19.332 10.8 first
369.344 655.324 46.596 10.8 published
420.68 655.324 12.996 10.8 or,
438.368 655.324 9.336 10.8 in
452.396 655.324 14.628 10.8 the
471.764 655.324 37.944 10.8 absence
514.46 655.324 9.936 10.8 of

106.32 669.124 57.036 10.8 publication,
168.216 669.124 19.332 10.8 first
192.492 669.124 45.972 10.8 broadcast
243.396 669.124 9.336 10.8 in
257.664 669.124 5.328 10.8 a
267.912 669.124 22.668 10.8 third
295.5 669.124 36.684 10.8 country
337.056 669.124 12.996 10.8 or,
354.984 669.124 9.336 10.8 in
369.252 669.124 14.664 10.8 the
388.848 669.124 20.676 10.8 case
414.444 669.124 9.996 10.8 of
429.312 669.124 79.968 10.8 cinematographic
514.212 669.124 9.996 10.8 or

106.32 682.924 55.364 10.8 audiovisual
166.256 682.924 32.328 10.8 works,
203.204 682.924 9.336 10.8 to
217.172 682.924 29.244 10.8 works
251.048 682.924 14.664 10.8 the
270.296 682.924 42.612 10.8 producer
317.552 682.924 9.996 10.8 of
332.12 682.924 29.328 10.8 which
366.068 682.924 15.996 10.8 has
386.696 682.924 13.944 10.8 his
405.224 682.924 61.356 10.8 headquarters
471.14 682.924 9.996 10.8 or
485.768 682.924 38.616 10.8 habitual

106.32 696.744 45.312 10.8 residence
156.624 696.744 9.336 10.8 in
170.952 696.744 5.328 10.8 a
181.32 696.744 22.668 10.8 third
208.956 696.744 39.648 10.8 country.
253.632 696.744 29.328 10.8 Those
287.94 696.744 59.256 10.8 mechanisms
352.236 696.744 32.028 10.8 should
389.232 696.744 19.308 10.8 also
413.568 696.744 15.336 10.8 not
433.956 696.744 26.616 10.8 apply
465.564 696.744 9.336 10.8 to
479.952 696.744 29.328 10.8 works
514.26 696.744 9.936 10.8 or

106.32 710.544 24.684 10.8 other
134.376 710.544 68.636 10.8 subject-matter
206.384 710.544 9.996 10.8 of
219.692 710.544 22.704 10.8 third
245.768 710.544 36.684 10.8 country
285.764 710.544 43.38 10.8 nationals
332.528 710.544 31.272 10.8 except
367.184 710.544 25.992 10.8 when
396.512 710.544 20.688 10.8 they
420.548 710.544 14.676 10.8 are
438.584 710.544 19.296 10.8 first
461.252 710.544 46.704 10.8 published
511.268 710.544 12.996 10.8 or,

106.32 724.344 9.336 10.8 in
119.568 724.344 14.664 10.8 the
138.084 724.344 38.012 10.8 absence
180.008 724.344 9.996 10.8 of
193.856 724.344 57.012 10.8 publication,
254.78 724.344 19.284 10.8 first
277.976 724.344 45.948 10.8 broadcast
327.812 724.344 9.336 10.8 in
341 724.344 14.628 10.8 the
359.528 724.344 39.336 10.8 territory
402.692 724.344 9.996 10.8 of
416.54 724.344 5.328 10.8 a
425.768 724.344 40.644 10.8 Member
470.324 724.344 24 10.8 State
498.212 724.344 12.996 10.8 or,
515.06 724.344 9.336 10.8 in

28.38 784.188 33.348 22.2 EN

291.62 793.224 12 10.8 18

533.62 784.188 33.348 22.2 EN

106.32 59.544 14.664 10.8 the
125.436 59.544 20.652 10.8 case
150.504 59.544 9.996 10.8 of
164.892 59.544 79.944 10.8 cinematographic
249.276 59.544 9.996 10.8 or
263.664 59.544 55.332 10.8 audiovisual
323.46 59.544 32.268 10.8 works,
360.168 59.544 9.336 10.8 to
373.956 59.544 29.328 10.8 works
407.664 59.544 9.996 10.8 of
422.052 59.544 29.328 10.8 which
455.82 59.544 14.628 10.8 the
474.888 59.544 49.416 10.8 producer's

106.32 73.344 61.356 10.8 headquarters
170.628 73.344 9.996 10.8 or
183.624 73.344 38.676 10.8 habitual
225.264 73.344 45.312 10.8 residence
273.576 73.344 8.004 10.8 is
284.52 73.344 9.336 10.8 in
296.856 73.344 5.328 10.8 a
305.208 73.344 40.584 10.8 Member
348.816 73.344 27.036 10.8 State.

70.86 93.144 19.992 10.8 (27)
106.32 93.144 13.332 10.8 As
124.728 93.144 23.904 10.8 mass
153.684 93.144 53.964 10.8 digitisation
212.7 93.144 37.98 10.8 projects
255.696 93.144 16.656 10.8 can
277.46 93.144 26.64 10.8 entail
309.116 93.144 50.628 10.8 significant
364.724 93.144 57.264 10.8 investments
427.028 93.144 12 10.8 by
444.056 93.144 36.684 10.8 cultural
485.792 93.144 38.556 10.8 heritage

106.32 106.944 56.352 10.8 institutions,
166.356 106.944 17.328 10.8 any
187.404 106.944 38.652 10.8 licences
229.692 106.944 35.976 10.8 granted
269.376 106.944 27.264 10.8 under
300.372 106.944 14.628 10.8 the
318.72 106.944 59.196 10.8 mechanisms
381.636 106.944 42.696 10.8 provided
428.052 106.944 13.992 10.8 for
445.68 106.944 9.336 10.8 in
458.688 106.944 17.304 10.8 this
479.736 106.944 44.568 10.8 Directive

106.32 120.744 32.028 10.8 should
143.136 120.744 15.336 10.8 not
163.224 120.744 36.012 10.8 prevent
204 120.744 24 10.8 them
232.728 120.744 23.364 10.8 from
260.844 120.744 50.688 10.8 generating
316.32 120.744 51.276 10.8 reasonable
372.396 120.744 42.564 10.8 revenues
419.772 120.744 9.336 10.8 in
433.92 120.744 25.284 10.8 order
464.016 120.744 9.336 10.8 to
478.164 120.744 26.652 10.8 cover
509.532 120.744 14.664 10.8 the

106.32 134.564 24.036 10.8 costs
134.256 134.564 9.996 10.8 of
148.044 134.564 14.664 10.8 the
166.56 134.564 33.984 10.8 licence
204.456 134.564 17.328 10.8 and
225.564 134.564 14.664 10.8 the
244.14 134.564 24 10.8 costs
272.18 134.564 9.996 10.8 of
285.968 134.564 45.384 10.8 digitising
335.204 134.564 17.28 10.8 and
356.372 134.564 66.648 10.8 disseminating
426.896 134.564 14.664 10.8 the
445.424 134.564 29.268 10.8 works
478.592 134.564 17.328 10.8 and
499.82 134.564 24.624 10.8 other

106.32 148.364 68.672 10.8 subject-matter
177.992 148.364 37.98 10.8 covered
218.972 148.364 11.94 10.8 by
233.912 148.364 14.664 10.8 the
251.6 148.364 36.972 10.8 licence.

70.86 168.164 19.992 10.8 (28)
106.32 168.164 57.264 10.8 Information
166.716 168.164 45.972 10.8 regarding
215.82 168.164 14.628 10.8 the
233.568 168.164 28.656 10.8 future
265.356 168.164 17.328 10.8 and
285.744 168.164 39.336 10.8 ongoing
328.212 168.164 15.996 10.8 use
347.28 168.164 9.996 10.8 of
360.348 168.164 83.476 10.8 out-of-commerce
446.956 168.164 29.328 10.8 works
479.404 168.164 17.328 10.8 and
499.852 168.164 24.684 10.8 other

106.32 181.964 68.672 10.8 subject-matter
184.004 181.964 12 10.8 by
204.992 181.964 36.672 10.8 cultural
250.676 181.964 38.616 10.8 heritage
298.292 181.964 53.316 10.8 institutions
360.608 181.964 12 10.8 on
381.596 181.964 14.664 10.8 the
405.272 181.964 24.036 10.8 basis
438.308 181.964 9.996 10.8 of
457.316 181.964 14.664 10.8 the
480.992 181.964 43.568 10.8 licensing

106.32 195.764 59.244 10.8 mechanisms
171.732 195.764 42.696 10.8 provided
220.548 195.764 13.992 10.8 for
240.636 195.764 9.336 10.8 in
256.104 195.764 17.376 10.8 this
279.54 195.764 44.676 10.8 Directive
330.336 195.764 17.28 10.8 and
353.724 195.764 14.664 10.8 the
374.52 195.764 64.584 10.8 arrangements
445.224 195.764 9.336 10.8 in
460.692 195.764 25.344 10.8 place
492.168 195.764 13.992 10.8 for
512.256 195.764 12.024 10.8 all

106.32 209.564 58.032 10.8 rightholders
169.536 209.564 9.336 10.8 to
184.164 209.564 37.356 10.8 exclude
226.74 209.564 14.664 10.8 the
246.696 209.564 53.364 10.8 application
305.328 209.564 9.996 10.8 of
320.556 209.564 38.652 10.8 licences
364.5 209.564 9.336 10.8 to
379.128 209.564 22.02 10.8 their
406.404 209.564 29.328 10.8 works
441.012 209.564 9.996 10.8 or
456.3 209.564 24.684 10.8 other
486.276 209.564 38.26 10.8 subject-

106.32 223.364 30.612 10.8 matter
140.784 223.364 32.004 10.8 should
176.592 223.364 11.328 10.8 be
191.76 223.364 51.936 10.8 adequately
247.488 223.364 52.332 10.8 publicised.
303.636 223.364 21.336 10.8 This
328.764 223.364 8.004 10.8 is
340.572 223.364 55.284 10.8 particularly
399.648 223.364 46.632 10.8 important
450.132 223.364 25.908 10.8 when
479.88 223.364 20.664 10.8 uses
504.348 223.364 19.956 10.8 take

106.32 237.164 25.356 10.8 place
138.468 237.164 29.916 10.8 across
175.164 237.164 36.012 10.8 borders
217.908 237.164 9.336 10.8 in
233.976 237.164 14.664 10.8 the
255.432 237.164 36.648 10.8 internal
298.848 237.164 36.276 10.8 market.
341.892 237.164 7.332 10.8 It
356.028 237.164 8.004 10.8 is
370.776 237.164 43.26 10.8 therefore
420.804 237.164 54.6 10.8 appropriate
482.196 237.164 9.336 10.8 to
498.324 237.164 25.896 10.8 make

106.32 250.964 45.372 10.8 provision
155.076 250.964 13.992 10.8 for
172.464 250.964 14.664 10.8 the
190.512 250.964 38.568 10.8 creation
232.488 250.964 9.996 10.8 of
245.856 250.964 5.328 10.8 a
254.604 250.964 28.668 10.8 single
286.632 250.964 39.324 10.8 publicly
329.388 250.964 48.576 10.8 accessible
381.384 250.964 29.94 10.8 online
414.732 250.964 27.996 10.8 portal
446.16 250.964 13.992 10.8 for
463.488 250.964 14.664 10.8 the
481.584 250.964 30 10.8 Union
514.932 250.964 9.336 10.8 to

106.32 264.764 25.896 10.8 make
136.308 264.764 21.996 10.8 such
162.396 264.764 56.652 10.8 information
223.14 264.764 43.356 10.8 available
270.516 264.764 9.336 10.8 to
283.884 264.764 14.664 10.8 the
302.64 264.764 29.964 10.8 public
336.696 264.764 13.992 10.8 for
354.744 264.764 5.328 10.8 a
364.152 264.764 51.264 10.8 reasonable
419.508 264.764 30.66 10.8 period
454.236 264.764 9.936 10.8 of
468.204 264.764 21.276 10.8 time
493.56 264.764 30.696 10.8 before

106.32 278.564 14.664 10.8 the
124.16 278.564 59.964 10.8 cross-border
187.256 278.564 15.948 10.8 use
206.324 278.564 24.624 10.8 takes
234.08 278.564 28.296 10.8 place.
265.496 278.564 29.988 10.8 Under
298.604 278.564 52.62 10.8 Regulation
354.332 278.564 23.988 10.8 (EU)
381.44 278.564 14.664 10.8 No
399.188 278.564 45.336 10.8 386/2012
447.656 278.564 9.996 10.8 of
460.724 278.564 14.664 10.8 the
478.52 278.564 45.9 10.8 European

106.32 292.364 51.912 10.8 Parliament
162.864 292.364 17.328 10.8 and
184.812 292.364 9.996 10.8 of
199.38 292.364 14.664 10.8 the
218.616 292.364 38.004 10.8 Council
256.7 289.59 8.01 7.182 33
264.74 292.364 3 10.8 ,
272.348 292.364 14.664 10.8 the
291.596 292.364 46.008 10.8 European
342.152 292.364 30 10.8 Union
376.76 292.364 53.952 10.8 Intellectual
435.344 292.364 41.328 10.8 Property
481.28 292.364 30.588 10.8 Office
516.488 292.364 8.004 10.8 is

106.32 306.164 44.016 10.8 entrusted
157.416 306.164 21.336 10.8 with
185.844 306.164 32.688 10.8 certain
225.54 306.164 24.024 10.8 tasks
256.656 306.164 17.328 10.8 and
281.064 306.164 46.308 10.8 activities,
334.428 306.164 41.316 10.8 financed
382.836 306.164 12 10.8 by
401.904 306.164 35.928 10.8 making
444.9 306.164 15.996 10.8 use
468.036 306.164 9.996 10.8 of
485.124 306.164 11.376 10.8 its
503.58 306.164 20.664 10.8 own

106.32 319.964 48.024 10.8 budgetary
159.636 319.964 47.648 10.8 measures,
212.636 319.964 33.264 10.8 aiming
251.252 319.964 8.664 10.8 at
265.268 319.964 51.996 10.8 facilitating
322.616 319.964 17.28 10.8 and
345.224 319.964 51.288 10.8 supporting
401.84 319.964 14.664 10.8 the
421.856 319.964 43.284 10.8 activities
470.504 319.964 9.996 10.8 of
485.792 319.964 38.604 10.8 national

106.32 333.764 53.688 10.8 authorities,
163.596 333.764 14.628 10.8 the
181.884 333.764 33.312 10.8 private
218.82 333.764 28.644 10.8 sector
251.076 333.764 17.328 10.8 and
272.064 333.764 29.916 10.8 Union
305.652 333.764 53.316 10.8 institutions
362.64 333.764 9.336 10.8 in
375.588 333.764 14.628 10.8 the
393.876 333.764 22.668 10.8 fight
420.144 333.764 36.984 10.8 against,
460.74 333.764 45.336 10.8 including
509.688 333.764 14.628 10.8 the

106.32 347.564 51.348 10.8 prevention
160.836 347.564 12.936 10.8 of,
176.904 347.564 62.016 10.8 infringement
242.1 347.564 9.996 10.8 of
255.228 347.564 53.328 10.8 intellectual
311.748 347.564 40.548 10.8 property
355.464 347.564 30.372 10.8 rights.
388.98 347.564 7.332 10.8 It
399.456 347.564 8.004 10.8 is
410.604 347.564 43.356 10.8 therefore
457.128 347.564 54.576 10.8 appropriate
514.824 347.564 9.336 10.8 to

106.32 361.364 18.708 10.8 rely
132.216 361.364 12 10.8 on
151.344 361.364 18 10.8 that
176.532 361.364 30.588 10.8 Office
214.32 361.364 9.336 10.8 to
230.868 361.364 42.024 10.8 establish
280.032 361.364 17.328 10.8 and
304.56 361.364 37.296 10.8 manage
349.056 361.364 14.664 10.8 the
370.932 361.364 45.936 10.8 European
424.08 361.364 27.996 10.8 portal
459.228 361.364 35.928 10.8 making
502.344 361.364 21.996 10.8 such

106.32 375.164 56.604 10.8 information
165.924 375.164 46.368 10.8 available.

70.86 394.964 19.992 10.8 (29)
106.32 394.964 56.588 10.8 On-demand
166.808 394.964 38.688 10.8 services
209.324 394.964 22.608 10.8 have
235.772 394.964 14.664 10.8 the
254.24 394.964 41.964 10.8 potential
300.056 394.964 9.336 10.8 to
313.184 394.964 20.688 10.8 play
337.64 394.964 5.328 10.8 a
346.748 394.964 39.312 10.8 decisive
389.912 394.964 18.588 10.8 role
412.34 394.964 9.336 10.8 in
425.468 394.964 14.664 10.8 the
443.984 394.964 66.576 10.8 dissemination
514.388 394.964 9.936 10.8 of

106.32 408.764 46.008 10.8 European
158.436 408.764 29.244 10.8 works
193.812 408.764 29.988 10.8 across
229.86 408.764 14.664 10.8 the
250.656 408.764 45.912 10.8 European
302.664 408.764 33 10.8 Union.
341.712 408.764 46.968 10.8 However,
394.728 408.764 54.624 10.8 agreements
455.412 408.764 12 10.8 on
473.52 408.764 14.908 10.8 the
494.548 408.764 29.94 10.8 online

106.32 422.584 57.348 10.8 exploitation
166.884 422.584 9.996 10.8 of
180.132 422.584 21.996 10.8 such
205.44 422.584 29.328 10.8 works
238.068 422.584 20.568 10.8 may
261.936 422.584 19.98 10.8 face
285.204 422.584 52.008 10.8 difficulties
340.488 422.584 32.652 10.8 related
376.416 422.584 9.336 10.8 to
389.004 422.584 14.664 10.8 the
406.932 422.584 43.356 10.8 licensing
453.516 422.584 9.996 10.8 of
466.764 422.584 30.312 10.8 rights.
500.4 422.584 23.94 10.8 Such

106.32 436.324 28.704 10.8 issues
139.116 436.324 23.568 10.8 may,
166.764 436.324 13.992 10.8 for
184.812 436.324 42.324 10.8 instance,
231.168 436.324 32.004 10.8 appear
267.204 436.324 25.992 10.8 when
297.252 436.324 14.664 10.8 the
316.008 436.324 30.624 10.8 holder
350.664 436.324 9.996 10.8 of
364.692 436.324 14.664 10.8 the
383.448 436.324 27.288 10.8 rights
414.816 436.324 13.992 10.8 for
432.864 436.324 5.328 10.8 a
442.272 436.324 26.58 10.8 given
472.92 436.324 39.336 10.8 territory
516.264 436.324 8.004 10.8 is

106.32 450.124 15.336 10.8 not
124.968 450.124 46.62 10.8 interested
174.852 450.124 9.336 10.8 in
187.5 450.124 14.664 10.8 the
205.476 450.124 29.928 10.8 online
238.704 450.124 57.276 10.8 exploitation
299.268 450.124 9.996 10.8 of
312.516 450.124 14.664 10.8 the
330.492 450.124 24.684 10.8 work
358.488 450.124 9.996 10.8 or
371.796 450.124 29.316 10.8 where
404.364 450.124 24.012 10.8 there
431.98 450.124 14.604 10.8 are
449.896 450.124 28.596 10.8 issues
481.804 450.124 30.036 10.8 linked
515.08 450.124 9.336 10.8 to

106.32 463.924 14.664 10.8 the
124.008 463.924 43.332 10.8 windows
170.34 463.924 9.996 10.8 of
183.288 463.924 60.348 10.8 exploitation.

70.86 483.724 19.992 10.8 (30)
106.32 483.724 13.332 10.8 To
127.608 483.724 41.976 10.8 facilitate
177.564 483.724 14.664 10.8 the
200.172 483.724 43.284 10.8 licensing
251.46 483.724 9.996 10.8 of
269.388 483.724 27.312 10.8 rights
304.704 483.724 9.336 10.8 in
321.972 483.724 55.332 10.8 audiovisual
385.26 483.724 29.268 10.8 works
422.508 483.724 9.336 10.8 to
439.836 483.724 84.712 10.8 video-on-demand

106.32 497.524 48.936 10.8 platforms,
159.876 497.524 17.376 10.8 this
181.872 497.524 44.568 10.8 Directive
231.06 497.524 38.652 10.8 requires
274.224 497.524 40.584 10.8 Member
319.44 497.524 28.704 10.8 States
352.716 497.524 9.336 10.8 to
366.684 497.524 13.296 10.8 set
384.612 497.524 11.94 10.8 up
401.16 497.524 5.328 10.8 a
411.108 497.524 53.952 10.8 negotiation
469.656 497.524 54.672 10.8 mechanism

106.32 511.324 42.024 10.8 allowing
153.936 511.324 31.92 10.8 parties
191.412 511.324 34.008 10.8 willing
230.928 511.324 9.336 10.8 to
245.856 511.324 43.248 10.8 conclude
294.684 511.324 11.328 10.8 an
311.72 511.324 49.812 10.8 agreement
367.124 511.324 9.336 10.8 to
382.052 511.324 18.684 10.8 rely
406.268 511.324 12 10.8 on
423.836 511.324 14.664 10.8 the
444.044 511.324 47.964 10.8 assistance
497.6 511.324 9.996 10.8 of
513.068 511.324 11.328 10.8 an

106.32 525.124 43.32 10.8 impartial
153.432 525.124 26.94 10.8 body.
184.14 525.124 18.66 10.8 The
206.568 525.124 24 10.8 body
234.336 525.124 32.028 10.8 should
270.132 525.124 23.292 10.8 meet
297.216 525.124 21.336 10.8 with
322.344 525.124 14.664 10.8 the
340.74 525.124 32.016 10.8 parties
376.536 525.124 17.328 10.8 and
397.584 525.124 20.688 10.8 help
422.04 525.124 21.336 10.8 with
447.168 525.124 14.628 10.8 the
465.576 525.124 58.644 10.8 negotiations

106.32 538.924 12 10.8 by
124.428 538.924 46.668 10.8 providing
177.204 538.924 58.632 10.8 professional
241.968 538.924 17.328 10.8 and
265.356 538.924 38.652 10.8 external
310.104 538.924 34.248 10.8 advice.
350.46 538.924 37.332 10.8 Against
393.876 538.924 17.964 10.8 that
417.972 538.924 59.58 10.8 background,
483.66 538.924 40.632 10.8 Member

106.32 552.724 28.704 10.8 States
143.256 552.724 31.956 10.8 should
183.504 552.724 31.284 10.8 decide
223.02 552.724 12 10.8 on
243.288 552.724 14.664 10.8 the
266.244 552.724 49.992 10.8 conditions
324.48 552.724 9.996 10.8 of
342.708 552.724 14.664 10.8 the
365.664 552.724 55.48 10.8 functioning
429.436 552.724 9.996 10.8 of
447.664 552.724 14.628 10.8 the
470.572 552.724 53.94 10.8 negotiation

106.32 566.524 57.576 10.8 mechanism,
167.184 566.524 45.324 10.8 including
215.82 566.524 14.628 10.8 the
233.748 566.524 31.236 10.8 timing
268.296 566.524 17.328 10.8 and
288.924 566.524 39.996 10.8 duration
332.232 566.524 9.996 10.8 of
345.42 566.524 14.664 10.8 the
363.396 566.524 47.904 10.8 assistance
414.6 566.524 9.336 10.8 to
427.188 566.524 58.668 10.8 negotiations
489.156 566.524 17.328 10.8 and
509.724 566.524 14.628 10.8 the

106.32 580.324 36.024 10.8 bearing
147.036 580.324 9.996 10.8 of
161.724 580.324 14.628 10.8 the
181.092 580.324 27 10.8 costs.
212.82 580.324 40.524 10.8 Member
258.096 580.324 28.656 10.8 States
291.492 580.324 32.028 10.8 should
328.188 580.324 31.296 10.8 ensure
364.224 580.324 17.964 10.8 that
386.88 580.324 68.592 10.8 administrative
460.152 580.324 17.328 10.8 and
482.22 580.324 41.988 10.8 financial

106.32 594.124 38.016 10.8 burdens
147.336 594.124 33.288 10.8 remain
183.624 594.124 64.656 10.8 proportionate
251.28 594.124 9.372 10.8 to
263.652 594.124 46.56 10.8 guarantee
313.212 594.124 14.664 10.8 the
330.876 594.124 47.928 10.8 efficiency
381.804 594.124 10.132 10.8 of
394.936 594.124 14.592 10.8 the
412.528 594.124 54 10.8 negotiation
469.528 594.124 32.268 10.8 forum.

70.86 613.924 19.992 10.8 (31)
106.32 613.924 8.664 10.8 A
118.668 613.924 18.648 10.8 free
141.036 613.924 17.328 10.8 and
162.024 613.924 39.312 10.8 pluralist
205.068 613.924 24.66 10.8 press
233.436 613.924 8.004 10.8 is
245.124 613.924 41.304 10.8 essential
290.16 613.924 9.336 10.8 to
303.168 613.924 31.32 10.8 ensure
338.136 613.924 33.36 10.8 quality
375.192 613.924 51.324 10.8 journalism
430.128 613.924 17.328 10.8 and
451.176 613.924 38.844 10.8 citizens'
493.692 613.924 30.648 10.8 access

106.32 627.724 9.336 10.8 to
119.208 627.724 59.604 10.8 information.
182.364 627.724 7.332 10.8 It
193.26 627.724 41.304 10.8 provides
238.116 627.724 5.328 10.8 a
246.984 627.724 60.012 10.8 fundamental
310.56 627.724 58.608 10.8 contribution
372.696 627.724 9.336 10.8 to
385.584 627.724 29.976 10.8 public
419.1 627.724 31.284 10.8 debate
453.936 627.724 17.28 10.8 and
474.744 627.724 14.664 10.8 the
492.96 627.724 31.32 10.8 proper

106.32 641.524 55.368 10.8 functioning
165.696 641.524 9.996 10.8 of
179.724 641.524 5.328 10.8 a
189.132 641.524 53.328 10.8 democratic
246.492 641.524 36.984 10.8 society.
287.508 641.524 9.996 10.8 In
301.596 641.524 14.664 10.8 the
320.292 641.524 45.572 10.8 transition
369.956 641.524 23.328 10.8 from
397.244 641.524 22.704 10.8 print
423.98 641.524 9.336 10.8 to
437.408 641.524 33.636 10.8 digital,
475.136 641.524 49.332 10.8 publishers

106.32 655.324 9.996 10.8 of
123.768 655.324 24.684 10.8 press
155.964 655.324 58.704 10.8 publications
222.12 655.324 14.676 10.8 are
244.296 655.324 29.988 10.8 facing
281.784 655.324 44.616 10.8 problems
333.9 655.324 9.336 10.8 in
350.748 655.324 43.368 10.8 licensing
401.544 655.324 14.664 10.8 the
423.72 655.324 30.036 10.8 online
461.196 655.324 15.996 10.8 use
484.704 655.324 9.996 10.8 of
502.152 655.324 22.092 10.8 their

106.32 669.124 58.704 10.8 publications
172.416 669.124 17.328 10.8 and
197.184 669.124 48.036 10.8 recouping
252.648 669.124 22.02 10.8 their
282.084 669.124 60.324 10.8 investments.
349.788 669.124 9.996 10.8 In
367.236 669.124 14.664 10.8 the
389.352 669.124 38.004 10.8 absence
434.808 669.124 9.996 10.8 of
452.196 669.124 54.708 10.8 recognition
514.32 669.124 9.996 10.8 of

70.86 703.694 6.48 5.832 33

106.86 705.776 43.9177 9.018 Regulation
154.846 705.776 19.9899 9.018 (EU)
178.884 705.776 12.2444 9.018 No
195.186 705.776 37.7954 9.018 386/2012
237.04 705.776 8.34666 9.018 of
249.495 705.776 12.2444 9.018 the
265.807 705.776 38.2363 9.018 European
308.142 705.776 43.3265 9.018 Parliament
355.536 705.776 14.4288 9.018 and
374.063 705.776 8.34666 9.018 of
386.518 705.776 12.1543 9.018 the
402.7 705.776 31.7333 9.018 Council
438.452 705.776 8.34666 9.018 of
450.907 705.776 10.02 9.018 19
464.995 705.776 21.1622 9.018 April
490.175 705.776 20.04 9.018 2012
514.223 705.776 10.02 9.018 on

106.86 717.296 40.0054 9.018 entrusting
150.332 717.296 12.2444 9.018 the
165.923 717.296 25.5911 9.018 Office
194.951 717.296 11.6432 9.018 for
210.001 717.296 59.9597 9.018 Harmonization
273.448 717.296 7.79556 9.018 in
284.66 717.296 12.2444 9.018 the
300.372 717.296 31.082 9.018 Internal
334.921 717.296 28.8776 9.018 Market
367.175 717.296 26.6933 9.018 (Trade
397.205 717.296 25.6011 9.018 Marks
426.213 717.296 14.4288 9.018 and
444.079 717.296 35.551 9.018 Designs)
483.066 717.296 17.8156 9.018 with
504.359 717.296 19.9498 9.018 tasks

106.86 728.816 27.2143 9.018 related
139.124 728.816 7.79556 9.018 to
151.95 728.816 12.2444 9.018 the
169.164 728.816 49.9697 9.018 enforcement
224.224 728.816 8.34666 9.018 of
237.641 728.816 44.4086 9.018 intellectual
287.08 728.816 33.9177 9.018 property
325.997 728.816 25.3306 9.018 rights,
356.348 728.816 37.7954 9.018 including
399.224 728.816 12.1543 9.018 the
416.428 728.816 44.9597 9.018 assembling
466.448 728.816 8.34666 9.018 of
479.865 728.816 25.05 9.018 public
509.914 728.816 14.4288 9.018 and

106.86 740.276 55.0477 9.018 private-sector
166.687 740.276 59.9697 9.018 representatives
231.467 740.276 8.34666 9.018 as
244.653 740.276 4.44888 9.018 a
253.881 740.276 38.3165 9.018 European
297.017 740.276 49.4487 9.018 Observatory
351.306 740.276 10.02 9.018 on
366.2 740.276 56.0819 9.018 Infringements
427.071 740.276 8.34666 9.018 of
440.258 740.276 44.9397 9.018 Intellectual
490.047 740.276 34.4788 9.018 Property

106.86 751.796 26.1722 9.018 Rights
135.467 751.796 14.509 9.018 (OJ
152.421 751.796 6.12222 9.018 L
161.018 751.796 17.535 9.018 129,
180.998 751.796 42.5249 9.018 16.5.2012,
226.028 751.796 7.515 9.018 p.
236.048 751.796 20.8838 9.018 1–6).

28.38 784.188 33.348 22.2 EN

291.62 793.224 12 10.8 19

533.62 784.188 33.348 22.2 EN

106.32 59.544 49.368 10.8 publishers
161.676 59.544 9.936 10.8 of
177.564 59.544 24.684 10.8 press
208.26 59.544 58.644 10.8 publications
272.856 59.544 9.996 10.8 as
288.804 59.544 61.032 10.8 rightholders,
355.8 59.544 43.54 10.8 licensing
405.268 59.544 17.328 10.8 and
428.596 59.544 59.844 10.8 enforcement
494.452 59.544 9.336 10.8 in
509.8 59.544 14.664 10.8 the

106.32 73.344 30.708 10.8 digital
140.028 73.344 60.552 10.8 environment
203.604 73.344 8.004 10.8 is
214.608 73.344 24.684 10.8 often
242.292 73.344 41.268 10.8 complex
286.56 73.344 17.328 10.8 and
306.888 73.344 52.308 10.8 inefficient.

70.86 93.144 19.992 10.8 (32)
106.32 93.144 18.66 10.8 The
132.948 93.144 67.92 10.8 organisational
208.8 93.144 17.28 10.8 and
234.048 93.144 41.964 10.8 financial
283.944 93.144 58.608 10.8 contribution
350.52 93.144 9.996 10.8 of
368.448 93.144 49.344 10.8 publishers
425.712 93.144 9.336 10.8 in
443.04 93.144 48.648 10.8 producing
499.656 93.144 24.624 10.8 press

106.32 106.944 58.704 10.8 publications
168.156 106.944 27.324 10.8 needs
198.672 106.944 9.336 10.8 to
211.2 106.944 11.328 10.8 be
225.648 106.944 51.984 10.8 recognised
280.812 106.944 17.28 10.8 and
301.26 106.944 32.652 10.8 further
337.116 106.944 55.284 10.8 encouraged
395.532 106.944 9.336 10.8 to
408 106.944 31.356 10.8 ensure
442.536 106.944 14.628 10.8 the
460.284 106.944 64.008 10.8 sustainability

106.32 120.744 9.996 10.8 of
122.568 120.744 14.72 10.8 the
143.588 120.744 50.712 10.8 publishing
200.612 120.744 42.348 10.8 industry.
249.248 120.744 7.332 10.8 It
262.856 120.744 8.004 10.8 is
277.124 120.744 43.296 10.8 therefore
326.72 120.744 46.656 10.8 necessary
379.604 120.744 9.336 10.8 to
395.192 120.744 36.696 10.8 provide
438.188 120.744 8.616 10.8 at
453.056 120.744 30 10.8 Union
489.344 120.744 23.352 10.8 level
518.96 120.744 5.328 10.8 a

106.32 134.564 55.956 10.8 harmonised
167.844 134.564 23.352 10.8 legal
196.74 134.564 48.624 10.8 protection
250.956 134.564 13.992 10.8 for
270.504 134.564 24.6 10.8 press
300.672 134.564 58.656 10.8 publications
364.908 134.564 9.336 10.8 in
379.776 134.564 33.96 10.8 respect
419.34 134.564 9.996 10.8 of
434.868 134.564 30.624 10.8 digital
471.084 134.564 23.688 10.8 uses.
500.28 134.564 24 10.8 Such

106.32 148.364 48.696 10.8 protection
158.556 148.364 31.956 10.8 should
194.064 148.364 11.328 10.8 be
208.932 148.364 51.276 10.8 effectively
263.736 148.364 52.62 10.8 guaranteed
319.872 148.364 37.308 10.8 through
360.708 148.364 14.664 10.8 the
378.924 148.364 61.644 10.8 introduction,
444.06 148.364 9.336 10.8 in
456.888 148.364 30 10.8 Union
490.416 148.364 20.352 10.8 law,
514.272 148.364 9.996 10.8 of

106.32 162.164 27.372 10.8 rights
137.676 162.164 32.72 10.8 related
174.368 162.164 9.336 10.8 to
187.736 162.164 45.984 10.8 copyright
237.752 162.164 13.992 10.8 for
255.74 162.164 14.664 10.8 the
274.436 162.164 61.32 10.8 reproduction
339.764 162.164 17.28 10.8 and
361.112 162.164 35.928 10.8 making
401.048 162.164 43.32 10.8 available
448.4 162.164 9.336 10.8 to
461.708 162.164 14.628 10.8 the
480.356 162.164 30.036 10.8 public
514.412 162.164 9.996 10.8 of

106.32 175.964 24.684 10.8 press
134.004 175.964 58.668 10.8 publications
195.636 175.964 9.336 10.8 in
207.972 175.964 33.924 10.8 respect
244.932 175.964 9.996 10.8 of
257.928 175.964 30.624 10.8 digital
291.552 175.964 23.688 10.8 uses.

70.86 195.764 19.992 10.8 (33)
106.32 195.764 16.668 10.8 For
128.868 195.764 14.664 10.8 the
149.376 195.764 42.624 10.8 purposes
197.904 195.764 9.996 10.8 of
213.732 195.764 17.304 10.8 this
236.88 195.764 47.604 10.8 Directive,
290.304 195.764 6.672 10.8 it
302.832 195.764 8.004 10.8 is
316.68 195.764 46.608 10.8 necessary
369.096 195.764 9.336 10.8 to
384.324 195.764 29.928 10.8 define
420.132 195.764 14.664 10.8 the
440.64 195.764 37.32 10.8 concept
483.828 195.764 9.996 10.8 of
499.656 195.764 24.624 10.8 press

106.32 209.564 54.036 10.8 publication
166.236 209.564 9.336 10.8 in
181.524 209.564 5.328 10.8 a
192.792 209.564 19.992 10.8 way
218.7 209.564 17.964 10.8 that
242.616 209.564 45.252 10.8 embraces
293.772 209.564 21.336 10.8 only
321.06 209.564 54.104 10.8 journalistic
381.116 209.564 61.644 10.8 publications,
448.712 209.564 46.644 10.8 published
501.308 209.564 12 10.8 by
519.176 209.564 5.328 10.8 a

106.32 223.364 34.02 10.8 service
144.996 223.364 43.656 10.8 provider,
193.344 223.364 57.348 10.8 periodically
255.36 223.364 9.996 10.8 or
269.988 223.364 43.308 10.8 regularly
317.952 223.364 37.992 10.8 updated
360.6 223.364 9.336 10.8 in
374.628 223.364 17.328 10.8 any
396.636 223.364 32.328 10.8 media,
433.644 223.364 13.992 10.8 for
452.292 223.364 14.664 10.8 the
471.6 223.364 38.016 10.8 purpose
514.296 223.364 9.996 10.8 of

106.32 237.164 47.916 10.8 informing
161.928 237.164 9.996 10.8 or
179.556 237.164 60.252 10.8 entertaining.
247.44 237.164 24 10.8 Such
279.048 237.164 58.704 10.8 publications
345.324 237.164 30 10.8 would
382.932 237.164 38.328 10.8 include,
428.88 237.164 13.992 10.8 for
450.468 237.164 42.324 10.8 instance,
500.424 237.164 23.952 10.8 daily

106.32 250.964 59.016 10.8 newspapers,
170.556 250.964 34.656 10.8 weekly
210.504 250.964 9.996 10.8 or
225.732 250.964 40.008 10.8 monthly
271.02 250.964 50.652 10.8 magazines
326.964 250.964 9.996 10.8 of
342.132 250.964 35.304 10.8 general
382.9 250.964 9.996 10.8 or
398.188 250.964 33.264 10.8 special
436.744 250.964 35.316 10.8 interest
477.34 250.964 17.328 10.8 and
499.948 250.964 24.588 10.8 news

106.32 264.764 44.364 10.8 websites.
157.656 264.764 48.6 10.8 Periodical
213.228 264.764 58.644 10.8 publications
278.784 264.764 29.328 10.8 which
315.072 264.764 14.676 10.8 are
336.648 264.764 46.704 10.8 published
390.324 264.764 13.896 10.8 for
411.192 264.764 44.016 10.8 scientific
462.096 264.764 9.996 10.8 or
479.064 264.764 45.252 10.8 academic

106.32 278.564 45.684 10.8 purposes,
155.916 278.564 21.948 10.8 such
181.764 278.564 9.996 10.8 as
195.672 278.564 43.932 10.8 scientific
243.516 278.564 41.7 10.8 journals,
289.032 278.564 32.028 10.8 should
324.948 278.564 15.336 10.8 not
344.196 278.564 11.328 10.8 be
359.424 278.564 38.016 10.8 covered
401.28 278.564 12 10.8 by
417.168 278.564 14.664 10.8 the
435.744 278.564 48.672 10.8 protection
488.328 278.564 35.928 10.8 granted

106.32 292.364 9.336 10.8 to
119.988 292.364 24.66 10.8 press
148.956 292.364 58.644 10.8 publications
211.872 292.364 27.264 10.8 under
243.468 292.364 17.304 10.8 this
265.116 292.364 47.556 10.8 Directive.
316.992 292.364 21.336 10.8 This
342.6 292.364 48.672 10.8 protection
395.68 292.364 21.996 10.8 does
422.008 292.364 15.336 10.8 not
441.616 292.364 31.992 10.8 extend
477.904 292.364 9.336 10.8 to
491.572 292.364 18.636 10.8 acts
514.408 292.364 10.044 10.8 of

106.32 306.164 61.356 10.8 hyperlinking
170.628 306.164 29.328 10.8 which
202.956 306.164 12 10.8 do
217.956 306.164 15.336 10.8 not
236.292 306.164 46.668 10.8 constitute
285.96 306.164 74.664 10.8 communication
363.624 306.164 9.336 10.8 to
375.96 306.164 14.664 10.8 the
393.624 306.164 32.976 10.8 public.

70.86 325.964 19.992 10.8 (34)
106.32 325.964 18.66 10.8 The
128.988 325.964 27.372 10.8 rights
160.404 325.964 35.976 10.8 granted
200.328 325.964 9.336 10.8 to
213.696 325.964 14.628 10.8 the
232.344 325.964 49.368 10.8 publishers
285.66 325.964 9.996 10.8 of
299.628 325.964 24.684 10.8 press
328.344 325.964 58.704 10.8 publications
391.08 325.964 27.264 10.8 under
422.376 325.964 17.34 10.8 this
443.724 325.964 44.616 10.8 Directive
492.36 325.964 31.956 10.8 should

106.32 339.764 22.656 10.8 have
132.888 339.764 14.664 10.8 the
151.464 339.764 24.528 10.8 same
179.94 339.764 27.324 10.8 scope
211.176 339.764 9.996 10.8 as
225.084 339.764 14.664 10.8 the
243.66 339.764 27.372 10.8 rights
274.956 339.764 9.936 10.8 of
288.744 339.764 61.368 10.8 reproduction
353.988 339.764 17.328 10.8 and
375.276 339.764 35.988 10.8 making
415.152 339.764 43.32 10.8 available
462.64 339.764 9.336 10.8 to
475.888 339.764 14.664 10.8 the
494.464 339.764 30 10.8 public

106.32 353.564 42.696 10.8 provided
154.476 353.564 13.992 10.8 for
173.904 353.564 9.336 10.8 in
188.712 353.564 44.616 10.8 Directive
238.788 353.564 60.96 10.8 2001/29/EC,
305.196 353.564 33.324 10.8 insofar
343.992 353.564 9.996 10.8 as
359.46 353.564 30.708 10.8 digital
395.616 353.564 20.664 10.8 uses
421.752 353.564 14.676 10.8 are
441.888 353.564 52.296 10.8 concerned.
499.644 353.564 24.588 10.8 They

106.32 367.364 32.028 10.8 should
142.596 367.364 19.356 10.8 also
166.152 367.364 11.328 10.8 be
181.74 367.364 34.02 10.8 subject
219.984 367.364 9.336 10.8 to
233.532 367.364 14.664 10.8 the
252.468 367.364 24.588 10.8 same
281.376 367.364 50.04 10.8 provisions
335.652 367.364 12 10.8 on
351.9 367.364 51.324 10.8 exceptions
407.484 367.364 17.328 10.8 and
429.072 367.364 51.348 10.8 limitations
484.704 367.364 9.996 10.8 as
498.972 367.364 25.296 10.8 those

106.32 381.164 49.344 10.8 applicable
159.456 381.164 9.336 10.8 to
172.584 381.164 14.664 10.8 the
191.1 381.164 27.312 10.8 rights
222.216 381.164 42.696 10.8 provided
268.752 381.164 13.992 10.8 for
286.5 381.164 9.336 10.8 in
299.688 381.164 44.604 10.8 Directive
348.132 381.164 57.972 10.8 2001/29/EC
409.908 381.164 45.396 10.8 including
459.072 381.164 14.956 10.8 the
477.868 381.164 46.596 10.8 exception

106.32 394.964 12 10.8 on
122.328 394.964 45.336 10.8 quotation
171.636 394.964 13.992 10.8 for
189.624 394.964 42.636 10.8 purposes
236.28 394.964 21.996 10.8 such
262.308 394.964 9.996 10.8 as
276.336 394.964 41.952 10.8 criticism
322.224 394.964 9.996 10.8 or
336.252 394.964 32.7 10.8 review
372.936 394.964 18.024 10.8 laid
394.992 394.964 26.604 10.8 down
425.58 394.964 9.336 10.8 in
438.948 394.964 33.36 10.8 Article
476.304 394.964 34.02 10.8 5(3)(d)
514.32 394.964 9.996 10.8 of

106.32 408.764 18.024 10.8 that
127.344 408.764 47.58 10.8 Directive.

70.86 428.584 19.992 10.8 (35)
106.32 428.584 18.66 10.8 The
128.748 428.584 48.648 10.8 protection
181.164 428.584 36.036 10.8 granted
220.908 428.584 9.336 10.8 to
233.976 428.584 49.368 10.8 publishers
287.052 428.584 9.996 10.8 of
300.78 428.584 24.684 10.8 press
329.256 428.584 58.704 10.8 publications
391.752 428.584 27.264 10.8 under
422.808 428.584 17.34 10.8 this
443.916 428.584 44.616 10.8 Directive
492.312 428.584 31.956 10.8 should

106.32 442.324 15.336 10.8 not
127.248 442.324 27.252 10.8 affect
160.104 442.324 14.664 10.8 the
180.36 442.324 27.372 10.8 rights
213.336 442.324 9.996 10.8 of
228.804 442.324 14.664 10.8 the
249.06 442.324 35.352 10.8 authors
289.956 442.324 17.328 10.8 and
312.864 442.324 24.684 10.8 other
343.08 442.324 58.232 10.8 rightholders
406.796 442.324 9.336 10.8 in
421.724 442.324 14.664 10.8 the
441.98 442.324 29.328 10.8 works
476.888 442.324 17.328 10.8 and
499.796 442.324 24.66 10.8 other

106.32 456.124 68.672 10.8 subject-matter
179.384 456.124 60.636 10.8 incorporated
244.388 456.124 36.348 10.8 therein,
285.044 456.124 45.324 10.8 including
334.76 456.124 9.996 10.8 as
349.088 456.124 35.364 10.8 regards
388.832 456.124 14.664 10.8 the
407.84 456.124 29.352 10.8 extent
441.584 456.124 9.336 10.8 to
455.312 456.124 29.328 10.8 which
489.02 456.124 35.352 10.8 authors

106.32 469.924 17.328 10.8 and
128.208 469.924 24.684 10.8 other
157.404 469.924 57.972 10.8 rightholders
219.948 469.924 16.608 10.8 can
241.116 469.924 33.324 10.8 exploit
279.012 469.924 21.984 10.8 their
305.568 469.924 29.328 10.8 works
339.396 469.924 9.996 10.8 or
353.964 469.924 24.684 10.8 other
383.22 469.924 68.812 10.8 subject-matter
456.604 469.924 67.92 10.8 independently

106.32 483.724 23.364 10.8 from
134.496 483.724 14.664 10.8 the
154.092 483.724 24.684 10.8 press
183.708 483.724 53.988 10.8 publication
242.604 483.724 9.336 10.8 in
256.872 483.724 29.328 10.8 which
291.12 483.724 20.688 10.8 they
316.716 483.724 14.676 10.8 are
336.312 483.724 63.856 10.8 incorporated.
405.028 483.724 50.328 10.8 Therefore,
460.264 483.724 49.368 10.8 publishers
514.54 483.724 9.936 10.8 of

106.32 497.524 24.684 10.8 press
134.676 497.524 58.656 10.8 publications
196.992 497.524 31.956 10.8 should
232.56 497.524 15.336 10.8 not
251.568 497.524 11.328 10.8 be
266.556 497.524 19.992 10.8 able
290.184 497.524 9.336 10.8 to
303.192 497.524 32.664 10.8 invoke
339.468 497.524 14.664 10.8 the
357.804 497.524 48.6 10.8 protection
410.052 497.524 36.036 10.8 granted
449.676 497.524 9.336 10.8 to
462.624 497.524 24.024 10.8 them
490.2 497.524 34.032 10.8 against

106.32 511.324 35.352 10.8 authors
145.824 511.324 17.328 10.8 and
167.292 511.324 24.684 10.8 other
196.128 511.324 61.044 10.8 rightholders.
261.36 511.324 21.264 10.8 This
286.788 511.324 8.004 10.8 is
299.016 511.324 36.672 10.8 without
339.804 511.324 44.664 10.8 prejudice
388.668 511.324 9.336 10.8 to
402.156 511.324 53.34 10.8 contractual
459.612 511.324 64.608 10.8 arrangements

106.32 525.124 49.356 10.8 concluded
159.816 525.124 39.948 10.8 between
203.892 525.124 14.664 10.8 the
222.6 525.124 49.368 10.8 publishers
276.096 525.124 9.936 10.8 of
290.124 525.124 24.684 10.8 press
318.96 525.124 61.808 10.8 publications,
384.908 525.124 12 10.8 on
400.976 525.124 14.664 10.8 the
419.792 525.124 17.328 10.8 one
441.26 525.124 22.284 10.8 side,
467.648 525.124 17.328 10.8 and
489.116 525.124 35.352 10.8 authors

106.32 538.924 17.328 10.8 and
126.648 538.924 24.684 10.8 other
154.296 538.924 60.984 10.8 rightholders,
218.28 538.924 11.94 10.8 on
233.22 538.924 14.664 10.8 the
250.908 538.924 24.66 10.8 other
278.568 538.924 22.308 10.8 side.

70.86 558.724 19.992 10.8 (36)
106.32 558.724 53.028 10.8 Publishers,
165.276 558.724 45.324 10.8 including
216.612 558.724 25.296 10.8 those
247.92 558.724 9.996 10.8 of
263.868 558.724 24.636 10.8 press
294.504 558.724 61.596 10.8 publications,
362.1 558.724 28.668 10.8 books
396.768 558.724 9.936 10.8 or
412.716 558.724 43.956 10.8 scientific
462.624 558.724 61.704 10.8 publications,

106.32 572.524 24.648 10.8 often
135.636 572.524 35.34 10.8 operate
175.632 572.524 12 10.8 on
192.3 572.524 14.664 10.8 the
211.656 572.524 23.952 10.8 basis
240.312 572.524 9.996 10.8 of
254.94 572.524 14.664 10.8 the
274.296 572.524 36.576 10.8 transfer
315.564 572.524 9.996 10.8 of
330.192 572.524 37.536 10.8 authors'
372.336 572.524 27.372 10.8 rights
404.352 572.524 12 10.8 by
421.02 572.524 30.564 10.8 means
456.336 572.524 9.996 10.8 of
470.964 572.524 53.28 10.8 contractual

106.32 586.324 54.624 10.8 agreements
166.284 586.324 9.996 10.8 or
181.632 586.324 42.036 10.8 statutory
228.936 586.324 53.076 10.8 provisions.
287.28 586.324 9.996 10.8 In
302.628 586.324 17.376 10.8 this
325.344 586.324 38.304 10.8 context,
369 586.324 49.296 10.8 publishers
423.648 586.324 25.896 10.8 make
454.956 586.324 11.328 10.8 an
471.624 586.324 52.632 10.8 investment

106.32 600.124 21.336 10.8 with
130.908 600.124 5.328 10.8 a
139.476 600.124 23.352 10.8 view
166.032 600.124 9.336 10.8 to
178.62 600.124 14.664 10.8 the
196.536 600.124 57.348 10.8 exploitation
257.1 600.124 9.996 10.8 of
270.288 600.124 14.664 10.8 the
288.204 600.124 29.328 10.8 works
320.772 600.124 46.704 10.8 contained
370.716 600.124 9.336 10.8 in
383.304 600.124 21.936 10.8 their
408.492 600.124 58.656 10.8 publications
470.388 600.124 17.328 10.8 and
491.016 600.124 20.568 10.8 may
514.824 600.124 9.408 10.8 in

106.32 613.924 25.248 10.8 some
135.468 613.924 44.064 10.8 instances
183.432 613.924 11.328 10.8 be
198.66 613.924 41.976 10.8 deprived
244.536 613.924 9.996 10.8 of
258.384 613.924 42.672 10.8 revenues
304.98 613.924 29.316 10.8 where
338.208 613.924 21.996 10.8 such
364.116 613.924 29.328 10.8 works
397.344 613.924 14.676 10.8 are
415.92 613.924 21.996 10.8 used
441.828 613.924 27.264 10.8 under
473.004 613.924 51.276 10.8 exceptions

106.32 627.724 9.996 10.8 or
120.72 627.724 51.264 10.8 limitations
176.364 627.724 21.996 10.8 such
202.752 627.724 9.996 10.8 as
217.14 627.724 14.628 10.8 the
236.148 627.724 21.996 10.8 ones
262.536 627.724 13.992 10.8 for
280.884 627.724 33.312 10.8 private
318.588 627.724 38.664 10.8 copying
361.596 627.724 17.328 10.8 and
383.304 627.724 61.656 10.8 reprography.
449.328 627.724 9.996 10.8 In
463.656 627.724 5.328 10.8 a
473.364 627.724 36.564 10.8 number
514.32 627.724 9.996 10.8 of

106.32 641.524 40.584 10.8 Member
153.336 641.524 28.704 10.8 States
188.472 641.524 66.636 10.8 compensation
261.516 641.524 13.992 10.8 for
281.844 641.524 20.664 10.8 uses
308.94 641.524 27.324 10.8 under
342.648 641.524 25.332 10.8 those
374.424 641.524 51.324 10.8 exceptions
432.18 641.524 8.004 10.8 is
446.628 641.524 31.296 10.8 shared
484.344 641.524 39.948 10.8 between

106.32 655.324 35.352 10.8 authors
146.424 655.324 17.328 10.8 and
168.432 655.324 52.404 10.8 publishers.
225.516 655.324 9.996 10.8 In
240.264 655.324 25.344 10.8 order
270.36 655.324 9.336 10.8 to
284.388 655.324 20.016 10.8 take
309.144 655.324 37.284 10.8 account
351.18 655.324 9.996 10.8 of
365.868 655.324 17.376 10.8 this
387.984 655.324 41.388 10.8 situation
434.1 655.324 17.328 10.8 and
456.168 655.324 39.924 10.8 improve
500.844 655.324 23.352 10.8 legal

106.32 669.124 42.024 10.8 certainty
151.416 669.124 13.992 10.8 for
168.44 669.124 12.024 10.8 all
183.536 669.124 49.332 10.8 concerned
235.892 669.124 35.016 10.8 parties,
273.968 669.124 40.584 10.8 Member
317.624 669.124 28.704 10.8 States
349.4 669.124 32.028 10.8 should
384.476 669.124 11.268 10.8 be
398.804 669.124 38.016 10.8 allowed
439.88 669.124 9.336 10.8 to
452.228 669.124 47.94 10.8 determine
503.24 669.124 21.024 10.8 that,

106.32 682.924 25.992 10.8 when
138.108 682.924 11.328 10.8 an
155.256 682.924 30.684 10.8 author
191.772 682.924 15.996 10.8 has
213.54 682.924 51.984 10.8 transferred
271.344 682.924 9.996 10.8 or
287.112 682.924 39.324 10.8 licensed
332.268 682.924 14.004 10.8 his
352.056 682.924 27.372 10.8 rights
385.212 682.924 9.336 10.8 to
400.38 682.924 5.328 10.8 a
411.468 682.924 44.7 10.8 publisher
461.904 682.924 9.996 10.8 or
477.732 682.924 46.608 10.8 otherwise

106.32 696.744 53.352 10.8 contributes
166.836 696.744 21.336 10.8 with
195.384 696.744 14.004 10.8 his
216.612 696.744 29.244 10.8 works
253.068 696.744 9.336 10.8 to
269.616 696.744 5.328 10.8 a
282.084 696.744 54.036 10.8 publication
343.26 696.744 17.328 10.8 and
367.788 696.744 24.012 10.8 there
398.964 696.744 14.604 10.8 are
420.78 696.744 37.908 10.8 systems
465.936 696.744 9.336 10.8 in
482.484 696.744 25.296 10.8 place
514.98 696.744 9.336 10.8 to

106.32 710.544 56.592 10.8 compensate
166.764 710.544 13.992 10.8 for
184.572 710.544 14.664 10.8 the
203.088 710.544 24.764 10.8 harm
231.608 710.544 32.676 10.8 caused
268.124 710.544 12 10.8 by
283.892 710.544 11.328 10.8 an
299.06 710.544 46.608 10.8 exception
349.496 710.544 9.996 10.8 or
363.344 710.544 49.596 10.8 limitation,
416.768 710.544 49.368 10.8 publishers
469.964 710.544 14.652 10.8 are
488.432 710.544 35.964 10.8 entitled

106.32 724.344 9.336 10.8 to
121.968 724.344 26.64 10.8 claim
154.824 724.344 5.328 10.8 a
166.512 724.344 25.356 10.8 share
198.168 724.344 9.996 10.8 of
214.416 724.344 21.996 10.8 such
242.724 724.344 69.672 10.8 compensation,
318.708 724.344 39.264 10.8 whereas
364.284 724.344 14.664 10.8 the
385.26 724.344 33.264 10.8 burden
424.788 724.344 12 10.8 on
443.076 724.344 14.664 10.8 the
464.004 724.344 44.7 10.8 publisher
514.98 724.344 9.336 10.8 to

106.32 738.144 56.652 10.8 substantiate
165.936 738.144 14.004 10.8 his
182.94 738.144 26.7 10.8 claim
212.544 738.144 32.028 10.8 should
247.572 738.144 15.336 10.8 not
265.908 738.144 33.288 10.8 exceed
302.196 738.144 23.328 10.8 what
328.524 738.144 8.052 10.8 is
339.528 738.144 40.008 10.8 required
382.536 738.144 27.264 10.8 under
412.824 738.144 14.664 10.8 the
430.512 738.144 33.288 10.8 system
466.752 738.144 9.336 10.8 in
479.088 738.144 28.38 10.8 place.

28.38 784.188 33.348 22.2 EN

291.62 793.224 12 10.8 20

533.62 784.188 33.348 22.2 EN

70.86 59.544 19.992 10.8 (37)
106.32 59.544 23.988 10.8 Over
134.808 59.544 14.664 10.8 the
153.984 59.544 16.644 10.8 last
175.14 59.544 28.356 10.8 years,
207.996 59.544 14.732 10.8 the
227.168 59.544 55.368 10.8 functioning
286.964 59.544 9.996 10.8 of
301.412 59.544 14.664 10.8 the
320.588 59.544 29.976 10.8 online
355.064 59.544 35.352 10.8 content
394.928 59.544 58.56 10.8 marketplace
458 59.544 15.936 10.8 has
478.448 59.544 32.016 10.8 gained
514.964 59.544 9.336 10.8 in

106.32 73.344 56.976 10.8 complexity.
166.944 73.344 32.664 10.8 Online
203.34 73.344 38.616 10.8 services
245.688 73.344 46.62 10.8 providing
296.016 73.344 30.672 10.8 access
330.372 73.344 9.336 10.8 to
343.32 73.344 45.984 10.8 copyright
393.036 73.344 44.64 10.8 protected
441.372 73.344 35.28 10.8 content
480.36 73.344 43.956 10.8 uploaded

106.32 87.144 12 10.8 by
124.068 87.144 22.02 10.8 their
151.824 87.144 24.636 10.8 users
182.22 87.144 36.672 10.8 without
224.568 87.144 14.664 10.8 the
244.944 87.144 59.892 10.8 involvement
310.608 87.144 9.996 10.8 of
326.316 87.144 22.704 10.8 right
354.792 87.144 35.328 10.8 holders
395.82 87.144 22.656 10.8 have
424.248 87.144 48.612 10.8 flourished
478.596 87.144 17.328 10.8 and
501.684 87.144 22.596 10.8 have

106.32 100.944 37.248 10.8 become
152.568 100.944 23.964 10.8 main
185.484 100.944 35.988 10.8 sources
230.352 100.944 9.996 10.8 of
249.24 100.944 30.728 10.8 access
288.848 100.944 9.336 10.8 to
307.076 100.944 35.304 10.8 content
351.332 100.944 32.988 10.8 online.
393.188 100.944 21.336 10.8 This
423.476 100.944 31.92 10.8 affects
464.324 100.944 60.132 10.8 rightholders'

106.32 114.744 57.372 10.8 possibilities
167.844 114.744 9.336 10.8 to
181.392 114.744 47.94 10.8 determine
233.544 114.744 41.688 10.8 whether,
279.42 114.744 17.28 10.8 and
300.888 114.744 27.324 10.8 under
332.424 114.744 29.328 10.8 which
365.952 114.744 53.004 10.8 conditions,
423.12 114.744 22.02 10.8 their
449.316 114.744 24.66 10.8 work
478.164 114.744 17.328 10.8 and
499.692 114.744 24.624 10.8 other

106.32 128.544 68.672 10.8 subject-matter
178.244 128.544 14.676 10.8 are
196.16 128.544 21.948 10.8 used
221.348 128.544 9.948 10.8 as
234.536 128.544 20.664 10.8 well
258.452 128.544 9.996 10.8 as
271.7 128.544 21.996 10.8 their
296.948 128.544 57.264 10.8 possibilities
357.464 128.544 9.336 10.8 to
370.052 128.544 14.664 10.8 get
387.968 128.544 11.328 10.8 an
402.476 128.544 54.672 10.8 appropriate
460.34 128.544 63.924 10.8 remuneration

106.32 142.364 13.992 10.8 for
123.312 142.364 9.696 10.8 it.

70.86 162.164 19.992 10.8 (38)
106.32 162.164 31.956 10.8 Where
142.056 162.164 56.544 10.8 information
202.392 162.164 34.076 10.8 society
240.248 162.164 33.924 10.8 service
277.904 162.164 45.36 10.8 providers
327.02 162.164 23.244 10.8 store
354.056 162.164 17.328 10.8 and
375.104 162.164 36.624 10.8 provide
415.52 162.164 30.624 10.8 access
449.816 162.164 9.336 10.8 to
462.944 162.164 14.628 10.8 the
481.352 162.164 29.94 10.8 public
515.06 162.164 9.336 10.8 to

106.32 175.964 45.984 10.8 copyright
157.656 175.964 44.64 10.8 protected
207.612 175.964 29.268 10.8 works
242.22 175.964 9.996 10.8 or
257.568 175.964 24.624 10.8 other
287.484 175.964 68.768 10.8 subject-matter
361.604 175.964 43.992 10.8 uploaded
410.852 175.964 12 10.8 by
428.18 175.964 22.02 10.8 their
455.516 175.964 27.636 10.8 users,
488.492 175.964 35.976 10.8 thereby

106.32 189.764 27.336 10.8 going
139.788 189.764 35.328 10.8 beyond
181.236 189.764 14.664 10.8 the
202.032 189.764 23.976 10.8 mere
232.128 189.764 45.372 10.8 provision
283.584 189.764 9.996 10.8 of
299.652 189.764 40.02 10.8 physical
345.816 189.764 41.316 10.8 facilities
393.252 189.764 17.328 10.8 and
416.7 189.764 53.904 10.8 performing
476.736 189.764 11.328 10.8 an
494.184 189.764 14.064 10.8 act
514.38 189.764 9.996 10.8 of

106.32 203.564 74.652 10.8 communication
184.944 203.564 9.336 10.8 to
198.192 203.564 14.664 10.8 the
216.78 203.564 33.08 10.8 public,
253.748 203.564 20.688 10.8 they
278.324 203.564 14.604 10.8 are
296.9 203.564 35.988 10.8 obliged
336.776 203.564 9.336 10.8 to
350.024 203.564 43.296 10.8 conclude
397.28 203.564 43.296 10.8 licensing
444.548 203.564 54.516 10.8 agreements
503.024 203.564 21.3 10.8 with

106.32 217.364 61.032 10.8 rightholders,
170.736 217.364 30.024 10.8 unless
204.252 217.364 20.688 10.8 they
228.348 217.364 14.676 10.8 are
246.504 217.364 36 10.8 eligible
285.912 217.364 13.992 10.8 for
303.36 217.364 14.664 10.8 the
321.516 217.364 37.356 10.8 liability
362.34 217.364 50.628 10.8 exemption
416.436 217.364 42.696 10.8 provided
462.612 217.364 9.336 10.8 in
475.38 217.364 33.384 10.8 Article
512.244 217.364 12 10.8 14

106.32 231.164 9.996 10.8 of
119.28 231.164 44.7 10.8 Directive
166.944 231.164 58.044 10.8 2000/31/EC
227.952 231.164 9.996 10.8 of
240.948 231.164 14.664 10.8 the
258.612 231.164 46.008 10.8 European
307.62 231.164 51.996 10.8 Parliament
362.616 231.164 17.352 10.8 and
382.968 231.164 9.996 10.8 of
395.928 231.164 14.628 10.8 the
413.556 231.164 38.004 10.8 Council
451.66 228.39 8.01 7.182 34
459.7 231.164 3 10.8 .

106.32 250.964 9.996 10.8 In
119.808 250.964 33.96 10.8 respect
157.224 250.964 9.996 10.8 of
170.652 250.964 33.312 10.8 Article
207.456 250.964 15 10.8 14,
225.864 250.964 6.672 10.8 it
235.98 250.964 8.004 10.8 is
247.488 250.964 46.748 10.8 necessary
297.728 250.964 9.336 10.8 to
310.556 250.964 28.644 10.8 verify
342.572 250.964 38.652 10.8 whether
384.668 250.964 14.664 10.8 the
402.764 250.964 34.02 10.8 service
440.24 250.964 40.656 10.8 provider
484.388 250.964 25.296 10.8 plays
513.104 250.964 11.28 10.8 an

106.32 264.764 28.656 10.8 active
138.336 264.764 21.66 10.8 role,
163.284 264.764 45.324 10.8 including
211.92 264.764 12 10.8 by
227.208 264.764 51.336 10.8 optimising
281.892 264.764 14.628 10.8 the
299.88 264.764 58.62 10.8 presentation
361.848 264.764 9.996 10.8 of
375.156 264.764 14.664 10.8 the
393.144 264.764 43.956 10.8 uploaded
440.46 264.764 29.268 10.8 works
473.088 264.764 9.996 10.8 or
486.396 264.764 38.26 10.8 subject-

106.32 278.564 30.612 10.8 matter
139.932 278.564 9.996 10.8 or
152.964 278.564 49.968 10.8 promoting
205.932 278.564 26.94 10.8 them,
235.872 278.564 56.04 10.8 irrespective
294.912 278.564 9.996 10.8 of
307.848 278.564 14.664 10.8 the
325.536 278.564 29.988 10.8 nature
358.524 278.564 9.996 10.8 of
371.52 278.564 14.664 10.8 the
389.184 278.564 30.66 10.8 means
422.844 278.564 22.02 10.8 used
447.864 278.564 40.968 10.8 therefor.

106.32 298.364 9.996 10.8 In
121.608 298.364 25.32 10.8 order
152.196 298.364 9.336 10.8 to
166.764 298.364 31.356 10.8 ensure
203.34 298.364 14.664 10.8 the
223.296 298.364 55.332 10.8 functioning
283.94 298.364 9.996 10.8 of
299.168 298.364 17.328 10.8 any
321.776 298.364 43.332 10.8 licensing
370.412 298.364 52.98 10.8 agreement,
428.66 298.364 56.604 10.8 information
490.556 298.364 33.936 10.8 society

106.32 312.164 34.02 10.8 service
146.376 312.164 45.312 10.8 providers
197.76 312.164 33.288 10.8 storing
237.096 312.164 17.328 10.8 and
260.484 312.164 46.704 10.8 providing
313.26 312.164 30.624 10.8 access
349.956 312.164 9.336 10.8 to
365.364 312.164 14.664 10.8 the
386.1 312.164 30.036 10.8 public
422.196 312.164 9.336 10.8 to
437.604 312.164 23.928 10.8 large
467.592 312.164 40.584 10.8 amounts
514.308 312.164 9.996 10.8 of

106.32 325.964 45.984 10.8 copyright
155.976 325.964 44.64 10.8 protected
204.252 325.964 29.328 10.8 works
237.24 325.964 9.996 10.8 or
250.908 325.964 24.684 10.8 other
279.204 325.964 68.684 10.8 subject-matter
351.536 325.964 44.028 10.8 uploaded
399.212 325.964 11.94 10.8 by
414.8 325.964 22.02 10.8 their
440.504 325.964 24.636 10.8 users
468.74 325.964 32.028 10.8 should
504.416 325.964 20.016 10.8 take

106.32 339.764 54.672 10.8 appropriate
164.184 339.764 17.328 10.8 and
184.752 339.764 64.644 10.8 proportionate
252.636 339.764 44.604 10.8 measures
300.48 339.764 9.336 10.8 to
313.22 339.764 31.296 10.8 ensure
347.696 339.764 48.696 10.8 protection
399.632 339.764 9.936 10.8 of
412.76 339.764 29.328 10.8 works
445.328 339.764 9.996 10.8 or
458.576 339.764 24.684 10.8 other
486.512 339.764 38.084 10.8 subject-

106.32 353.564 33.612 10.8 matter,
143.184 353.564 21.996 10.8 such
168.372 353.564 9.996 10.8 as
181.62 353.564 66.624 10.8 implementing
251.472 353.564 41.916 10.8 effective
296.628 353.564 63.624 10.8 technologies.
363.492 353.564 21.336 10.8 This
388.02 353.564 48.636 10.8 obligation
439.884 353.564 31.956 10.8 should
475.092 353.564 19.356 10.8 also
497.628 353.564 26.616 10.8 apply

106.32 367.364 25.992 10.8 when
135.948 367.364 14.664 10.8 the
154.284 367.364 56.604 10.8 information
214.56 367.364 34.056 10.8 society
252.264 367.364 33.924 10.8 service
289.8 367.364 45.36 10.8 providers
338.796 367.364 14.604 10.8 are
357.072 367.364 36 10.8 eligible
396.72 367.364 13.992 10.8 for
414.348 367.364 14.664 10.8 the
432.684 367.364 37.308 10.8 liability
473.652 367.364 50.628 10.8 exemption

106.32 381.164 42.696 10.8 provided
151.968 381.164 9.336 10.8 in
164.268 381.164 33.312 10.8 Article
200.604 381.164 12 10.8 14
215.604 381.164 9.996 10.8 of
228.564 381.164 44.676 10.8 Directive
276.32 381.164 60.948 10.8 2000/31/EC.

70.86 400.964 19.992 10.8 (39)
106.32 400.964 65.976 10.8 Collaboration
177.924 400.964 40.008 10.8 between
223.5 400.964 56.592 10.8 information
285.684 400.964 33.984 10.8 society
325.32 400.964 33.948 10.8 service
364.908 400.964 45.252 10.8 providers
415.764 400.964 33.336 10.8 storing
454.692 400.964 17.28 10.8 and
477.6 400.964 46.644 10.8 providing

106.32 414.784 30.672 10.8 access
141.324 414.784 9.336 10.8 to
155.052 414.784 14.628 10.8 the
174.06 414.784 30.036 10.8 public
208.416 414.784 9.336 10.8 to
222.144 414.784 23.988 10.8 large
250.512 414.784 40.584 10.8 amounts
295.488 414.784 9.996 10.8 of
309.816 414.784 45.984 10.8 copyright
360.192 414.784 44.664 10.8 protected
409.176 414.784 29.328 10.8 works
442.884 414.784 9.996 10.8 or
457.272 414.784 24.684 10.8 other
486.348 414.784 38.248 10.8 subject-

106.32 428.584 30.612 10.8 matter
142.464 428.584 43.956 10.8 uploaded
191.952 428.584 12 10.8 by
209.46 428.584 21.996 10.8 their
236.988 428.584 24.66 10.8 users
267.156 428.584 17.328 10.8 and
289.944 428.584 58.032 10.8 rightholders
353.46 428.584 8.004 10.8 is
367.008 428.584 41.304 10.8 essential
413.844 428.584 13.992 10.8 for
433.332 428.584 14.664 10.8 the
453.528 428.584 55.516 10.8 functioning
514.576 428.584 9.996 10.8 of

106.32 442.324 63.624 10.8 technologies,
175.572 442.324 21.996 10.8 such
203.22 442.324 9.996 10.8 as
218.808 442.324 35.304 10.8 content
259.704 442.324 54.672 10.8 recognition
319.968 442.324 63.672 10.8 technologies.
389.232 442.324 9.996 10.8 In
404.82 442.324 21.996 10.8 such
432.468 442.324 28.26 10.8 cases,
466.356 442.324 57.96 10.8 rightholders

106.32 456.124 32.028 10.8 should
141.396 456.124 36.66 10.8 provide
181.104 456.124 14.664 10.8 the
198.84 456.124 46.656 10.8 necessary
248.544 456.124 19.992 10.8 data
271.572 456.124 9.336 10.8 to
283.908 456.124 26.724 10.8 allow
313.656 456.124 14.664 10.8 the
331.392 456.124 38.652 10.8 services
373.068 456.124 9.336 10.8 to
385.476 456.124 37.332 10.8 identify
425.844 456.124 22.02 10.8 their
450.9 456.124 35.304 10.8 content
489.276 456.124 17.328 10.8 and
509.664 456.124 14.628 10.8 the

106.32 469.924 38.688 10.8 services
151.716 469.924 31.956 10.8 should
190.404 469.924 11.328 10.8 be
208.392 469.924 53.292 10.8 transparent
268.368 469.924 37.956 10.8 towards
313.056 469.924 57.996 10.8 rightholders
377.712 469.924 21.3 10.8 with
405.72 469.924 30.624 10.8 regard
443.076 469.924 9.336 10.8 to
459.084 469.924 14.664 10.8 the
480.7 469.924 43.896 10.8 deployed

106.32 483.724 63.624 10.8 technologies,
173.712 483.724 9.336 10.8 to
186.84 483.724 26.688 10.8 allow
217.296 483.724 14.628 10.8 the
235.704 483.724 53.28 10.8 assessment
292.776 483.724 9.996 10.8 of
306.504 483.724 22.02 10.8 their
332.328 483.724 78.216 10.8 appropriateness.
414.324 483.724 18.66 10.8 The
436.752 483.724 38.652 10.8 services
479.196 483.724 32.028 10.8 should
514.932 483.724 9.336 10.8 in

106.32 497.524 46.008 10.8 particular
156.156 497.524 36.6 10.8 provide
196.584 497.524 57.972 10.8 rightholders
258.36 497.524 21.336 10.8 with
283.428 497.524 56.604 10.8 information
343.884 497.524 12 10.8 on
359.712 497.524 14.664 10.8 the
378.18 497.524 20.664 10.8 type
402.588 497.524 9.996 10.8 of
416.376 497.524 60.672 10.8 technologies
480.888 497.524 24.948 10.8 used,
509.616 497.524 14.664 10.8 the

106.32 511.324 19.992 10.8 way
132.528 511.324 20.688 10.8 they
159.444 511.324 14.604 10.8 are
180.3 511.324 41.316 10.8 operated
227.808 511.324 17.328 10.8 and
251.376 511.324 22.02 10.8 their
279.552 511.324 36.012 10.8 success
321.756 511.324 18.012 10.8 rate
345.912 511.324 13.992 10.8 for
366.12 511.324 14.664 10.8 the
387.036 511.324 54.66 10.8 recognition
447.924 511.324 9.936 10.8 of
464.052 511.324 60.496 10.8 rightholders'

106.32 525.124 38.376 10.8 content.
147.864 525.124 29.256 10.8 Those
180.312 525.124 60.672 10.8 technologies
244.164 525.124 32.028 10.8 should
279.36 525.124 19.332 10.8 also
301.848 525.124 26.688 10.8 allow
331.704 525.124 57.96 10.8 rightholders
392.856 525.124 9.336 10.8 to
405.384 525.124 14.664 10.8 get
423.24 525.124 56.604 10.8 information
483.036 525.124 23.364 10.8 from
509.472 525.124 14.664 10.8 the

106.32 538.924 56.604 10.8 information
169.356 538.924 33.984 10.8 society
209.772 538.924 33.984 10.8 service
250.2 538.924 45.276 10.8 providers
301.896 538.924 12 10.8 on
320.304 538.924 14.628 10.8 the
341.292 538.924 15.996 10.8 use
363.72 538.924 9.996 10.8 of
380.088 538.924 22.02 10.8 their
408.504 538.924 35.352 10.8 content
450.24 538.924 37.956 10.8 covered
494.616 538.924 12 10.8 by
513.024 538.924 11.28 10.8 an

106.32 552.724 52.956 10.8 agreement.

70.86 572.524 19.992 10.8 (40)
106.32 572.524 35.376 10.8 Certain
146.664 572.524 57.912 10.8 rightholders
209.568 572.524 21.996 10.8 such
236.496 572.524 9.996 10.8 as
251.484 572.524 35.352 10.8 authors
291.78 572.524 17.328 10.8 and
314.088 572.524 52.584 10.8 performers
371.652 572.524 22.656 10.8 need
399.3 572.524 56.908 10.8 information
461.176 572.524 9.336 10.8 to
475.504 572.524 29.352 10.8 assess
509.848 572.524 14.628 10.8 the

106.32 586.324 46.584 10.8 economic
159.516 586.324 26.064 10.8 value
192.18 586.324 9.996 10.8 of
208.728 586.324 22.02 10.8 their
237.324 586.324 27.312 10.8 rights
271.26 586.324 29.328 10.8 which
307.188 586.324 14.676 10.8 are
328.464 586.324 55.908 10.8 harmonised
390.96 586.324 27.324 10.8 under
424.896 586.324 30 10.8 Union
461.484 586.324 20.352 10.8 law.
488.4 586.324 21.336 10.8 This
516.348 586.324 8.004 10.8 is

106.32 600.124 48.036 10.8 especially
158.784 600.124 14.628 10.8 the
177.912 600.124 20.676 10.8 case
203.088 600.124 29.244 10.8 where
236.844 600.124 21.996 10.8 such
263.352 600.124 57.912 10.8 rightholders
325.776 600.124 24.66 10.8 grant
354.924 600.124 5.328 10.8 a
364.752 600.124 33.984 10.8 licence
403.2 600.124 9.996 10.8 or
417.708 600.124 5.328 10.8 a
427.536 600.124 36.648 10.8 transfer
468.684 600.124 9.996 10.8 of
483.132 600.124 27.372 10.8 rights
514.968 600.124 9.336 10.8 in

106.32 613.924 28.716 10.8 return
138.564 613.924 13.992 10.8 for
156.012 613.924 66.972 10.8 remuneration.
226.476 613.924 13.332 10.8 As
243.324 613.924 35.352 10.8 authors
282.228 613.924 17.28 10.8 and
303.036 613.924 52.62 10.8 performers
359.208 613.924 20.688 10.8 tend
383.364 613.924 9.336 10.8 to
396.252 613.924 11.328 10.8 be
411.06 613.924 9.336 10.8 in
423.948 613.924 5.328 10.8 a
432.816 613.924 34.644 10.8 weaker
471.28 613.924 53.34 10.8 contractual

106.32 627.724 38.736 10.8 position
150.144 627.724 25.908 10.8 when
181.152 627.724 20.688 10.8 they
206.928 627.724 24.66 10.8 grant
236.676 627.724 38.664 10.8 licences
280.38 627.724 9.996 10.8 or
295.488 627.724 36.624 10.8 transfer
337.224 627.724 21.984 10.8 their
364.32 627.724 30.336 10.8 rights,
399.708 627.724 20.688 10.8 they
425.484 627.724 22.656 10.8 need
453.252 627.724 56.592 10.8 information
514.956 627.724 9.336 10.8 to

106.32 641.524 29.352 10.8 assess
140.784 641.524 14.664 10.8 the
160.62 641.524 47.316 10.8 continued
213.036 641.524 46.572 10.8 economic
264.78 641.524 25.992 10.8 value
295.908 641.524 9.996 10.8 of
311.016 641.524 22.02 10.8 their
338.112 641.524 30.372 10.8 rights,
373.608 641.524 47.316 10.8 compared
426.096 641.524 9.336 10.8 to
440.544 641.524 14.664 10.8 the
460.332 641.524 63.924 10.8 remuneration

106.32 655.324 40.668 10.8 received
152.976 655.324 13.992 10.8 for
172.884 655.324 22.02 10.8 their
200.82 655.324 33.924 10.8 licence
240.756 655.324 9.996 10.8 or
256.704 655.324 39.648 10.8 transfer,
302.352 655.324 15.336 10.8 but
323.64 655.324 20.688 10.8 they
350.256 655.324 24.648 10.8 often
380.892 655.324 19.98 10.8 face
406.8 655.324 5.328 10.8 a
418.128 655.324 19.992 10.8 lack
444.096 655.324 9.996 10.8 of
459.984 655.324 64.564 10.8 transparency.

106.32 669.124 50.328 10.8 Therefore,
161.856 669.124 14.628 10.8 the
181.704 669.124 35.328 10.8 sharing
222.192 669.124 9.996 10.8 of
237.36 669.124 42.672 10.8 adequate
285.216 669.124 56.604 10.8 information
347.052 669.124 12 10.8 by
364.26 669.124 21.996 10.8 their
391.428 669.124 53.304 10.8 contractual
449.904 669.124 59.304 10.8 counterparts
514.308 669.124 9.996 10.8 or

106.32 682.924 22.02 10.8 their
131.436 682.924 50.592 10.8 successors
185.172 682.924 9.336 10.8 in
197.58 682.924 18.708 10.8 title
219.336 682.924 8.004 10.8 is
230.424 682.924 46.632 10.8 important
280.188 682.924 13.992 10.8 for
297.276 682.924 14.664 10.8 the
315.012 682.924 61.344 10.8 transparency
379.488 682.924 17.328 10.8 and
399.876 682.924 36.672 10.8 balance
439.62 682.924 9.336 10.8 in
452.088 682.924 14.628 10.8 the
469.836 682.924 33.372 10.8 system
506.232 682.924 18.024 10.8 that

106.32 696.744 38.016 10.8 governs
147.336 696.744 14.688 10.8 the
164.976 696.744 63.924 10.8 remuneration
231.9 696.744 9.996 10.8 of
244.896 696.744 35.328 10.8 authors
283.188 696.744 17.328 10.8 and
303.516 696.744 55.656 10.8 performers.

70.86 726.734 6.48 5.832 34

106.86 728.816 37.2343 9.018 Directive
147.521 728.816 48.3966 9.018 2000/31/EC
199.274 728.816 8.34666 9.018 of
211.028 728.816 12.2444 9.018 the
226.619 728.816 38.3566 9.018 European
268.412 728.816 43.2463 9.018 Parliament
315.066 728.816 14.4689 9.018 and
332.981 728.816 8.34666 9.018 of
344.735 728.816 12.2444 9.018 the
360.386 728.816 31.7033 9.018 Council
395.476 728.816 8.34666 9.018 of
407.23 728.816 5.01 9.018 8
415.676 728.816 18.3667 9.018 June
437.45 728.816 19.9799 9.018 2000
460.827 728.816 10.02 9.018 on
474.253 728.816 27.2143 9.018 certain
504.904 728.816 19.4488 9.018 legal

106.86 740.276 28.9378 9.018 aspects
138.593 740.276 8.34666 9.018 of
149.806 740.276 47.1641 9.018 information
199.886 740.276 28.2865 9.018 society
231.008 740.276 34.7193 9.018 services,
268.613 740.276 7.79556 9.018 in
279.214 740.276 38.3165 9.018 particular
320.416 740.276 39.4487 9.018 electronic
362.701 740.276 44.088 9.018 commerce,
409.664 740.276 7.79556 9.018 in
420.52 740.276 12.1543 9.018 the
435.51 740.276 31.1121 9.018 Internal
469.448 740.276 28.9378 9.018 Market
501.161 740.276 14.509 9.018 (OJ
518.415 740.276 6.12222 9.018 L

106.86 751.796 17.535 9.018 178,
126.9 751.796 42.5048 9.018 17.7.2000,
171.91 751.796 7.515 9.018 p.
181.87 751.796 25.8519 9.018 1–16).

28.38 784.188 33.348 22.2 EN

291.62 793.224 12 10.8 21

533.62 784.188 33.348 22.2 EN

70.86 59.544 19.992 10.8 (41)
106.32 59.544 28.608 10.8 When
140.748 59.544 66.692 10.8 implementing
213.248 59.544 61.332 10.8 transparency
280.4 59.544 56.364 10.8 obligations,
342.524 59.544 14.664 10.8 the
363.02 59.544 57.324 10.8 specificities
426.164 59.544 9.996 10.8 of
441.932 59.544 41.292 10.8 different
489.056 59.544 35.304 10.8 content

106.32 73.344 33.348 10.8 sectors
145.536 73.344 17.328 10.8 and
168.684 73.344 9.996 10.8 of
184.512 73.344 14.664 10.8 the
205.068 73.344 27.312 10.8 rights
238.284 73.344 9.996 10.8 of
254.112 73.344 14.664 10.8 the
274.608 73.344 35.352 10.8 authors
315.852 73.344 17.28 10.8 and
338.94 73.344 52.584 10.8 performers
397.404 73.344 9.336 10.8 in
412.632 73.344 22.008 10.8 each
440.508 73.344 28.584 10.8 sector
474.984 73.344 31.956 10.8 should
512.772 73.344 11.376 10.8 be

106.32 87.144 55.02 10.8 considered.
164.556 87.144 40.584 10.8 Member
208.392 87.144 28.764 10.8 States
240.396 87.144 32.028 10.8 should
275.652 87.144 34.644 10.8 consult
313.548 87.144 12 10.8 all
328.776 87.144 38.676 10.8 relevant
370.692 87.144 59.94 10.8 stakeholders
433.884 87.144 9.996 10.8 as
447.132 87.144 18 10.8 that
468.36 87.144 32.028 10.8 should
503.616 87.144 20.664 10.8 help

106.32 100.944 47.94 10.8 determine
157.872 100.944 69.956 10.8 sector-specific
231.428 100.944 65.592 10.8 requirements.
300.62 100.944 49.248 10.8 Collective
353.468 100.944 51.276 10.8 bargaining
408.332 100.944 32.028 10.8 should
443.948 100.944 11.328 10.8 be
458.756 100.944 52.02 10.8 considered
514.352 100.944 9.948 10.8 as

106.32 114.744 11.328 10.8 an
125.688 114.744 30.708 10.8 option
164.364 114.744 9.336 10.8 to
181.692 114.744 26.004 10.8 reach
215.748 114.744 11.328 10.8 an
235.056 114.744 49.932 10.8 agreement
293.04 114.744 40.008 10.8 between
341.076 114.744 14.628 10.8 the
363.744 114.744 38.676 10.8 relevant
410.4 114.744 59.976 10.8 stakeholders
478.416 114.744 45.936 10.8 regarding

106.32 128.544 64.308 10.8 transparency.
179.616 128.544 13.332 10.8 To
201.924 128.544 31.32 10.8 enable
242.232 128.544 14.664 10.8 the
265.908 128.544 49.992 10.8 adaptation
324.876 128.544 9.996 10.8 of
343.824 128.544 34.032 10.8 current
386.808 128.544 43.992 10.8 reporting
439.812 128.544 42.564 10.8 practices
491.388 128.544 9.336 10.8 to
509.736 128.544 14.628 10.8 the

106.32 142.364 61.344 10.8 transparency
177.516 142.364 56.304 10.8 obligations,
243.72 142.364 5.328 10.8 a
258.948 142.364 54.008 10.8 transitional
322.868 142.364 30.6 10.8 period
363.356 142.364 32.028 10.8 should
405.212 142.364 11.328 10.8 be
426.44 142.364 42.588 10.8 provided
478.928 142.364 16.992 10.8 for.
505.736 142.364 18.66 10.8 The

106.32 156.164 61.344 10.8 transparency
170.916 156.164 53.364 10.8 obligations
227.52 156.164 12 10.8 do
242.808 156.164 15.336 10.8 not
261.456 156.164 22.656 10.8 need
287.364 156.164 9.336 10.8 to
300.012 156.164 26.688 10.8 apply
329.988 156.164 9.336 10.8 to
342.576 156.164 54.564 10.8 agreements
400.44 156.164 49.356 10.8 concluded
453.096 156.164 21.276 10.8 with
477.684 156.164 46.656 10.8 collective

106.32 169.964 61.212 10.8 management
173.124 169.964 63.984 10.8 organisations
242.628 169.964 9.996 10.8 as
258.156 169.964 25.332 10.8 those
288.924 169.964 14.676 10.8 are
309.12 169.964 35.304 10.8 already
349.896 169.964 34.02 10.8 subject
389.412 169.964 9.336 10.8 to
404.22 169.964 61.344 10.8 transparency
471.036 169.964 53.304 10.8 obligations

106.32 183.764 27.324 10.8 under
136.668 183.764 44.604 10.8 Directive
184.296 183.764 61.596 10.8 2014/26/EU.

70.86 203.564 19.992 10.8 (42)
106.32 203.564 35.376 10.8 Certain
145.644 203.564 43.356 10.8 contracts
193.1 203.564 13.992 10.8 for
211.028 203.564 14.664 10.8 the
229.676 203.564 57.324 10.8 exploitation
290.972 203.564 9.996 10.8 of
304.94 203.564 27.372 10.8 rights
336.356 203.564 55.908 10.8 harmonised
396.272 203.564 8.664 10.8 at
408.968 203.564 30 10.8 Union
442.976 203.564 23.352 10.8 level
470.3 203.564 14.676 10.8 are
488.996 203.564 9.996 10.8 of
502.964 203.564 21.336 10.8 long

106.32 217.364 43.02 10.8 duration,
152.376 217.364 38.676 10.8 offering
194.1 217.364 17.988 10.8 few
215.088 217.364 57.42 10.8 possibilities
275.58 217.364 13.992 10.8 for
292.608 217.364 35.352 10.8 authors
331.032 217.364 17.28 10.8 and
351.36 217.364 52.632 10.8 performers
407.052 217.364 9.336 10.8 to
419.46 217.364 53.34 10.8 renegotiate
475.884 217.364 24.024 10.8 them
502.86 217.364 21.408 10.8 with

106.32 231.164 22.02 10.8 their
132.156 231.164 53.304 10.8 contractual
189.312 231.164 59.232 10.8 counterparts
252.408 231.164 9.936 10.8 or
266.196 231.164 21.936 10.8 their
291.984 231.164 50.664 10.8 successors
346.428 231.164 9.336 10.8 in
359.616 231.164 21.672 10.8 title.
385.104 231.164 50.268 10.8 Therefore,
439.2 231.164 36.636 10.8 without
479.688 231.164 44.652 10.8 prejudice

106.32 244.964 9.336 10.8 to
120.048 244.964 14.664 10.8 the
139.1 244.964 17.352 10.8 law
160.736 244.964 49.272 10.8 applicable
214.34 244.964 9.336 10.8 to
228.008 244.964 43.296 10.8 contracts
275.684 244.964 9.336 10.8 in
289.352 244.964 40.584 10.8 Member
334.328 244.964 31.704 10.8 States,
370.364 244.964 23.988 10.8 there
398.732 244.964 31.956 10.8 should
435.08 244.964 11.328 10.8 be
450.728 244.964 5.328 10.8 a
460.436 244.964 63.912 10.8 remuneration

106.32 258.764 52.632 10.8 adjustment
164.184 258.764 54.672 10.8 mechanism
224.028 258.764 13.992 10.8 for
243.216 258.764 25.344 10.8 cases
273.792 258.764 29.316 10.8 where
308.34 258.764 14.664 10.8 the
328.236 258.764 63.924 10.8 remuneration
397.332 258.764 46.692 10.8 originally
449.256 258.764 31.956 10.8 agreed
486.432 258.764 27.324 10.8 under
518.94 258.764 5.328 10.8 a

106.32 272.564 33.984 10.8 licence
146.256 272.564 9.936 10.8 or
162.144 272.564 5.328 10.8 a
173.352 272.564 36.636 10.8 transfer
215.928 272.564 9.996 10.8 of
231.816 272.564 27.312 10.8 rights
265.032 272.564 8.004 10.8 is
279 272.564 87.984 10.8 disproportionately
372.852 272.564 18 10.8 low
396.78 272.564 47.244 10.8 compared
449.964 272.564 9.336 10.8 to
465.192 272.564 14.664 10.8 the
485.748 272.564 38.556 10.8 relevant

106.32 286.364 42.672 10.8 revenues
152.796 286.364 17.28 10.8 and
173.844 286.364 14.664 10.8 the
192.38 286.364 37.944 10.8 benefits
234.128 286.364 35.988 10.8 derived
273.896 286.364 23.304 10.8 from
300.872 286.364 14.664 10.8 the
319.328 286.364 57.336 10.8 exploitation
380.456 286.364 9.996 10.8 of
394.184 286.364 14.628 10.8 the
412.592 286.364 24.66 10.8 work
441.02 286.364 9.996 10.8 or
454.808 286.364 14.628 10.8 the
473.216 286.364 37.368 10.8 fixation
514.292 286.364 10.044 10.8 of

106.32 300.164 14.664 10.8 the
124.716 300.164 63.588 10.8 performance,
191.964 300.164 45.324 10.8 including
241.02 300.164 9.336 10.8 in
254.028 300.164 22.008 10.8 light
279.696 300.164 9.996 10.8 of
293.364 300.164 14.664 10.8 the
311.76 300.164 61.284 10.8 transparency
376.716 300.164 37.32 10.8 ensured
417.744 300.164 12 10.8 by
433.392 300.164 17.34 10.8 this
454.38 300.164 47.676 10.8 Directive.
505.776 300.164 18.588 10.8 The

106.32 313.964 53.28 10.8 assessment
163.572 313.964 9.996 10.8 of
177.48 313.964 14.664 10.8 the
196.116 313.964 41.388 10.8 situation
241.452 313.964 32.028 10.8 should
277.428 313.964 19.992 10.8 take
301.356 313.964 37.344 10.8 account
342.612 313.964 9.996 10.8 of
356.52 313.964 14.664 10.8 the
375.156 313.964 37.272 10.8 specific
416.4 313.964 67.968 10.8 circumstances
488.34 313.964 9.996 10.8 of
502.248 313.964 21.984 10.8 each

106.32 327.764 20.676 10.8 case
130.236 327.764 9.996 10.8 as
143.484 327.764 20.616 10.8 well
167.36 327.764 9.996 10.8 as
180.608 327.764 9.996 10.8 of
193.796 327.764 14.664 10.8 the
211.712 327.764 57.324 10.8 specificities
272.228 327.764 17.28 10.8 and
292.736 327.764 42.672 10.8 practices
338.66 327.764 9.936 10.8 of
351.788 327.764 14.664 10.8 the
369.704 327.764 41.292 10.8 different
414.248 327.764 35.304 10.8 content
452.804 327.764 36.312 10.8 sectors.
492.38 327.764 31.896 10.8 Where

106.32 341.564 14.664 10.8 the
124.116 341.564 32.016 10.8 parties
159.252 341.564 11.94 10.8 do
174.3 341.564 15.336 10.8 not
192.768 341.564 26.004 10.8 agree
221.904 341.564 12 10.8 on
237.012 341.564 14.664 10.8 the
254.808 341.564 52.572 10.8 adjustment
310.512 341.564 9.996 10.8 of
323.64 341.564 14.664 10.8 the
341.436 341.564 66.96 10.8 remuneration,
411.528 341.564 14.664 10.8 the
429.324 341.564 30.684 10.8 author
463.08 341.564 9.996 10.8 or
476.208 341.564 47.952 10.8 performer

106.32 355.364 32.028 10.8 should
141.348 355.364 11.328 10.8 be
155.676 355.364 36 10.8 entitled
194.676 355.364 9.36 10.8 to
207.036 355.364 25.248 10.8 bring
235.284 355.364 5.328 10.8 a
243.612 355.364 26.652 10.8 claim
273.192 355.364 30.708 10.8 before
306.9 355.364 5.328 10.8 a
315.228 355.364 24.696 10.8 court
342.888 355.364 9.996 10.8 or
355.884 355.364 24.696 10.8 other
383.544 355.364 49.992 10.8 competent
436.512 355.364 46.332 10.8 authority.

70.86 375.164 19.992 10.8 (43)
106.32 375.164 38.684 10.8 Authors
152.096 375.164 17.28 10.8 and
176.444 375.164 52.584 10.8 performers
236.108 375.164 14.676 10.8 are
257.804 375.164 24.648 10.8 often
289.46 375.164 41.952 10.8 reluctant
338.504 375.164 9.336 10.8 to
354.872 375.164 35.976 10.8 enforce
397.88 375.164 21.984 10.8 their
426.896 375.164 27.312 10.8 rights
461.252 375.164 33.984 10.8 against
502.328 375.164 21.96 10.8 their

106.32 388.964 53.34 10.8 contractual
162.696 388.964 38.676 10.8 partners
204.492 388.964 30.588 10.8 before
238.2 388.964 5.328 10.8 a
246.588 388.964 24.66 10.8 court
274.356 388.964 9.936 10.8 or
287.424 388.964 40.296 10.8 tribunal.
330.852 388.964 40.524 10.8 Member
374.508 388.964 28.656 10.8 States
406.284 388.964 32.028 10.8 should
441.36 388.964 43.308 10.8 therefore
487.788 388.964 36.6 10.8 provide

106.32 402.764 13.992 10.8 for
127.728 402.764 11.328 10.8 an
146.496 402.764 50.616 10.8 alternative
204.54 402.764 34.668 10.8 dispute
246.648 402.764 47.94 10.8 resolution
302.016 402.764 47.952 10.8 procedure
357.42 402.764 18 10.8 that
382.848 402.764 45.984 10.8 addresses
436.212 402.764 31.176 10.8 claims
474.828 402.764 32.724 10.8 related
514.92 402.764 9.336 10.8 to

106.32 416.584 53.408 10.8 obligations
162.68 416.584 9.996 10.8 of
175.64 416.584 61.284 10.8 transparency
239.924 416.584 17.328 10.8 and
260.252 416.584 14.7 10.8 the
277.904 416.584 38.676 10.8 contract
319.58 416.584 52.536 10.8 adjustment
375.188 416.584 57.528 10.8 mechanism.

70.86 436.324 19.992 10.8 (44)
106.32 436.324 18.66 10.8 The
129.588 436.324 48.636 10.8 objectives
182.844 436.324 9.996 10.8 of
197.412 436.324 17.376 10.8 this
219.348 436.324 47.676 10.8 Directive,
271.644 436.324 35.208 10.8 namely
311.46 436.324 14.664 10.8 the
330.756 436.324 68.628 10.8 modernisation
403.992 436.324 9.996 10.8 of
418.56 436.324 32.628 10.8 certain
455.796 436.324 34.68 10.8 aspects
495.072 436.324 9.996 10.8 of
509.64 436.324 14.664 10.8 the

106.32 450.124 30 10.8 Union
140.748 450.124 46.02 10.8 copyright
191.232 450.124 52.548 10.8 framework
248.22 450.124 9.336 10.8 to
262.008 450.124 19.956 10.8 take
286.404 450.124 37.284 10.8 account
328.14 450.124 9.936 10.8 of
342.468 450.124 64.668 10.8 technological
411.6 450.124 66.516 10.8 developments
482.556 450.124 17.328 10.8 and
504.324 450.124 19.992 10.8 new

106.32 463.924 42.012 10.8 channels
155.676 463.924 9.996 10.8 of
172.884 463.924 55.308 10.8 distribution
235.5 463.924 9.996 10.8 of
252.86 463.924 44.724 10.8 protected
304.904 463.924 35.304 10.8 content
347.48 463.924 9.336 10.8 in
364.148 463.924 14.664 10.8 the
386.144 463.924 36.684 10.8 internal
430.16 463.924 36.276 10.8 market,
473.744 463.924 31.992 10.8 cannot
513.08 463.924 11.268 10.8 be

106.32 477.724 54.684 10.8 sufficiently
164.172 477.724 42.684 10.8 achieved
210.108 477.724 12 10.8 by
225.276 477.724 40.584 10.8 Member
269.112 477.724 28.704 10.8 States
301.068 477.724 15.336 10.8 but
319.656 477.724 16.656 10.8 can
339.564 477.724 31.008 10.8 rather,
373.8 477.724 12 10.8 by
389.028 477.724 31.248 10.8 reason
423.516 477.724 9.996 10.8 of
436.704 477.724 22.02 10.8 their
461.988 477.724 27.036 10.8 scale,
492.252 477.724 31.92 10.8 effects

106.32 491.524 17.328 10.8 and
127.908 491.524 59.996 10.8 cross-border
192.176 491.524 52.932 10.8 dimension,
249.392 491.524 11.328 10.8 be
264.98 491.524 27.204 10.8 better
296.456 491.524 42.636 10.8 achieved
343.232 491.524 8.664 10.8 at
356.168 491.524 30 10.8 Union
390.356 491.524 26.328 10.8 level.
420.944 491.524 50.268 10.8 Therefore,
475.46 491.524 14.628 10.8 the
494.348 491.524 29.94 10.8 Union

106.32 505.324 20.568 10.8 may
132.288 505.324 26.664 10.8 adopt
164.424 505.324 44.604 10.8 measures
214.428 505.324 9.336 10.8 in
229.176 505.324 54.092 10.8 accordance
288.608 505.324 21.336 10.8 with
315.356 505.324 14.664 10.8 the
335.432 505.324 42.624 10.8 principle
383.456 505.324 9.996 10.8 of
398.804 505.324 56.004 10.8 subsidiarity
460.16 505.324 9.996 10.8 as
475.568 505.324 13.332 10.8 set
494.324 505.324 15.336 10.8 out
515.012 505.324 9.336 10.8 in

106.32 519.124 33.312 10.8 Article
142.7 519.124 6 10.8 5
155.048 519.124 9.996 10.8 of
171.356 519.124 14.664 10.8 the
192.392 519.124 31.32 10.8 Treaty
230 519.124 12 10.8 on
248.348 519.124 46.008 10.8 European
300.704 519.124 33 10.8 Union.
340.052 519.124 9.996 10.8 In
356.36 519.124 53.904 10.8 accordance
416.624 519.124 21.336 10.8 with
444.332 519.124 14.664 10.8 the
465.308 519.124 42.684 10.8 principle
514.352 519.124 9.996 10.8 of

106.32 532.924 75.036 10.8 proportionality,
185.856 532.924 9.996 10.8 as
200.304 532.924 13.332 10.8 set
218.16 532.924 15.276 10.8 out
237.948 532.924 9.336 10.8 in
251.796 532.924 17.964 10.8 that
274.272 532.924 36.276 10.8 Article,
314.988 532.924 17.376 10.8 this
336.804 532.924 44.676 10.8 Directive
385.98 532.924 21.936 10.8 does
412.428 532.924 15.336 10.8 not
432.276 532.924 12 10.8 go
448.764 532.924 35.268 10.8 beyond
488.532 532.924 23.328 10.8 what
516.3 532.924 8.004 10.8 is

106.32 546.724 46.668 10.8 necessary
155.988 546.724 9.336 10.8 in
168.288 546.724 25.344 10.8 order
196.632 546.724 9.372 10.8 to
208.944 546.724 36.636 10.8 achieve
248.58 546.724 25.332 10.8 those
276.912 546.724 51.716 10.8 objectives.

70.86 566.524 19.992 10.8 (45)
106.32 566.524 21.336 10.8 This
131.508 566.524 44.628 10.8 Directive
179.964 566.524 38.676 10.8 respects
222.42 566.524 14.628 10.8 the
240.888 566.524 59.94 10.8 fundamental
304.62 566.524 27.312 10.8 rights
335.796 566.524 17.28 10.8 and
356.904 566.524 42.024 10.8 observes
402.72 566.524 14.664 10.8 the
421.236 566.524 47.28 10.8 principles
472.332 566.524 51.96 10.8 recognised

106.32 580.324 9.336 10.8 in
124.068 580.324 45.924 10.8 particular
178.404 580.324 12 10.8 by
198.792 580.324 14.664 10.8 the
221.868 580.324 36.012 10.8 Charter
266.292 580.324 9.996 10.8 of
284.64 580.324 62.7 10.8 Fundamental
355.752 580.324 31.344 10.8 Rights
395.46 580.324 9.996 10.8 of
413.808 580.324 14.664 10.8 the
436.884 580.324 46.008 10.8 European
491.28 580.324 33 10.8 Union.

106.32 594.124 62.988 10.8 Accordingly,
172.536 594.124 17.34 10.8 this
193.104 594.124 44.568 10.8 Directive
240.912 594.124 32.028 10.8 should
276.108 594.124 11.328 10.8 be
290.616 594.124 51.984 10.8 interpreted
345.744 594.124 17.328 10.8 and
366.312 594.124 35.328 10.8 applied
404.76 594.124 9.336 10.8 in
417.348 594.124 53.928 10.8 accordance
474.516 594.124 21.336 10.8 with
499.044 594.124 25.552 10.8 those

106.32 607.924 27.372 10.8 rights
136.692 607.924 17.328 10.8 and
157.02 607.924 50.292 10.8 principles.

70.86 627.724 19.992 10.8 (46)
106.32 627.724 20.664 10.8 Any
133.008 627.724 51.348 10.8 processing
190.404 627.724 9.996 10.8 of
206.412 627.724 40.608 10.8 personal
253.08 627.724 19.956 10.8 data
278.976 627.724 27.324 10.8 under
312.312 627.724 17.376 10.8 this
335.628 627.724 44.676 10.8 Directive
386.304 627.724 31.956 10.8 should
424.332 627.724 33.936 10.8 respect
464.28 627.724 59.952 10.8 fundamental

106.32 641.524 30.372 10.8 rights,
142.776 641.524 45.324 10.8 including
194.232 641.524 14.664 10.8 the
215.028 641.524 22.668 10.8 right
243.816 641.524 9.336 10.8 to
259.284 641.524 33.96 10.8 respect
299.388 641.524 13.992 10.8 for
319.476 641.524 33.324 10.8 private
358.92 641.524 17.328 10.8 and
382.368 641.524 31.248 10.8 family
419.724 641.524 16.032 10.8 life
441.84 641.524 17.388 10.8 and
465.336 641.524 14.664 10.8 the
486.132 641.524 22.644 10.8 right
514.908 641.524 9.336 10.8 to

106.32 655.324 48.696 10.8 protection
160.476 655.324 9.936 10.8 of
175.824 655.324 40.68 10.8 personal
221.928 655.324 20.016 10.8 data
247.404 655.324 27.276 10.8 under
280.092 655.324 38.004 10.8 Articles
323.556 655.324 6 10.8 7
335.004 655.324 17.28 10.8 and
357.732 655.324 6 10.8 8
369.18 655.324 9.996 10.8 of
384.588 655.324 14.664 10.8 the
404.724 655.324 36.268 10.8 Charter
446.464 655.324 9.996 10.8 of
461.812 655.324 62.64 10.8 Fundamental

106.32 669.124 31.344 10.8 Rights
141.348 669.124 9.996 10.8 of
154.956 669.124 14.664 10.8 the
173.292 669.124 46.008 10.8 European
222.888 669.124 30 10.8 Union
256.536 669.124 17.328 10.8 and
277.524 669.124 23.34 10.8 must
304.512 669.124 11.328 10.8 be
319.5 669.124 9.336 10.8 in
332.508 669.124 55.26 10.8 compliance
391.38 669.124 21.336 10.8 with
416.388 669.124 44.628 10.8 Directive
464.664 669.124 46.044 10.8 95/46/EC
514.26 669.124 9.996 10.8 of

106.32 682.924 14.664 10.8 the
127.716 682.924 45.984 10.8 European
180.384 682.924 51.96 10.8 Parliament
239.076 682.924 17.328 10.8 and
263.124 682.924 9.996 10.8 of
279.792 682.924 14.664 10.8 the
301.188 682.924 38.004 10.8 Council
339.32 680.15 8.01 7.182 35
353.06 682.924 17.328 10.8 and
377.108 682.924 44.616 10.8 Directive
428.444 682.924 58.008 10.8 2002/58/EC
493.112 682.924 9.996 10.8 of
509.78 682.924 14.664 10.8 the

106.32 696.744 46.008 10.8 European
155.328 696.744 51.852 10.8 Parliament
210.204 696.744 17.328 10.8 and
230.532 696.744 9.996 10.8 of
243.528 696.744 14.664 10.8 the
261.192 696.744 38.004 10.8 Council
299.24 693.95 8.01 7.182 36
307.28 696.744 3 10.8 .

70.86 738.194 6.48 5.832 35

106.86 740.276 37.2343 9.018 Directive
149.445 740.276 38.3566 9.018 95/46/EC
193.112 740.276 8.34666 9.018 of
206.83 740.276 12.2444 9.018 the
224.344 740.276 38.3566 9.018 European
268.062 740.276 43.2062 9.018 Parliament
316.589 740.276 14.4689 9.018 and
336.428 740.276 8.34666 9.018 of
350.095 740.276 12.2444 9.018 the
367.661 740.276 31.7634 9.018 Council
404.725 740.276 8.34666 9.018 of
418.442 740.276 10.02 9.018 24
433.793 740.276 32.1842 9.018 October
471.267 740.276 20.04 9.018 1995
496.688 740.276 10.02 9.018 on
512.039 740.276 12.2444 9.018 the

106.86 751.796 40.581 9.018 protection
150.928 751.796 8.34666 9.018 of
162.842 751.796 44.4086 9.018 individuals
210.757 751.796 17.7254 9.018 with
232.04 751.796 25.541 9.018 regard
261.128 751.796 7.79556 9.018 to
272.461 751.796 12.1543 9.018 the
288.102 751.796 42.7754 9.018 processing
334.394 751.796 8.34666 9.018 of
346.268 751.796 33.9177 9.018 personal
383.683 751.796 16.6933 9.018 data
403.833 751.796 14.4689 9.018 and
421.809 751.796 10.02 9.018 on
435.356 751.796 12.2444 9.018 the
451.067 751.796 15.541 9.018 free
470.185 751.796 42.1141 9.018 movement
515.826 751.796 8.34666 9.018 of

28.38 784.188 33.348 22.2 EN

291.62 793.224 12 10.8 22

533.62 784.188 33.348 22.2 EN

70.86 59.544 19.992 10.8 (47)
106.32 59.544 9.996 10.8 In
120.588 59.544 53.892 10.8 accordance
178.752 59.544 21.336 10.8 with
204.3 59.544 14.664 10.8 the
223.176 59.544 23.34 10.8 Joint
250.812 59.544 40.052 10.8 Political
295.136 59.544 55.932 10.8 Declaration
355.304 59.544 9.996 10.8 of
369.512 59.544 12 10.8 28
385.76 59.544 51.264 10.8 September
441.296 59.544 24 10.8 2011
469.544 59.544 9.996 10.8 of
483.752 59.544 40.656 10.8 Member

106.32 73.344 28.704 10.8 States
143.136 73.344 17.328 10.8 and
168.564 73.344 14.664 10.8 the
191.4 73.344 60.564 10.8 Commission
260.136 73.344 12 10.8 on
280.284 73.344 56.628 10.8 explanatory
345.06 73.344 51.972 10.8 documents
397.18 70.5697 8.01 7.182 37
405.22 73.344 3 10.8 ,
416.368 73.344 40.584 10.8 Member
465.184 73.344 28.656 10.8 States
502 73.344 22.548 10.8 have

106.32 87.144 53.304 10.8 undertaken
165.264 87.144 9.336 10.8 to
180.312 87.144 57.576 10.8 accompany,
243.588 87.144 9.336 10.8 in
258.636 87.144 39.336 10.8 justified
303.684 87.144 28.32 10.8 cases,
337.692 87.144 14.628 10.8 the
358.02 87.144 55.32 10.8 notification
419.016 87.144 9.996 10.8 of
434.664 87.144 22.02 10.8 their
462.348 87.144 61.968 10.8 transposition

106.32 100.944 44.604 10.8 measures
158.064 100.944 21.384 10.8 with
186.6 100.944 17.328 10.8 one
211.068 100.944 9.996 10.8 or
228.216 100.944 24.564 10.8 more
259.932 100.944 51.984 10.8 documents
319.056 100.944 50.652 10.8 explaining
377.08 100.944 14.664 10.8 the
398.848 100.944 56.712 10.8 relationship
462.652 100.944 40.008 10.8 between
509.788 100.944 14.664 10.8 the

106.32 114.744 57.936 10.8 components
171.096 114.744 9.996 10.8 of
187.884 114.744 5.328 10.8 a
200.052 114.744 42.024 10.8 directive
248.868 114.744 17.328 10.8 and
273.036 114.744 14.628 10.8 the
294.504 114.744 68.604 10.8 corresponding
369.96 114.744 23.328 10.8 parts
400.068 114.744 9.996 10.8 of
416.856 114.744 38.712 10.8 national
462.36 114.744 61.968 10.8 transposition

106.32 128.544 59.004 10.8 instruments.
168.984 128.544 23.928 10.8 With
196.56 128.544 30.672 10.8 regard
230.856 128.544 9.336 10.8 to
243.864 128.544 17.376 10.8 this
264.9 128.544 47.556 10.8 Directive,
316.116 128.544 14.664 10.8 the
334.392 128.544 44.664 10.8 legislator
382.668 128.544 45.312 10.8 considers
431.592 128.544 14.664 10.8 the
449.928 128.544 60.624 10.8 transmission
514.224 128.544 9.996 10.8 of

106.32 142.364 21.996 10.8 such
131.316 142.364 52.008 10.8 documents
186.324 142.364 9.336 10.8 to
198.66 142.364 11.328 10.8 be
212.988 142.364 42.336 10.8 justified,

70.86 162.164 33.276 10.8 HAVE
107.136 162.164 55.98 10.8 ADOPTED
166.116 162.164 26.7 10.8 THIS
195.816 162.164 66.68 10.8 DIRECTIVE:

106.86 648.276 18.3166 9.018 such
128.433 648.276 16.6933 9.018 data
148.34 648.276 14.509 9.018 (OJ
165.955 648.276 6.12222 9.018 L
175.304 648.276 17.535 9.018 281,
196.055 648.276 47.5148 9.018 23.11.1995,
246.756 648.276 7.515 9.018 p.
257.488 648.276 30.8737 9.018 31–50).
291.608 648.276 17.8156 9.018 This
312.6 648.276 37.2343 9.018 Directive
353.021 648.276 6.68334 9.018 is
362.91 648.276 33.8576 9.018 repealed
399.964 648.276 17.8156 9.018 with
421.016 648.276 22.7554 9.018 effect
446.978 648.276 19.4388 9.018 from
469.583 648.276 10.02 9.018 25
482.88 648.276 18.3266 9.018 May
504.403 648.276 19.9799 9.018 2018

106.86 659.796 14.4689 9.018 and
124.595 659.796 18.8677 9.018 shall
146.659 659.796 9.45888 9.018 be
159.365 659.796 33.8876 9.018 replaced
196.489 659.796 10.02 9.018 by
209.735 659.796 43.8676 9.018 Regulation
256.879 659.796 19.9598 9.018 (EU)
280.096 659.796 37.7954 9.018 2016/679
321.118 659.796 8.34666 9.018 of
332.691 659.796 12.2444 9.018 the
348.102 659.796 38.3566 9.018 European
389.715 659.796 43.2664 9.018 Parliament
436.207 659.796 14.4689 9.018 and
453.943 659.796 8.34666 9.018 of
465.496 659.796 12.2444 9.018 the
480.967 659.796 31.7333 9.018 Council
515.876 659.796 8.34666 9.018 of

106.86 671.316 10.02 9.018 27
119.495 671.316 21.1522 9.018 April
143.243 671.316 20.04 9.018 2016
165.848 671.316 10.02 9.018 on
178.543 671.316 12.1843 9.018 the
193.353 671.316 40.581 9.018 protection
236.519 671.316 8.34666 9.018 of
247.471 671.316 27.7955 9.018 natural
277.881 671.316 30.571 9.018 persons
311.048 671.316 17.8156 9.018 with
331.498 671.316 25.5009 9.018 regard
359.665 671.316 7.79556 9.018 to
370.36 671.316 12.1843 9.018 the
385.17 671.316 42.8054 9.018 processing
430.57 671.316 8.34666 9.018 of
441.522 671.316 33.9177 9.018 personal
478.035 671.316 16.6933 9.018 data
497.343 671.316 14.4288 9.018 and
514.428 671.316 10.02 9.018 on

106.86 682.776 12.2444 9.018 the
121.609 682.776 15.5711 9.018 free
139.686 682.776 42.104 9.018 movement
184.295 682.776 8.37672 9.018 of
195.136 682.776 18.3366 9.018 such
215.978 682.776 19.1282 9.018 data,
237.611 682.776 14.4689 9.018 and
254.555 682.776 37.1842 9.018 repealing
294.244 682.776 37.2143 9.018 Directive
333.913 682.776 38.3566 9.018 95/46/EC
374.775 682.776 34.9297 9.018 (General
412.209 682.776 18.9178 9.018 Data
433.572 682.776 41.1321 9.018 Protection
477.229 682.776 47.2042 9.018 Regulation)

106.86 694.316 14.509 9.018 (OJ
123.814 694.316 6.12222 9.018 L
132.411 694.316 17.535 9.018 119,
152.391 694.316 37.5149 9.018 4.5.2016,
192.401 694.316 7.515 9.018 p.
202.421 694.316 25.8609 9.018 1–88).

70.86 703.694 6.48 5.832 36

106.86 705.776 37.2343 9.018 Directive
147.521 705.776 48.3966 9.018 2002/58/EC
199.274 705.776 8.34666 9.018 of
211.028 705.776 12.2444 9.018 the
226.679 705.776 38.3566 9.018 European
268.473 705.776 43.2664 9.018 Parliament
315.146 705.776 14.4689 9.018 and
333.061 705.776 8.34666 9.018 of
344.815 705.776 12.2444 9.018 the
360.466 705.776 31.7033 9.018 Council
395.556 705.776 8.34666 9.018 of
407.29 705.776 10.02 9.018 12
420.767 705.776 16.6432 9.018 July
440.797 705.776 20.04 9.018 2002
464.5 705.776 44.4387 9.018 concerning
512.356 705.776 12.2444 9.018 the

106.86 717.296 42.7754 9.018 processing
154.295 717.296 8.34666 9.018 of
167.291 717.296 33.9177 9.018 personal
205.848 717.296 16.6933 9.018 data
227.2 717.296 14.4689 9.018 and
246.378 717.296 12.2444 9.018 the
263.232 717.296 40.5008 9.018 protection
308.452 717.296 8.34666 9.018 of
321.458 717.296 29.9498 9.018 privacy
356.047 717.296 7.79556 9.018 in
368.522 717.296 12.2444 9.018 the
385.436 717.296 39.559 9.018 electronic
429.634 717.296 66.1019 9.018 communications
500.406 717.296 23.8877 9.018 sector

106.86 728.816 40.6111 9.018 (Directive
152.02 728.816 10.02 9.018 on
166.649 728.816 29.9999 9.018 privacy
201.238 728.816 14.4689 9.018 and
220.357 728.816 39.3786 9.018 electronic
264.334 728.816 69.4386 9.018 communications)
338.412 728.816 14.4288 9.018 (OJ
357.48 728.816 6.12222 9.018 L
368.212 728.816 17.535 9.018 201,
390.346 728.816 42.5048 9.018 31.7.2002,
437.49 728.816 7.515 9.018 p.
449.604 728.816 30.9974 9.018 37–47),
485.241 728.816 26.3626 9.018 called,
516.243 728.816 8.27652 9.018 as

106.86 740.276 36.1321 9.018 amended
145.457 740.276 10.0501 9.018 by
157.942 740.276 41.072 9.018 Directives
201.519 740.276 48.3866 9.018 2006/24/EC
252.36 740.276 14.4689 9.018 and
269.294 740.276 55.9118 9.018 2009/136/EC,
327.711 740.176 12.2444 9.10818 the
342.43 740.176 42.7306 9.10818 “e-Privacy
387.666 740.176 44.098 9.10818 Directive”.

70.86 749.714 6.48 5.832 37

106.86 751.796 11.1322 9.018 OJ
120.527 751.796 6.68334 9.018 C
129.645 751.796 17.535 9.018 369,
149.625 751.796 47.5349 9.018 17.12.2011,
199.655 751.796 7.515 9.018 p.
209.675 751.796 12.525 9.018 14.

28.38 784.188 33.348 22.2 EN

291.62 793.224 12 10.8 23

533.62 784.188 33.348 22.2 EN

271.82 60.2317 42.7369 12.582 TITLE
318.08 60.2317 5.43822 12.582 I

217.76 76.3117 69.187 12.582 GENERAL
290.442 76.3117 87.1094 12.582 PROVISIONS

276.86 109.824 32.652 10.8 Article
312.536 109.824 6 10.8 1

237.2 123.624 35.364 10.8 Subject
275.564 123.624 31.26 10.8 matter
309.824 123.624 18 10.8 and
330.824 123.624 27.348 10.8 scope

70.86 143.384 9 10.8 1.

113.34 143.384 21.336 10.8 This
140.148 143.384 44.568 10.8 Directive
190.176 143.384 19.356 10.8 lays
214.932 143.384 26.604 10.8 down
246.96 143.384 23.364 10.8 rules
275.736 143.384 29.328 10.8 which
310.524 143.384 17.952 10.8 aim
333.852 143.384 8.664 10.8 at
347.988 143.384 32.652 10.8 further
386.076 143.384 59.988 10.8 harmonising
451.512 143.384 14.628 10.8 the
471.6 143.384 30 10.8 Union
507.048 143.384 17.244 10.8 law

113.34 157.184 49.344 10.8 applicable
167.256 157.184 9.336 10.8 to
181.104 157.184 46.02 10.8 copyright
231.648 157.184 17.328 10.8 and
253.536 157.184 32.676 10.8 related
290.712 157.184 27.372 10.8 rights
322.608 157.184 9.336 10.8 in
336.516 157.184 14.664 10.8 the
355.704 157.184 52.596 10.8 framework
412.908 157.184 9.996 10.8 of
427.416 157.184 14.664 10.8 the
446.652 157.184 36.696 10.8 internal
487.908 157.184 36.276 10.8 market,

113.34 170.984 30.024 10.8 taking
146.736 170.984 18.708 10.8 into
168.852 170.984 37.272 10.8 account
209.568 170.984 9.336 10.8 in
222.38 170.984 45.924 10.8 particular
271.736 170.984 30.636 10.8 digital
305.804 170.984 17.328 10.8 and
326.552 170.984 60.012 10.8 cross-border
389.936 170.984 20.664 10.8 uses
413.984 170.984 9.996 10.8 of
427.352 170.984 44.628 10.8 protected
475.388 170.984 38.376 10.8 content.
517.112 170.984 7.332 10.8 It

113.34 184.784 19.356 10.8 also
136.536 184.784 19.356 10.8 lays
159.732 184.784 26.604 10.8 down
190.14 184.784 23.364 10.8 rules
217.356 184.784 12 10.8 on
233.184 184.784 51.384 10.8 exceptions
288.348 184.784 17.328 10.8 and
309.516 184.784 54.312 10.8 limitations,
367.668 184.784 12 10.8 on
383.496 184.784 14.664 10.8 the
402.012 184.784 51.984 10.8 facilitation
457.848 184.784 9.996 10.8 of
471.636 184.784 38.712 10.8 licences
514.14 184.784 9.996 10.8 as

113.34 198.584 20.664 10.8 well
138.036 198.584 9.948 10.8 as
152.004 198.584 23.268 10.8 rules
179.292 198.584 33.264 10.8 aiming
216.588 198.584 8.664 10.8 at
229.176 198.584 41.364 10.8 ensuring
274.512 198.584 5.328 10.8 a
283.8 198.584 80.096 10.8 well-functioning
367.928 198.584 58.572 10.8 marketplace
430.484 198.584 13.992 10.8 for
448.472 198.584 14.628 10.8 the
467.12 198.584 57.264 10.8 exploitation

113.34 212.324 9.996 10.8 of
126.3 212.324 29.328 10.8 works
158.628 212.324 17.328 10.8 and
178.956 212.324 24.696 10.8 other
206.72 212.324 71.592 10.8 subject-matter.

70.86 232.124 9 10.8 2.

113.34 232.124 33.324 10.8 Except
150.216 232.124 9.336 10.8 in
163.044 232.124 14.628 10.8 the
181.212 232.124 25.344 10.8 cases
210.048 232.124 37.956 10.8 referred
251.532 232.124 9.336 10.8 to
264.36 232.124 9.336 10.8 in
277.248 232.124 33.312 10.8 Article
314.112 232.124 9 10.8 6,
326.58 232.124 17.304 10.8 this
347.388 232.124 44.676 10.8 Directive
395.604 232.124 22.644 10.8 shall
421.74 232.124 25.344 10.8 leave
450.576 232.124 26.664 10.8 intact
480.792 232.124 17.328 10.8 and
501.6 232.124 22.668 10.8 shall

113.34 245.924 9.336 10.8 in
126.648 245.924 12 10.8 no
142.596 245.924 19.992 10.8 way
166.524 245.924 27.192 10.8 affect
197.7 245.924 37.968 10.8 existing
239.616 245.924 23.364 10.8 rules
266.892 245.924 18 10.8 laid
288.78 245.924 26.664 10.8 down
319.368 245.924 9.336 10.8 in
332.676 245.924 14.664 10.8 the
351.264 245.924 49.344 10.8 Directives
404.52 245.924 43.344 10.8 currently
451.752 245.924 9.336 10.8 in
465 245.924 24.648 10.8 force
493.608 245.924 9.336 10.8 in
506.916 245.924 17.304 10.8 this

113.34 259.724 23.004 10.8 area,
143.676 259.724 9.336 10.8 in
160.404 259.724 45.924 10.8 particular
213.72 259.724 49.284 10.8 Directives
270.396 259.724 42.972 10.8 96/9/EC,
320.724 259.724 61.008 10.8 2001/29/EC,
389.1 259.724 67.132 10.8 2006/115/EC,
463.588 259.724 60.972 10.8 2009/24/EC,

113.34 273.524 58.704 10.8 2012/28/EU
175.044 273.524 17.328 10.8 and
195.372 273.524 61.608 10.8 2014/26/EU.

276.86 293.384 32.652 10.8 Article
312.536 293.384 6 10.8 2

271.04 307.184 53.364 10.8 Definitions

70.86 326.924 16.668 10.8 For
90.528 326.924 14.688 10.8 the
108.216 326.924 42.624 10.8 purposes
153.864 326.924 9.996 10.8 of
166.86 326.924 17.34 10.8 this
187.2 326.924 47.628 10.8 Directive,
237.828 326.924 14.64 10.8 the
255.468 326.924 46.668 10.8 following
305.136 326.924 51.288 10.8 definitions
359.424 326.924 22.656 10.8 shall
385.08 326.924 30 10.8 apply:

70.86 346.724 13.992 10.8 (1)

113.4 346.604 44.004 10.908 ‘research
165.516 346.604 63.252 10.908 organisation’
236.82 346.604 30.564 10.908 means
275.496 346.604 5.328 10.908 a
288.924 346.604 51.036 10.908 university,
347.988 346.604 5.328 10.908 a
361.416 346.604 39.984 10.908 research
409.44 346.604 38.652 10.908 institute
456.204 346.604 9.936 10.908 or
474.252 346.604 17.328 10.908 any
499.68 346.604 24.576 10.908 other

113.4 360.524 59.376 10.8 organisation
176.004 360.524 14.664 10.8 the
193.932 360.524 37.956 10.8 primary
235.176 360.524 20.664 10.8 goal
259.104 360.524 9.996 10.8 of
272.352 360.524 29.456 10.8 which
305.108 360.524 8.004 10.8 is
316.376 360.524 9.336 10.8 to
328.964 360.524 37.944 10.8 conduct
370.22 360.524 43.956 10.8 scientific
417.404 360.524 39.996 10.8 research
460.7 360.524 9.936 10.8 or
473.948 360.524 9.336 10.8 to
486.536 360.524 37.896 10.8 conduct

113.4 374.324 44.016 10.8 scientific
160.416 374.324 39.936 10.8 research
203.352 374.324 17.328 10.8 and
223.68 374.324 36.588 10.8 provide
263.268 374.324 55.308 10.8 educational
321.576 374.324 41.928 10.8 services:

113.34 394.124 13.344 10.8 (a)
141.74 394.124 12 10.8 on
160.148 394.124 5.328 10.8 a
171.896 394.124 66.648 10.8 non-for-profit
244.928 394.124 23.952 10.8 basis
275.324 394.124 9.996 10.8 or
291.692 394.124 12 10.8 by
310.1 394.124 53.328 10.8 reinvesting
369.836 394.124 11.952 10.8 all
388.172 394.124 14.664 10.8 the
409.268 394.124 31.284 10.8 profits
446.936 394.124 9.336 10.8 in
462.644 394.124 11.376 10.8 its
480.38 394.124 44.028 10.8 scientific

141.74 407.924 43.332 10.8 research;
188.096 407.924 9.936 10.8 or

113.34 427.744 13.992 10.8 (b)
141.74 427.744 41.352 10.8 pursuant
186.092 427.744 9.336 10.8 to
198.368 427.744 5.328 10.8 a
206.696 427.744 30.024 10.8 public
239.684 427.744 35.34 10.8 interest
278.024 427.744 37.32 10.8 mission
318.308 427.744 51.984 10.8 recognised
373.292 427.744 11.952 10.8 by
388.244 427.744 5.328 10.8 a
396.572 427.744 40.584 10.8 Member
440.32 427.744 27.324 10.8 State;

113.4 447.544 9.336 10.8 in
125.868 447.544 21.996 10.8 such
150.936 447.544 5.328 10.8 a
159.384 447.544 19.92 10.8 way
182.412 447.544 18.024 10.8 that
203.508 447.544 14.664 10.8 the
221.244 447.544 30.648 10.8 access
255.012 447.544 9.336 10.8 to
267.42 447.544 14.664 10.8 the
285.168 447.544 31.332 10.8 results
319.596 447.544 46.608 10.8 generated
369.324 447.544 12 10.8 by
384.372 447.544 14.664 10.8 the
402.168 447.544 43.968 10.8 scientific
449.244 447.544 39.936 10.8 research
492.24 447.544 31.992 10.8 cannot

113.4 461.344 11.328 10.8 be
128.568 461.344 38.016 10.8 enjoyed
170.304 461.344 12 10.8 on
186.132 461.344 5.328 10.8 a
195.3 461.344 55.212 10.8 preferential
254.364 461.344 23.964 10.8 basis
282.192 461.344 11.94 10.8 by
297.96 461.344 11.328 10.8 an
313.128 461.344 57.276 10.8 undertaking
374.256 461.344 49.32 10.8 exercising
427.404 461.344 5.328 10.8 a
436.572 461.344 39.216 10.8 decisive
479.628 461.344 44.652 10.8 influence

113.4 475.144 24 10.8 upon
140.4 475.144 21.996 10.8 such
165.396 475.144 62.664 10.8 organisation;

70.86 494.944 13.992 10.8 (2)

113.4 494.824 21.984 10.908 ‘text
139.416 494.824 17.328 10.908 and
160.704 494.824 19.944 10.908 data
184.68 494.824 37.944 10.908 mining’
226.596 494.824 30.564 10.908 means
261.192 494.824 17.328 10.908 any
282.54 494.824 49.896 10.908 automated
336.456 494.824 46.796 10.908 analytical
387.236 494.944 46.584 10.8 technique
437.864 494.944 33.216 10.8 aiming
475.112 494.944 9.336 10.8 to
488.42 494.944 36.024 10.8 analyse

113.4 508.744 18.024 10.8 text
134.916 508.744 17.328 10.8 and
155.724 508.744 19.944 10.8 data
179.112 508.744 9.336 10.8 in
191.94 508.744 30.672 10.8 digital
226.116 508.744 23.328 10.8 form
252.804 508.744 9.336 10.8 in
265.632 508.744 25.344 10.8 order
294.468 508.744 9.336 10.8 to
307.296 508.744 40.632 10.8 generate
351.36 508.744 56.604 10.8 information
411.456 508.744 21.996 10.8 such
436.944 508.744 9.996 10.8 as
450.432 508.744 40.956 10.8 patterns,
494.868 508.744 29.328 10.8 trends

113.4 522.544 17.328 10.8 and
133.728 522.544 59.976 10.8 correlations;

70.86 542.344 13.992 10.8 (3)

113.4 542.224 40.632 10.908 ‘cultural
159.864 542.224 38.64 10.908 heritage
204.3 542.224 52.644 10.908 institution’
262.776 542.224 30.564 10.908 means
299.172 542.224 5.328 10.908 a
310.32 542.224 39.324 10.908 publicly
355.416 542.224 48.672 10.908 accessible
409.86 542.224 32.016 10.908 library
447.684 542.224 9.996 10.908 or
463.452 542.224 43.608 10.908 museum,
512.868 542.224 11.328 10.908 an

113.4 556.144 35.304 10.8 archive
151.704 556.144 9.996 10.8 or
164.724 556.144 5.328 10.8 a
173.004 556.144 20.004 10.8 film
195.924 556.144 9.996 10.8 or
208.92 556.144 26.688 10.8 audio
238.608 556.144 38.676 10.8 heritage
280.4 556.144 51.972 10.8 institution;

70.86 575.944 13.992 10.8 (4)

113.4 575.824 28.692 10.908 ‘press
145.584 575.824 57.924 10.908 publication’
207 575.824 30.564 10.908 means
241.056 575.824 5.328 10.908 a
249.864 575.824 37.368 10.908 fixation
290.64 575.824 9.996 10.908 of
304.068 575.824 5.328 10.908 a
312.876 575.824 47.328 10.908 collection
363.66 575.824 9.996 10.908 of
377.088 575.824 34.656 10.908 literary
415.212 575.824 29.328 10.908 works
448.02 575.824 9.996 10.908 of
461.448 575.824 5.328 10.908 a
470.256 575.824 54.012 10.908 journalistic

113.4 589.744 33.036 10.8 nature,
151.164 589.744 29.28 10.8 which
185.232 589.744 20.568 10.8 may
210.54 589.744 19.356 10.8 also
234.636 589.744 43.944 10.8 comprise
283.332 589.744 24.684 10.8 other
312.768 589.744 29.328 10.8 works
346.836 589.744 9.936 10.8 or
361.524 589.744 68.824 10.8 subject-matter
435.076 589.744 17.328 10.8 and
457.144 589.744 51.324 10.8 constitutes
513.208 589.744 11.328 10.8 an

113.4 603.544 48.672 10.8 individual
166.704 603.544 21.336 10.8 item
192.612 603.544 30.708 10.8 within
227.988 603.544 5.328 10.8 a
237.936 603.544 47.952 10.8 periodical
290.52 603.544 9.996 10.8 or
305.208 603.544 85.448 10.8 regularly-updated
395.276 603.544 53.976 10.8 publication
453.872 603.544 27.332 10.8 under
485.896 603.544 5.328 10.8 a
495.844 603.544 28.668 10.8 single

113.4 617.344 21.708 10.8 title,
138.14 617.344 21.996 10.8 such
166.388 617.344 9.948 10.8 as
182.636 617.344 5.328 10.8 a
194.264 617.344 51.264 10.8 newspaper
251.84 617.344 9.996 10.8 or
268.148 617.344 5.328 10.8 a
279.716 617.344 35.292 10.8 general
321.32 617.344 9.936 10.8 or
337.568 617.344 33.264 10.8 special
377.144 617.344 35.244 10.8 interest
418.7 617.344 48.936 10.8 magazine,
470.86 617.344 32.664 10.8 having
509.848 617.344 14.664 10.8 the

113.4 631.144 38.016 10.8 purpose
154.416 631.144 9.996 10.8 of
167.412 631.144 46.704 10.8 providing
217.116 631.144 56.544 10.8 information
276.66 631.144 32.688 10.8 related
312.348 631.144 9.372 10.8 to
324.72 631.144 24.66 10.8 news
352.32 631.144 9.996 10.8 or
365.316 631.144 24.696 10.8 other
393.036 631.144 28.656 10.8 topics
424.692 631.144 17.328 10.8 and
445.02 631.144 46.704 10.8 published
494.724 631.144 9.336 10.8 in
507.06 631.144 17.328 10.8 any

113.4 644.944 29.256 10.8 media
145.7 644.944 27.324 10.8 under
176.048 644.944 14.664 10.8 the
193.736 644.944 45.576 10.8 initiative,
242.312 644.944 39.984 10.8 editorial
285.296 644.944 65.34 10.8 responsibility
353.588 644.944 17.328 10.8 and
373.916 644.944 34.032 10.8 control
410.876 644.944 9.996 10.8 of
423.836 644.944 5.328 10.8 a
432.164 644.944 34.044 10.8 service
469.172 644.944 43.716 10.8 provider.

28.38 784.188 33.348 22.2 EN

291.62 793.224 12 10.8 24

533.62 784.188 33.348 22.2 EN

269.12 60.2317 42.7369 12.582 TITLE
315.38 60.2317 10.8764 12.582 II

78.48 76.3117 77.7148 12.582 MEASURES
159.69 76.3117 20.243 12.582 TO
183.428 76.3117 48.203 12.582 ADAPT
235.126 76.3117 91.0378 12.582 EXCEPTIONS
329.659 76.3117 30.3086 12.582 AND
363.462 76.3117 96.4061 12.582 LIMITATIONS
463.405 76.3117 20.2011 12.582 TO
487.101 76.3117 29.5817 12.582 THE

137.3 92.4517 60.6173 12.582 DIGITAL
201.412 92.4517 30.2807 12.582 AND
235.244 92.4517 111.245 12.582 CROSS-BORDER
349.983 92.4517 108.037 12.582 ENVIRONMENT

276.86 125.904 32.652 10.8 Article
312.536 125.904 6 10.8 3

246.5 139.724 20.664 10.8 Text
270.188 139.724 18 10.8 and
291.188 139.724 21.336 10.8 data
315.524 139.724 33.312 10.8 mining

70.86 159.464 9 10.8 1.

113.34 159.464 40.584 10.8 Member
157.776 159.464 28.704 10.8 States
190.332 159.464 22.668 10.8 shall
216.84 159.464 36.624 10.8 provide
257.316 159.464 13.992 10.8 for
275.124 159.464 11.328 10.8 an
290.292 159.464 46.784 10.8 exception
340.928 159.464 9.336 10.8 to
354.056 159.464 14.664 10.8 the
372.572 159.464 27.312 10.8 rights
403.748 159.464 42.636 10.8 provided
450.224 159.464 13.992 10.8 for
467.972 159.464 9.336 10.8 in
481.16 159.464 33.312 10.8 Article
518.324 159.464 6 10.8 2

113.34 173.264 9.996 10.8 of
128.328 173.264 44.7 10.8 Directive
178.032 173.264 61.008 10.8 2001/29/EC,
244.068 173.264 38.052 10.8 Articles
287.112 173.264 19.344 10.8 5(a)
311.508 173.264 17.328 10.8 and
333.876 173.264 19.956 10.8 7(1)
358.884 173.264 9.996 10.8 of
373.872 173.264 44.676 10.8 Directive
423.588 173.264 40.044 10.8 96/9/EC
468.564 173.264 17.328 10.8 and
490.932 173.264 33.36 10.8 Article

113.34 187.064 25.992 10.8 11(1)
147.876 187.064 9.996 10.8 of
166.344 187.064 17.376 10.8 this
192.24 187.064 44.628 10.8 Directive
245.376 187.064 13.992 10.8 for
267.864 187.064 66.036 10.8 reproductions
342.348 187.064 17.328 10.8 and
368.196 187.064 52.632 10.8 extractions
429.372 187.064 25.896 10.8 made
463.848 187.064 12 10.8 by
484.356 187.064 40.02 10.8 research

113.34 200.864 63.984 10.8 organisations
181.764 200.864 9.336 10.8 in
195.552 200.864 25.284 10.8 order
225.228 200.864 9.336 10.8 to
238.956 200.864 24.648 10.8 carry
268.044 200.864 15.336 10.8 out
287.712 200.864 18.024 10.8 text
310.128 200.864 17.328 10.8 and
331.896 200.864 19.944 10.8 data
356.244 200.864 33.948 10.8 mining
394.84 200.864 9.996 10.8 of
409.228 200.864 29.328 10.8 works
442.996 200.864 9.996 10.8 or
457.444 200.864 24.624 10.8 other
486.46 200.864 38.076 10.8 subject-

113.34 214.664 30.612 10.8 matter
146.952 214.664 9.372 10.8 to
159.324 214.664 29.328 10.8 which
191.652 214.664 20.7 10.8 they
215.352 214.664 22.548 10.8 have
240.9 214.664 30.636 10.8 lawful
274.536 214.664 30.672 10.8 access
308.208 214.664 13.992 10.8 for
325.2 214.664 14.664 10.8 the
342.864 214.664 42.66 10.8 purposes
388.524 214.664 9.996 10.8 of
401.52 214.664 43.956 10.8 scientific
448.476 214.664 42.936 10.8 research.

70.86 234.464 9 10.8 2.

113.34 234.464 20.664 10.8 Any
137.208 234.464 53.34 10.8 contractual
193.8 234.464 45.276 10.8 provision
242.268 234.464 40.008 10.8 contrary
285.444 234.464 9.336 10.8 to
297.972 234.464 14.664 10.8 the
315.828 234.464 46.62 10.8 exception
365.664 234.464 42.66 10.8 provided
411.492 234.464 13.992 10.8 for
428.7 234.464 9.336 10.8 in
441.288 234.464 47.916 10.8 paragraph
492.432 234.464 6 10.8 1
501.6 234.464 22.668 10.8 shall

113.34 248.264 11.328 10.8 be
127.668 248.264 70.968 10.8 unenforceable.

70.86 268.064 9 10.8 3.

113.34 268.064 61.992 10.8 Rightholders
179.076 268.064 22.668 10.8 shall
205.524 268.064 11.328 10.8 be
220.632 268.064 37.944 10.8 allowed
262.32 268.064 9.336 10.8 to
275.448 268.064 26.616 10.8 apply
305.96 268.064 44.604 10.8 measures
354.344 268.064 9.336 10.8 to
367.472 268.064 31.32 10.8 ensure
402.5 268.064 14.628 10.8 the
420.908 268.064 38.016 10.8 security
462.632 268.064 17.328 10.8 and
483.74 268.064 40.62 10.8 integrity

113.34 281.864 9.996 10.8 of
127.728 281.864 14.664 10.8 the
146.844 281.864 44.064 10.8 networks
195.348 281.864 17.328 10.8 and
217.116 281.864 46.032 10.8 databases
267.6 281.864 29.244 10.8 where
301.296 281.864 14.664 10.8 the
320.412 281.864 29.328 10.8 works
354.18 281.864 9.996 10.8 or
368.628 281.864 24.684 10.8 other
397.764 281.864 68.884 10.8 subject-matter
471.076 281.864 14.676 10.8 are
490.192 281.864 34.308 10.8 hosted.

113.34 295.664 24 10.8 Such
140.388 295.664 44.604 10.8 measures
187.992 295.664 22.668 10.8 shall
213.66 295.664 15.336 10.8 not
231.924 295.664 12 10.8 go
246.924 295.664 35.328 10.8 beyond
285.252 295.664 23.328 10.8 what
311.58 295.664 8.04 10.8 is
322.62 295.664 46.596 10.8 necessary
372.216 295.664 9.372 10.8 to
384.528 295.664 36.648 10.8 achieve
424.176 295.664 18 10.8 that
445.176 295.664 47.016 10.8 objective.

70.86 315.464 9 10.8 4.

113.34 315.464 40.584 10.8 Member
159.636 315.464 28.704 10.8 States
194.052 315.464 22.644 10.8 shall
222.348 315.464 49.284 10.8 encourage
277.284 315.464 57.972 10.8 rightholders
340.908 315.464 17.492 10.8 and
364.088 315.464 39.936 10.8 research
409.712 315.464 64.02 10.8 organisations
479.408 315.464 9.336 10.8 to
494.456 315.464 29.928 10.8 define

113.34 329.264 87.344 10.8 commonly-agreed
204.416 329.264 19.284 10.8 best
227.444 329.264 42.612 10.8 practices
273.74 329.264 53.304 10.8 concerning
330.716 329.264 14.664 10.8 the
349.004 329.264 53.376 10.8 application
405.968 329.264 9.996 10.8 of
419.636 329.264 14.664 10.8 the
438.032 329.264 44.604 10.8 measures
486.356 329.264 37.932 10.8 referred

113.34 343.064 9.336 10.8 to
125.676 343.064 9.372 10.8 in
138.048 343.064 47.952 10.8 paragraph
189 343.064 9 10.8 3.

276.86 362.924 32.652 10.8 Article
312.536 362.924 6 10.8 4

93.84 376.724 18.66 10.8 Use
115.5 376.724 9.336 10.8 of
127.836 376.724 28.668 10.8 works
159.504 376.724 18 10.8 and
180.504 376.724 25.38 10.8 other
208.884 376.724 69.332 10.8 subject-matter
281.216 376.724 9.372 10.8 in
293.588 376.724 31.296 10.8 digital
327.848 376.724 18 10.8 and
348.848 376.724 62.036 10.8 cross-border
413.908 376.724 41.268 10.8 teaching
458.176 376.724 43.344 10.8 activities

70.86 396.464 9 10.8 1.

113.34 396.464 40.584 10.8 Member
157.476 396.464 28.704 10.8 States
189.732 396.464 22.668 10.8 shall
216.02 396.464 36.6 10.8 provide
256.148 396.464 13.992 10.8 for
273.656 396.464 11.328 10.8 an
288.464 396.464 46.644 10.8 exception
338.66 396.464 9.996 10.8 or
352.148 396.464 46.68 10.8 limitation
402.32 396.464 9.336 10.8 to
415.148 396.464 14.664 10.8 the
433.364 396.464 27.336 10.8 rights
464.132 396.464 42.696 10.8 provided
510.368 396.464 13.992 10.8 for

113.34 410.264 9.336 10.8 in
128.028 410.264 38.004 10.8 Articles
171.312 410.264 6 10.8 2
182.64 410.264 17.328 10.8 and
205.308 410.264 6 10.8 3
216.636 410.264 9.996 10.8 of
231.984 410.264 44.676 10.8 Directive
282 410.264 60.948 10.8 2001/29/EC,
348.276 410.264 38.004 10.8 Articles
391.62 410.264 19.32 10.8 5(a)
416.268 410.264 17.328 10.8 and
438.936 410.264 19.992 10.8 7(1)
464.232 410.264 9.996 10.8 of
479.52 410.264 44.7 10.8 Directive

113.34 424.084 43.008 10.8 96/9/EC,
159.996 424.084 33.312 10.8 Article
196.98 424.084 19.992 10.8 4(1)
220.656 424.084 9.996 10.8 of
234.264 424.084 44.664 10.8 Directive
282.588 424.084 58.044 10.8 2009/24/EC
344.244 424.084 17.328 10.8 and
365.232 424.084 33.384 10.8 Article
402.276 424.084 25.932 10.8 11(1)
431.892 424.084 9.996 10.8 of
445.5 424.084 17.376 10.8 this
466.536 424.084 44.676 10.8 Directive
514.872 424.084 9.336 10.8 in

113.34 437.884 25.344 10.8 order
144.156 437.884 9.336 10.8 to
158.964 437.884 26.616 10.8 allow
190.992 437.884 13.992 10.8 for
210.42 437.884 14.664 10.8 the
230.556 437.884 30.812 10.8 digital
266.816 437.884 15.996 10.8 use
288.224 437.884 9.996 10.8 of
303.632 437.884 29.328 10.8 works
338.42 437.884 17.388 10.8 and
361.256 437.884 24.684 10.8 other
391.412 437.884 68.72 10.8 subject-matter
465.544 437.884 13.992 10.8 for
484.972 437.884 14.664 10.8 the
505.108 437.884 19.332 10.8 sole

113.34 451.684 38.016 10.8 purpose
156.396 451.684 9.996 10.8 of
171.384 451.684 52.032 10.8 illustration
228.468 451.684 13.896 10.8 for
247.416 451.684 43.644 10.8 teaching,
296.052 451.684 9.336 10.8 to
310.44 451.684 14.664 10.8 the
330.156 451.684 29.304 10.8 extent
364.512 451.684 39.336 10.8 justified
408.84 451.684 12 10.8 by
425.868 451.684 14.664 10.8 the
445.584 451.684 78.856 10.8 non-commercial

113.34 465.484 38.016 10.8 purpose
154.356 465.484 9.36 10.8 to
166.716 465.484 11.268 10.8 be
180.984 465.484 45.636 10.8 achieved,
229.572 465.484 42.696 10.8 provided
275.22 465.484 18 10.8 that
296.22 465.484 14.664 10.8 the
313.908 465.484 19.284 10.8 use:

113.34 485.224 13.344 10.8 (a)
141.74 485.224 24.684 10.8 takes
169.556 485.224 25.284 10.8 place
197.912 485.224 12 10.8 on
213.02 485.224 14.664 10.8 the
230.816 485.224 42.624 10.8 premises
276.56 485.224 9.996 10.8 of
289.628 485.224 11.328 10.8 an
304.076 485.224 55.32 10.8 educational
362.528 485.224 65.892 10.8 establishment
431.552 485.224 9.996 10.8 or
444.94 485.224 37.368 10.8 through
485.416 485.224 5.328 10.8 a
493.804 485.224 30.672 10.8 secure

141.74 499.024 47.34 10.8 electronic
192.596 499.024 39.348 10.8 network
235.472 499.024 48.66 10.8 accessible
287.684 499.024 21.336 10.8 only
312.512 499.024 12 10.8 by
328.04 499.024 14.664 10.8 the
346.256 499.024 55.332 10.8 educational
405.14 499.024 72.732 10.8 establishment's
481.412 499.024 29.424 10.8 pupils
514.376 499.024 9.936 10.8 or

141.74 512.824 39.372 10.8 students
184.112 512.824 17.328 10.8 and
204.368 512.824 40.644 10.8 teaching
248.012 512.824 24.588 10.8 staff;

113.34 532.624 13.992 10.8 (b)
141.74 532.624 8.004 10.8 is
154.448 532.624 63.276 10.8 accompanied
222.392 532.624 12 10.8 by
239.06 532.624 14.628 10.8 the
258.368 532.624 47.988 10.8 indication
311.024 532.624 9.996 10.8 of
325.652 532.624 14.664 10.8 the
345.008 532.624 34.32 10.8 source,
383.936 532.624 45.324 10.8 including
433.952 532.624 14.628 10.8 the
453.26 532.624 37.476 10.8 author's
495.356 532.624 28.908 10.8 name,

141.74 546.424 30.024 10.8 unless
174.764 546.424 17.316 10.8 this
195.08 546.424 23.94 10.8 turns
222.044 546.424 15.336 10.8 out
240.38 546.424 9.372 10.8 to
252.752 546.424 11.268 10.8 be
267.02 546.424 54.972 10.8 impossible.

70.86 566.224 9 10.8 2.

113.34 566.224 40.584 10.8 Member
157.296 566.224 28.76 10.8 States
189.416 566.224 20.568 10.8 may
213.344 566.224 36.732 10.8 provide
253.448 566.224 18.024 10.8 that
274.844 566.224 14.628 10.8 the
292.772 566.224 46.716 10.8 exception
342.836 566.224 37.944 10.8 adopted
384.164 566.224 41.328 10.8 pursuant
428.852 566.224 9.336 10.8 to
441.56 566.224 47.976 10.8 paragraph
492.884 566.224 6 10.8 1
502.232 566.224 21.996 10.8 does

113.34 580.024 15.336 10.8 not
132.648 580.024 26.688 10.8 apply
163.284 580.024 44.628 10.8 generally
211.86 580.024 9.996 10.8 or
225.828 580.024 9.996 10.8 as
239.736 580.024 35.364 10.8 regards
279.06 580.024 37.248 10.8 specific
320.256 580.024 25.356 10.8 types
349.572 580.024 9.936 10.8 of
363.42 580.024 29.328 10.8 works
396.708 580.024 9.996 10.8 or
410.676 580.024 24.732 10.8 other
439.38 580.024 71.812 10.8 subject-matter,
515.164 580.024 9.336 10.8 to

113.34 593.824 14.664 10.8 the
132.756 593.824 29.304 10.8 extent
166.752 593.824 17.964 10.8 that
189.468 593.824 42.588 10.8 adequate
236.796 593.824 38.652 10.8 licences
280.164 593.824 53.988 10.8 authorising
338.82 593.824 14.628 10.8 the
358.188 593.824 18.66 10.8 acts
381.576 593.824 45.936 10.8 described
432.192 593.824 9.336 10.8 in
446.28 593.824 47.928 10.8 paragraph
498.948 593.824 6 10.8 1
509.616 593.824 14.652 10.8 are

113.34 607.624 28.02 10.8 easily
144.36 607.624 43.304 10.8 available
190.688 607.624 9.336 10.8 in
202.988 607.624 14.664 10.8 the
220.676 607.624 36.336 10.8 market.

113.34 627.424 40.584 10.8 Member
158.376 627.424 28.704 10.8 States
191.532 627.424 38.616 10.8 availing
234.54 627.424 53.292 10.8 themselves
292.224 627.424 9.996 10.8 of
306.612 627.424 14.664 10.8 the
325.728 627.424 45.264 10.8 provision
375.456 627.424 9.996 10.8 of
389.844 627.424 14.664 10.8 the
408.852 627.424 19.332 10.8 first
432.648 627.424 64.596 10.8 subparagraph
501.672 627.424 22.668 10.8 shall

113.34 641.224 20.016 10.8 take
137.976 641.224 14.664 10.8 the
157.332 641.224 46.596 10.8 necessary
208.536 641.224 44.604 10.8 measures
257.76 641.224 9.336 10.8 to
271.788 641.224 31.32 10.8 ensure
307.776 641.224 54.552 10.8 appropriate
367.02 641.224 53.928 10.8 availability
425.616 641.224 17.328 10.8 and
447.624 641.224 42.684 10.8 visibility
494.94 641.224 9.996 10.8 of
509.568 641.224 14.664 10.8 the

113.34 655.024 38.652 10.8 licences
155.016 655.024 53.952 10.8 authorising
211.968 655.024 14.664 10.8 the
229.584 655.024 18.696 10.8 acts
251.28 655.024 45.9 10.8 described
300.18 655.024 9.36 10.8 in
312.54 655.024 47.928 10.8 paragraph
363.468 655.024 6 10.8 1
372.468 655.024 13.992 10.8 for
389.46 655.024 55.32 10.8 educational
447.94 655.024 73.584 10.8 establishments.

70.86 674.824 9 10.8 3.

113.34 674.824 18.66 10.8 The
136.968 674.824 15.996 10.8 use
157.956 674.824 9.996 10.8 of
172.884 674.824 29.328 10.8 works
207.192 674.824 17.328 10.8 and
229.44 674.824 24.684 10.8 other
259.116 674.824 68.696 10.8 subject-matter
332.804 674.824 13.992 10.8 for
351.692 674.824 14.664 10.8 the
371.348 674.824 19.284 10.8 sole
395.624 674.824 37.956 10.8 purpose
438.56 674.824 9.996 10.8 of
453.488 674.824 51.996 10.8 illustration
510.452 674.824 13.992 10.8 for

113.34 688.624 40.644 10.8 teaching
160.356 688.624 37.332 10.8 through
204.024 688.624 30.672 10.8 secure
241.02 688.624 47.34 10.8 electronic
294.696 688.624 44.016 10.8 networks
345.072 688.624 53.244 10.8 undertaken
404.676 688.624 9.336 10.8 in
420.324 688.624 55.272 10.8 compliance
481.968 688.624 21.336 10.8 with
509.676 688.624 14.664 10.8 the

113.34 702.444 50.04 10.8 provisions
167.076 702.444 9.996 10.8 of
180.744 702.444 38.712 10.8 national
223.188 702.444 17.328 10.8 law
244.176 702.444 38.016 10.8 adopted
285.912 702.444 41.352 10.8 pursuant
331.008 702.444 9.336 10.8 to
344.016 702.444 17.304 10.8 this
365.064 702.444 33.312 10.8 Article
402.108 702.444 22.644 10.8 shall
428.484 702.444 11.328 10.8 be
443.532 702.444 37.188 10.8 deemed
484.78 702.444 9.336 10.8 to
497.848 702.444 26.652 10.8 occur

113.34 716.244 28.704 10.8 solely
145.008 716.244 9.336 10.8 in
157.344 716.244 14.7 10.8 the
174.996 716.244 40.584 10.8 Member
218.604 716.244 24.036 10.8 State
245.64 716.244 29.316 10.8 where
277.92 716.244 14.628 10.8 the
295.548 716.244 55.296 10.8 educational
353.844 716.244 66 10.8 establishment
422.844 716.244 8.028 10.8 is
433.824 716.244 56.316 10.8 established.

28.38 784.188 33.348 22.2 EN

291.62 793.224 12 10.8 25

533.62 784.188 33.348 22.2 EN

70.86 59.544 9 10.8 4.

113.34 59.544 40.584 10.8 Member
159.516 59.544 28.752 10.8 States
193.86 59.544 20.568 10.8 may
220.008 59.544 36.732 10.8 provide
262.344 59.544 13.992 10.8 for
281.892 59.544 16.68 10.8 fair
304.176 59.544 66.636 10.8 compensation
376.38 59.544 13.992 10.8 for
395.928 59.544 14.664 10.8 the
416.184 59.544 24.684 10.8 harm
446.4 59.544 40.044 10.8 incurred
492.024 59.544 12 10.8 by
509.592 59.544 14.664 10.8 the

113.34 73.344 58.032 10.8 rightholders
177.996 73.344 17.328 10.8 due
202.044 73.344 9.336 10.8 to
218.112 73.344 14.628 10.8 the
239.46 73.344 15.996 10.8 use
262.188 73.344 9.996 10.8 of
278.856 73.344 21.984 10.8 their
307.572 73.344 29.328 10.8 works
343.56 73.344 9.996 10.8 or
360.288 73.344 24.66 10.8 other
391.656 73.344 68.776 10.8 subject-matter
467.104 73.344 41.352 10.8 pursuant
515.14 73.344 9.336 10.8 to

113.34 87.144 48.02 10.8 paragraph
164.36 87.144 9 10.8 1.

276.86 107.004 32.652 10.8 Article
312.536 107.004 6 10.8 5

218.54 120.804 61.968 10.8 Preservation
283.508 120.804 9.336 10.8 of
295.844 120.804 38.028 10.8 cultural
336.836 120.804 39.996 10.8 heritage

70.86 140.564 40.584 10.8 Member
117.216 140.564 28.704 10.8 States
151.692 140.564 22.668 10.8 shall
180.12 140.564 36.636 10.8 provide
222.516 140.564 13.992 10.8 for
242.184 140.564 11.328 10.8 an
259.272 140.564 46.608 10.8 exception
311.628 140.564 9.336 10.8 to
326.736 140.564 14.664 10.8 the
347.172 140.564 27.264 10.8 rights
380.22 140.564 42.588 10.8 provided
428.556 140.564 13.992 10.8 for
448.284 140.564 9.336 10.8 in
463.392 140.564 33.312 10.8 Article
502.476 140.564 6 10.8 2
514.224 140.564 9.996 10.8 of

70.86 154.364 44.676 10.8 Directive
122.736 154.364 60.948 10.8 2001/29/EC,
190.872 154.364 38.004 10.8 Articles
236.076 154.364 19.284 10.8 5(a)
262.572 154.364 17.328 10.8 and
287.04 154.364 19.956 10.8 7(1)
314.208 154.364 9.996 10.8 of
331.356 154.364 44.676 10.8 Directive
383.232 154.364 42.924 10.8 96/9/EC,
433.32 154.364 33.384 10.8 Article
473.784 154.364 33.348 10.8 4(1)(a)
514.32 154.364 9.996 10.8 of

70.86 168.164 44.676 10.8 Directive
122.976 168.164 57.984 10.8 2009/24/EC
188.36 168.164 17.328 10.8 and
213.128 168.164 33.312 10.8 Article
253.88 168.164 25.992 10.8 11(1)
287.288 168.164 9.996 10.8 of
304.616 168.164 17.376 10.8 this
329.372 168.164 47.708 10.8 Directive,
384.508 168.164 49.896 10.8 permitting
441.832 168.164 36.66 10.8 cultural
485.86 168.164 38.676 10.8 heritage

70.86 181.964 56.352 10.8 institutions,
130.596 181.964 9.336 10.8 to
143.364 181.964 25.896 10.8 make
172.632 181.964 30.684 10.8 copies
206.688 181.964 9.996 10.8 of
219.996 181.964 17.328 10.8 any
240.684 181.964 29.376 10.8 works
273.42 181.964 9.996 10.8 or
286.788 181.964 24.66 10.8 other
314.796 181.964 68.792 10.8 subject-matter
386.936 181.964 18.024 10.8 that
408.332 181.964 14.652 10.8 are
426.32 181.964 59.952 10.8 permanently
489.644 181.964 9.336 10.8 in
502.352 181.964 22.02 10.8 their

70.86 195.764 54.984 10.8 collections,
129.564 195.764 9.336 10.8 in
142.692 195.764 17.328 10.8 any
163.8 195.764 31.884 10.8 format
199.476 195.764 9.996 10.8 or
213.204 195.764 42.228 10.8 medium,
259.2 195.764 13.992 10.8 for
276.948 195.764 14.664 10.8 the
295.404 195.764 19.284 10.8 sole
318.48 195.764 37.956 10.8 purpose
360.168 195.764 9.996 10.8 of
373.896 195.764 14.664 10.8 the
392.352 195.764 59.268 10.8 preservation
455.376 195.764 9.996 10.8 of
469.104 195.764 21.948 10.8 such
494.832 195.764 29.328 10.8 works

70.86 209.564 9.996 10.8 or
83.856 209.564 24.696 10.8 other
111.516 209.564 68.696 10.8 subject-matter
183.212 209.564 17.244 10.8 and
203.456 209.564 9.336 10.8 to
215.792 209.564 14.7 10.8 the
233.492 209.564 29.292 10.8 extent
265.784 209.564 46.644 10.8 necessary
315.428 209.564 13.932 10.8 for
332.36 209.564 22.02 10.8 such
357.38 209.564 62.316 10.8 preservation.

276.86 229.424 32.652 10.8 Article
312.536 229.424 6 10.8 6

249.5 243.224 43.284 10.8 Common
295.784 243.224 50.064 10.8 provisions

70.86 262.964 33.312 10.8 Article
111.744 262.964 19.956 10.8 5(5)
139.212 262.964 17.328 10.8 and
164.1 262.964 14.664 10.8 the
186.288 262.964 22.368 10.8 first,
216.144 262.964 22.668 10.8 third
246.3 262.964 17.328 10.8 and
271.188 262.964 20.616 10.8 fifth
299.376 262.964 69.216 10.8 subparagraphs
376.152 262.964 9.996 10.8 of
393.66 262.964 33.312 10.8 Article
434.496 262.964 19.992 10.8 6(4)
462.072 262.964 9.996 10.8 of
479.52 262.964 44.676 10.8 Directive

70.86 276.764 58.044 10.8 2001/29/EC
131.868 276.764 22.704 10.8 shall
157.536 276.764 26.688 10.8 apply
187.224 276.764 9.3 10.8 to
199.524 276.764 14.664 10.8 the
217.212 276.764 51.288 10.8 exceptions
271.5 276.764 17.328 10.8 and
291.828 276.764 14.688 10.8 the
309.468 276.764 46.632 10.8 limitation
359.1 276.764 42.66 10.8 provided
404.76 276.764 13.992 10.8 for
421.752 276.764 27.324 10.8 under
452.26 276.764 17.304 10.8 this
472.564 276.764 25.704 10.8 Title.

28.38 784.188 33.348 22.2 EN

291.62 793.224 12 10.8 26

533.62 784.188 33.348 22.2 EN

266.36 60.2317 42.7369 12.582 TITLE
312.62 60.2317 16.3147 12.582 III

81.06 76.3117 77.7148 12.582 MEASURES
162.27 76.3117 20.243 12.582 TO
186.008 76.3117 67.6492 12.582 IMPROVE
257.152 76.3117 78.5396 12.582 LICENSING
339.187 76.3117 80.8743 12.582 PRACTICES
423.598 76.3117 30.2807 12.582 AND
457.416 76.3117 56.7308 12.582 ENSURE

195.62 92.4517 48.958 12.582 WIDER
248.073 92.4517 55.193 12.582 ACCESS
306.817 92.4517 20.2011 12.582 TO
330.513 92.4517 69.201 12.582 CONTENT

258.26 126.532 68.3902 12.582 CHAPTER
330.145 126.532 6.99 12.582 1

224.84 142.632 105.66 12.582 Out-of-commerce
334.023 142.632 36.4459 12.582 works

276.86 176.144 32.652 10.8 Article
312.536 176.144 6 10.8 7

146.54 189.944 18.66 10.8 Use
168.2 189.944 9.336 10.8 of
180.536 189.944 82.032 10.8 out-of-commerce
265.52 189.944 28.668 10.8 works
297.188 189.944 11.328 10.8 by
311.516 189.944 38.028 10.8 cultural
352.544 189.944 39.948 10.8 heritage
395.492 189.944 53.316 10.8 institutions

70.86 209.684 9 10.8 1.

113.34 209.684 40.584 10.8 Member
159.036 209.684 28.704 10.8 States
192.852 209.684 22.668 10.8 shall
220.62 209.684 36.6 10.8 provide
262.308 209.684 18 10.8 that
285.336 209.684 25.992 10.8 when
316.404 209.684 5.328 10.8 a
326.832 209.684 46.644 10.8 collective
378.76 209.684 61.152 10.8 management
445.024 209.684 62.376 10.8 organisation,
512.488 209.684 11.94 10.8 on

113.34 223.424 30.024 10.8 behalf
150.636 223.424 9.996 10.8 of
167.904 223.424 11.268 10.8 its
186.492 223.424 46.884 10.8 members,
240.696 223.424 47.964 10.8 concludes
295.932 223.424 5.328 10.8 a
308.58 223.424 67.424 10.8 non-exclusive
383.288 223.424 33.936 10.8 licence
424.556 223.424 13.992 10.8 for
445.844 223.424 78.596 10.8 non-commercial

113.34 237.224 42.684 10.8 purposes
164.256 237.224 21.288 10.8 with
193.752 237.224 5.328 10.8 a
207.24 237.224 36.624 10.8 cultural
252.096 237.224 38.616 10.8 heritage
298.872 237.224 48.696 10.8 institution
355.716 237.224 13.992 10.8 for
377.904 237.224 14.664 10.8 the
400.8 237.224 56.976 10.8 digitisation,
465.924 237.224 58.344 10.8 distribution,

113.34 251.024 74.652 10.8 communication
191.244 251.024 9.336 10.8 to
203.832 251.024 14.664 10.8 the
221.748 251.024 30.036 10.8 public
255.024 251.024 9.996 10.8 or
268.272 251.024 35.928 10.8 making
307.428 251.024 43.32 10.8 available
353.952 251.024 9.996 10.8 of
367.2 251.024 83.524 10.8 out-of-commerce
453.976 251.024 29.352 10.8 works
486.568 251.024 9.996 10.8 or
499.816 251.024 24.684 10.8 other

113.34 264.824 68.672 10.8 subject-matter
186.044 264.824 59.952 10.8 permanently
250.028 264.824 9.336 10.8 in
263.336 264.824 14.664 10.8 the
282.032 264.824 47.316 10.8 collection
333.368 264.824 9.996 10.8 of
347.336 264.824 14.628 10.8 the
365.984 264.824 51.648 10.8 institution,
421.64 264.824 21.996 10.8 such
447.668 264.824 5.328 10.8 a
457.016 264.824 67.556 10.8 non-exclusive

113.34 278.624 33.984 10.8 licence
151.296 278.624 20.568 10.8 may
175.824 278.624 11.328 10.8 be
191.112 278.624 43.26 10.8 extended
238.32 278.624 9.996 10.8 or
252.288 278.624 46.62 10.8 presumed
302.856 278.624 9.336 10.8 to
316.164 278.624 26.616 10.8 apply
346.692 278.624 9.336 10.8 to
360 278.624 57.984 10.8 rightholders
421.944 278.624 9.996 10.8 of
435.852 278.624 14.664 10.8 the
454.44 278.624 24.528 10.8 same
482.928 278.624 41.376 10.8 category

113.34 292.424 9.996 10.8 as
131.508 292.424 25.332 10.8 those
165.024 292.424 37.956 10.8 covered
211.14 292.424 12 10.8 by
231.228 292.424 14.664 10.8 the
254.064 292.424 33.984 10.8 licence
296.172 292.424 20.664 10.8 who
324.96 292.424 14.676 10.8 are
347.796 292.424 15.336 10.8 not
371.304 292.424 55.296 10.8 represented
434.76 292.424 12 10.8 by
454.908 292.424 14.628 10.8 the
477.696 292.424 46.632 10.8 collective

113.34 306.224 61.232 10.8 management
177.656 306.224 62.316 10.8 organisation,
242.972 306.224 42.696 10.8 provided
288.62 306.224 21.324 10.8 that:

113.34 326.024 13.344 10.8 (a)
141.74 326.024 14.664 10.8 the
162.476 326.024 46.62 10.8 collective
215.144 326.024 61.212 10.8 management
282.428 326.024 59.424 10.8 organisation
347.84 326.024 11.004 10.8 is,
364.928 326.024 11.94 10.8 on
382.916 326.024 14.664 10.8 the
403.652 326.024 23.964 10.8 basis
433.64 326.024 9.996 10.8 of
449.708 326.024 45.264 10.8 mandates
501.044 326.024 23.328 10.8 from

141.74 339.824 61.032 10.8 rightholders,
206.216 339.824 36.684 10.8 broadly
246.392 339.824 67.296 10.8 representative
317.156 339.824 9.996 10.8 of
330.644 339.824 58.032 10.8 rightholders
392.156 339.824 9.336 10.8 in
405.044 339.824 14.664 10.8 the
423.212 339.824 41.316 10.8 category
468.08 339.824 9.996 10.8 of
481.568 339.824 29.244 10.8 works
514.364 339.824 9.996 10.8 or

141.74 353.624 24.684 10.8 other
169.424 353.624 68.628 10.8 subject-matter
241.052 353.624 17.352 10.8 and
261.344 353.624 9.996 10.8 of
274.304 353.624 14.664 10.8 the
291.992 353.624 27.336 10.8 rights
322.28 353.624 29.328 10.8 which
354.608 353.624 14.688 10.8 are
372.248 353.624 14.628 10.8 the
389.876 353.624 34.032 10.8 subject
426.908 353.624 9.996 10.8 of
439.96 353.624 14.664 10.8 the
457.648 353.624 37.308 10.8 licence;

113.34 373.424 13.992 10.8 (b)
141.74 373.424 25.992 10.8 equal
171.596 373.424 45.252 10.8 treatment
220.7 373.424 8.004 10.8 is
232.568 373.424 52.644 10.8 guaranteed
289.052 373.424 9.336 10.8 to
302.24 373.424 12 10.8 all
318.068 373.424 58.032 10.8 rightholders
379.844 373.424 9.336 10.8 in
393.032 373.424 36.708 10.8 relation
433.556 373.424 9.336 10.8 to
446.684 373.424 14.664 10.8 the
465.2 373.424 26.616 10.8 terms
495.716 373.424 9.996 10.8 of
509.504 373.424 14.664 10.8 the

141.74 387.224 37.32 10.8 licence;

113.34 407.024 13.344 10.8 (c)
141.74 407.024 12.024 10.8 all
158.036 407.024 57.972 10.8 rightholders
220.328 407.024 20.568 10.8 may
245.216 407.024 8.664 10.8 at
258.152 407.024 17.328 10.8 any
279.8 407.024 21.276 10.8 time
305.396 407.024 29.292 10.8 object
338.972 407.024 9.336 10.8 to
352.58 407.024 21.996 10.8 their
378.848 407.024 29.328 10.8 works
412.496 407.024 9.996 10.8 or
426.764 407.024 24.624 10.8 other
455.66 407.024 68.852 10.8 subject-matter

141.74 420.844 26.688 10.8 being
171.596 420.844 37.308 10.8 deemed
212.072 420.844 9.336 10.8 to
224.6 420.844 11.328 10.8 be
239.108 420.844 15.336 10.8 out
257.636 420.844 9.996 10.8 of
270.764 420.844 49.992 10.8 commerce
323.948 420.844 17.328 10.8 and
344.456 420.844 37.356 10.8 exclude
384.932 420.844 14.664 10.8 the
402.788 420.844 53.268 10.8 application
459.224 420.844 9.996 10.8 of
472.352 420.844 14.664 10.8 the
490.208 420.844 34.316 10.8 licence

141.74 434.644 9.336 10.8 to
154.076 434.644 21.984 10.8 their
179.096 434.644 29.268 10.8 works
211.364 434.644 9.996 10.8 or
224.384 434.644 24.66 10.8 other
252.044 434.644 71.604 10.8 subject-matter.

70.86 454.444 9 10.8 2.

113.34 454.444 8.664 10.8 A
126.708 454.444 24.66 10.8 work
156.096 454.444 9.996 10.8 or
170.904 454.444 24.684 10.8 other
200.34 454.444 68.672 10.8 subject-matter
273.764 454.444 22.668 10.8 shall
301.172 454.444 11.328 10.8 be
317.24 454.444 37.248 10.8 deemed
359.228 454.444 9.336 10.8 to
373.316 454.444 11.328 10.8 be
389.384 454.444 15.336 10.8 out
409.472 454.444 9.996 10.8 of
424.16 454.444 49.992 10.8 commerce
478.904 454.444 25.992 10.8 when
509.612 454.444 14.664 10.8 the

113.34 468.244 29.328 10.8 whole
152.928 468.244 24.66 10.8 work
187.836 468.244 9.996 10.8 or
208.104 468.244 24.66 10.8 other
242.952 468.244 71.768 10.8 subject-matter,
324.968 468.244 9.336 10.8 in
344.516 468.244 11.952 10.8 all
366.752 468.244 11.34 10.8 its
388.28 468.244 58.356 10.8 translations,
456.884 468.244 39.972 10.8 versions
507.14 468.244 17.28 10.8 and

113.34 482.044 72.96 10.8 manifestations,
194.124 482.044 8.004 10.8 is
209.952 482.044 15.336 10.8 not
233.1 482.044 43.356 10.8 available
284.256 482.044 9.336 10.8 to
301.344 482.044 14.664 10.8 the
323.82 482.044 30.036 10.8 public
361.596 482.044 37.368 10.8 through
406.752 482.044 50.176 10.8 customary
464.716 482.044 42.012 10.8 channels
514.552 482.044 9.996 10.8 of

113.34 495.844 49.944 10.8 commerce
166.284 495.844 17.352 10.8 and
186.636 495.844 31.992 10.8 cannot
221.664 495.844 11.328 10.8 be
235.944 495.844 51.972 10.8 reasonably
290.88 495.844 42.696 10.8 expected
336.516 495.844 9.336 10.8 to
348.816 495.844 37.248 10.8 become
389.064 495.844 13.668 10.8 so.

113.34 515.644 40.584 10.8 Member
161.196 515.644 28.704 10.8 States
197.112 515.644 25.668 10.8 shall,
229.98 515.644 9.336 10.8 in
246.588 515.644 58.62 10.8 consultation
312.444 515.644 21.336 10.8 with
340.992 515.644 60.996 10.8 rightholders,
409.176 515.644 46.644 10.8 collective
463.02 515.644 61.212 10.8 management

113.34 529.444 63.984 10.8 organisations
181.344 529.444 17.328 10.8 and
202.692 529.444 36.648 10.8 cultural
243.348 529.444 38.616 10.8 heritage
285.984 529.444 56.304 10.8 institutions,
346.308 529.444 31.356 10.8 ensure
381.684 529.444 17.964 10.8 that
403.68 529.444 14.628 10.8 the
422.328 529.444 62.664 10.8 requirements
489.012 529.444 21.996 10.8 used
514.98 529.444 9.336 10.8 to

113.34 543.244 47.94 10.8 determine
166.692 543.244 38.72 10.8 whether
210.824 543.244 29.328 10.8 works
245.552 543.244 17.328 10.8 and
268.28 543.244 24.624 10.8 other
298.316 543.244 68.616 10.8 subject-matter
372.344 543.244 16.656 10.8 can
394.352 543.244 11.328 10.8 be
411.08 543.244 39.336 10.8 licensed
455.744 543.244 9.336 10.8 in
470.492 543.244 53.928 10.8 accordance

113.34 557.044 21.336 10.8 with
138.228 557.044 47.928 10.8 paragraph
189.684 557.044 6 10.8 1
199.212 557.044 12 10.8 do
214.74 557.044 15.336 10.8 not
233.688 557.044 32.016 10.8 extend
269.244 557.044 35.28 10.8 beyond
308.052 557.044 23.328 10.8 what
334.92 557.044 8.004 10.8 is
346.488 557.044 46.668 10.8 necessary
396.684 557.044 17.328 10.8 and
417.552 557.044 51.324 10.8 reasonable
472.356 557.044 17.328 10.8 and
493.224 557.044 12 10.8 do
508.752 557.044 15.432 10.8 not

113.34 570.844 41.304 10.8 preclude
158.364 570.844 14.664 10.8 the
176.712 570.844 50.016 10.8 possibility
230.448 570.844 9.336 10.8 to
243.456 570.844 47.94 10.8 determine
295.128 570.844 14.664 10.8 the
313.524 570.844 83.348 10.8 out-of-commerce
400.604 570.844 27.336 10.8 status
431.672 570.844 9.996 10.8 of
445.34 570.844 5.328 10.8 a
454.388 570.844 47.328 10.8 collection
505.436 570.844 9.996 10.8 as
519.164 570.844 5.328 10.8 a

113.34 584.644 32.328 10.8 whole,
149.268 584.644 25.992 10.8 when
178.836 584.644 6.672 10.8 it
189.072 584.644 8.004 10.8 is
200.7 584.644 51.332 10.8 reasonable
255.596 584.644 9.336 10.8 to
268.544 584.644 40.548 10.8 presume
312.692 584.644 18.024 10.8 that
334.328 584.644 12 10.8 all
349.916 584.644 29.328 10.8 works
382.844 584.644 9.996 10.8 or
396.452 584.644 24.624 10.8 other
424.688 584.644 68.684 10.8 subject-matter
496.984 584.644 9.336 10.8 in
509.932 584.644 14.628 10.8 the

113.34 598.444 47.376 10.8 collection
163.656 598.444 14.652 10.8 are
181.308 598.444 15.336 10.8 out
199.644 598.444 9.996 10.8 of
212.64 598.444 52.86 10.8 commerce.

70.86 618.244 9 10.8 3.

113.34 618.244 40.584 10.8 Member
156.948 618.244 28.704 10.8 States
188.652 618.244 22.644 10.8 shall
214.332 618.244 36.6 10.8 provide
253.932 618.244 18 10.8 that
274.932 618.244 54.636 10.8 appropriate
332.568 618.244 42.648 10.8 publicity
378.216 618.244 44.604 10.8 measures
425.82 618.244 14.652 10.8 are
443.472 618.244 25.908 10.8 taken
472.38 618.244 49.308 10.8 regarding:

113.34 638.044 13.344 10.8 (a)
141.74 638.044 14.664 10.8 the
159.428 638.044 41.256 10.8 deeming
203.684 638.044 9.996 10.8 of
216.68 638.044 29.328 10.8 works
249.008 638.044 9.996 10.8 or
262.004 638.044 24.696 10.8 other
289.724 638.044 68.628 10.8 subject-matter
361.352 638.044 10.02 10.8 as
374.372 638.044 15.288 10.8 out
392.66 638.044 9.996 10.8 of
405.656 638.044 53.328 10.8 commerce;

113.34 657.844 13.992 10.8 (b)
141.74 657.844 14.664 10.8 the
159.44 657.844 37.008 10.8 licence,
199.388 657.844 17.328 10.8 and
219.716 657.844 9.36 10.8 in
232.076 657.844 45.984 10.8 particular
281.024 657.844 11.376 10.8 its
295.4 657.844 53.316 10.8 application
351.68 657.844 9.336 10.8 to
364.016 657.844 67.32 10.8 unrepresented
434.336 657.844 61.272 10.8 rightholders;

113.34 677.644 13.344 10.8 (c)
141.74 677.644 14.664 10.8 the
159.428 677.644 49.944 10.8 possibility
212.372 677.644 9.996 10.8 of
225.368 677.644 58.02 10.8 rightholders
286.352 677.644 9.336 10.8 to
298.688 677.644 32.34 10.8 object,
334.028 677.644 37.956 10.8 referred
374.984 677.644 9.3 10.8 to
387.284 677.644 9.336 10.8 in
399.62 677.644 24.708 10.8 point
427.292 677.644 13.32 10.8 (c)
443.612 677.644 9.996 10.8 of
456.572 677.644 47.976 10.8 paragraph
507.548 677.644 9.336 10.8 1;

113.34 697.464 45.324 10.8 including
161.856 697.464 31.308 10.8 during
196.332 697.464 5.328 10.8 a
204.78 697.464 51.252 10.8 reasonable
259.236 697.464 30.648 10.8 period
292.992 697.464 9.996 10.8 of
306.12 697.464 21.276 10.8 time
330.576 697.464 30.672 10.8 before
364.44 697.464 14.628 10.8 the
382.248 697.464 29.268 10.8 works
414.696 697.464 9.996 10.8 or
427.884 697.464 24.624 10.8 other
455.64 697.464 68.872 10.8 subject-matter

113.34 711.264 14.676 10.8 are
131.016 711.264 44.324 10.8 digitised,
178.34 711.264 54.336 10.8 distributed,
235.628 711.264 70.644 10.8 communicated
309.272 711.264 9.36 10.8 to
321.572 711.264 14.664 10.8 the
339.26 711.264 29.976 10.8 public
372.236 711.264 9.948 10.8 or
385.184 711.264 25.92 10.8 made
414.176 711.264 46.356 10.8 available.

28.38 784.188 33.348 22.2 EN

291.62 793.224 12 10.8 27

533.62 784.188 33.348 22.2 EN

70.86 59.544 9 10.8 4.

113.34 59.544 40.584 10.8 Member
158.496 59.544 28.704 10.8 States
191.772 59.544 22.668 10.8 shall
219 59.544 31.32 10.8 ensure
254.868 59.544 18 10.8 that
277.416 59.544 14.664 10.8 the
296.604 59.544 38.652 10.8 licences
339.828 59.544 37.956 10.8 referred
382.272 59.544 9.336 10.8 to
396.18 59.544 9.336 10.8 in
410.028 59.544 48 10.8 paragraph
462.564 59.544 6 10.8 1
473.052 59.544 14.676 10.8 are
492.288 59.544 32.004 10.8 sought

113.34 73.344 23.364 10.8 from
141.876 73.344 5.328 10.8 a
152.484 73.344 46.644 10.8 collective
204.408 73.344 61.152 10.8 management
270.852 73.344 59.376 10.8 organisation
335.436 73.344 17.964 10.8 that
358.692 73.344 8.004 10.8 is
371.94 73.344 67.272 10.8 representative
444.492 73.344 13.992 10.8 for
463.68 73.344 14.664 10.8 the
483.636 73.344 40.572 10.8 Member

113.34 87.144 24.036 10.8 State
140.376 87.144 32.616 10.8 where:

113.34 106.944 13.344 10.8 (a)
141.74 106.944 14.664 10.8 the
159.596 106.944 29.328 10.8 works
192.104 106.944 9.996 10.8 or
205.232 106.944 59.4 10.8 phonograms
267.776 106.944 23.316 10.8 were
294.284 106.944 19.332 10.8 first
316.76 106.944 46.704 10.8 published
366.656 106.944 12.936 10.8 or,
382.724 106.944 9.336 10.8 in
395.252 106.944 14.664 10.8 the
413.108 106.944 37.98 10.8 absence
454.256 106.944 9.996 10.8 of
467.384 106.944 57.048 10.8 publication,

141.74 120.744 29.316 10.8 where
175.868 120.744 20.688 10.8 they
201.284 120.744 23.316 10.8 were
229.412 120.744 19.332 10.8 first
253.568 120.744 48.948 10.8 broadcast,
307.304 120.744 31.272 10.8 except
343.4 120.744 13.992 10.8 for
362.168 120.744 79.908 10.8 cinematographic
446.888 120.744 17.328 10.8 and
469.016 120.744 55.332 10.8 audiovisual

141.74 134.564 32.664 10.8 works;

113.34 154.364 13.992 10.8 (b)
141.74 154.364 14.664 10.8 the
160.976 154.364 47.28 10.8 producers
212.804 154.364 9.996 10.8 of
227.312 154.364 14.664 10.8 the
246.5 154.364 29.328 10.8 works
280.388 154.364 22.656 10.8 have
307.556 154.364 21.984 10.8 their
334.112 154.364 61.248 10.8 headquarters
399.92 154.364 9.936 10.8 or
414.428 154.364 38.604 10.8 habitual
457.604 154.364 48.276 10.8 residence,
510.452 154.364 13.992 10.8 for

141.74 168.164 79.944 10.8 cinematographic
224.684 168.164 17.328 10.8 and
245.012 168.164 55.344 10.8 audiovisual
303.356 168.164 32.628 10.8 works;
338.984 168.164 9.996 10.8 or

113.34 187.964 13.344 10.8 (c)
141.74 187.964 14.664 10.8 the
160.256 187.964 36.612 10.8 cultural
200.66 187.964 38.676 10.8 heritage
243.116 187.964 48.684 10.8 institution
295.652 187.964 8.004 10.8 is
307.46 187.964 56.28 10.8 established,
367.556 187.964 25.992 10.8 when
397.364 187.964 5.328 10.8 a
406.532 187.964 40.584 10.8 Member
450.968 187.964 23.964 10.8 State
478.784 187.964 9.936 10.8 or
492.512 187.964 5.328 10.8 a
501.68 187.964 22.668 10.8 third

141.74 201.764 36.684 10.8 country
182.636 201.764 26.616 10.8 could
213.464 201.764 15.336 10.8 not
233.012 201.764 11.328 10.8 be
248.54 201.764 56.964 10.8 determined,
309.692 201.764 22.032 10.8 after
335.936 201.764 51.252 10.8 reasonable
391.4 201.764 34.296 10.8 efforts,
429.896 201.764 47.376 10.8 according
481.46 201.764 9.336 10.8 to
494.948 201.764 29.376 10.8 points

141.74 215.564 13.344 10.8 (a)
158.084 215.564 17.352 10.8 and
178.376 215.564 17.028 10.8 (b).

70.86 235.364 9 10.8 5.

113.34 235.364 53.364 10.8 Paragraphs
170.964 235.364 9 10.8 1,
184.332 235.364 6 10.8 2
194.7 235.364 17.328 10.8 and
216.408 235.364 6 10.8 3
226.776 235.364 22.644 10.8 shall
253.812 235.364 15.276 10.8 not
273.48 235.364 26.616 10.8 apply
304.488 235.364 9.336 10.8 to
318.156 235.364 14.664 10.8 the
337.212 235.364 29.244 10.8 works
370.848 235.364 9.996 10.8 or
385.236 235.364 24.624 10.8 other
414.192 235.364 68.92 10.8 subject-matter
487.504 235.364 9.996 10.8 of
501.832 235.364 22.668 10.8 third

113.34 249.164 36.684 10.8 country
153.024 249.164 43.332 10.8 nationals
199.356 249.164 31.32 10.8 except
233.628 249.164 29.316 10.8 where
265.944 249.164 29.34 10.8 points
298.284 249.164 13.356 10.8 (a)
314.64 249.164 17.352 10.8 and
334.932 249.164 13.992 10.8 (b)
351.9 249.164 9.996 10.8 of
364.86 249.164 48.024 10.8 paragraph
415.836 249.164 6 10.8 4
424.836 249.164 29.688 10.8 apply.

276.86 269.024 32.652 10.8 Article
312.536 269.024 6 10.8 8

253.52 282.824 64.668 10.8 Cross-border
321.188 282.824 20.688 10.8 uses

70.86 302.564 9 10.8 1.

113.34 302.564 31.944 10.8 Works
151.296 302.564 9.996 10.8 or
167.304 302.564 24.684 10.8 other
198 302.564 68.612 10.8 subject-matter
272.624 302.564 37.956 10.8 covered
316.58 302.564 12 10.8 by
334.568 302.564 5.328 10.8 a
345.836 302.564 33.984 10.8 licence
385.832 302.564 35.916 10.8 granted
427.748 302.564 9.336 10.8 in
443.096 302.564 53.928 10.8 accordance
503.012 302.564 21.336 10.8 with

113.34 316.364 33.312 10.8 Article
151.884 316.364 6 10.8 7
163.092 316.364 20.664 10.8 may
188.94 316.364 11.328 10.8 be
205.488 316.364 21.996 10.8 used
232.656 316.364 12 10.8 by
249.864 316.364 14.664 10.8 the
269.76 316.364 36.624 10.8 cultural
311.616 316.364 38.64 10.8 heritage
355.392 316.364 48.684 10.8 institution
409.48 316.364 9.336 10.8 in
424.048 316.364 53.904 10.8 accordance
483.184 316.364 21.336 10.8 with
509.752 316.364 14.664 10.8 the

113.34 330.164 26.616 10.8 terms
142.956 330.164 9.996 10.8 of
155.952 330.164 14.664 10.8 the
173.616 330.164 33.996 10.8 licence
210.612 330.164 9.372 10.8 in
222.984 330.164 11.952 10.8 all
237.936 330.164 40.572 10.8 Member
281.532 330.164 31.704 10.8 States.

70.86 349.964 9 10.8 2.

113.34 349.964 40.584 10.8 Member
159.456 349.964 28.704 10.8 States
193.692 349.964 22.62 10.8 shall
221.82 349.964 31.296 10.8 ensure
258.636 349.964 17.964 10.8 that
282.072 349.964 56.592 10.8 information
344.136 349.964 18.024 10.8 that
367.632 349.964 31.356 10.8 allows
404.448 349.964 14.664 10.8 the
424.644 349.964 63.912 10.8 identification
494.088 349.964 9.996 10.8 of
509.556 349.964 14.664 10.8 the

113.34 363.764 29.328 10.8 works
148.908 363.764 9.996 10.8 or
165.156 363.764 24.624 10.8 other
196.032 363.764 68.6 10.8 subject-matter
270.884 363.764 37.98 10.8 covered
315.092 363.764 12 10.8 by
333.32 363.764 5.328 10.8 a
344.888 363.764 33.936 10.8 licence
385.064 363.764 35.952 10.8 granted
427.232 363.764 9.336 10.8 in
442.82 363.764 53.928 10.8 accordance
502.976 363.764 21.336 10.8 with

113.34 377.564 33.312 10.8 Article
149.964 377.564 6 10.8 7
159.252 377.564 17.328 10.8 and
179.88 377.564 56.652 10.8 information
239.844 377.564 26.792 10.8 about
269.948 377.564 14.664 10.8 the
287.924 377.564 50.016 10.8 possibility
341.24 377.564 9.996 10.8 of
354.488 377.564 58.068 10.8 rightholders
415.832 377.564 9.336 10.8 to
428.48 377.564 29.352 10.8 object
461.144 377.564 37.956 10.8 referred
502.388 377.564 9.336 10.8 to
515.036 377.564 9.336 10.8 in

113.34 391.364 33.312 10.8 Article
150.684 391.364 33.288 10.8 7(1)(c)
187.98 391.364 14.604 10.8 are
206.616 391.364 25.896 10.8 made
236.544 391.364 39.324 10.8 publicly
279.84 391.364 48.612 10.8 accessible
332.424 391.364 9.336 10.8 in
345.792 391.364 5.328 10.8 a
355.08 391.364 28.668 10.8 single
387.768 391.364 29.928 10.8 online
421.716 391.364 27.996 10.8 portal
453.684 391.364 13.992 10.8 for
471.612 391.364 8.664 10.8 at
484.308 391.364 21.936 10.8 least
510.276 391.364 13.956 10.8 six

113.34 405.164 35.34 10.8 months
158.088 405.164 30.648 10.8 before
198.156 405.164 14.628 10.8 the
222.204 405.164 29.244 10.8 works
260.88 405.164 9.996 10.8 or
280.248 405.164 24.624 10.8 other
314.304 405.164 68.648 10.8 subject-matter
392.384 405.164 14.604 10.8 are
416.372 405.164 44.316 10.8 digitised,
470.048 405.164 54.336 10.8 distributed,

113.34 418.984 70.644 10.8 communicated
187.944 418.984 9.336 10.8 to
201.192 418.984 14.664 10.8 the
219.828 418.984 29.976 10.8 public
253.764 418.984 9.936 10.8 or
267.8 418.984 25.896 10.8 made
297.668 418.984 43.32 10.8 available
344.936 418.984 9.336 10.8 in
358.184 418.984 40.584 10.8 Member
402.74 418.984 28.656 10.8 States
435.356 418.984 24.66 10.8 other
463.904 418.984 20.628 10.8 than
488.492 418.984 14.664 10.8 the
507.128 418.984 17.268 10.8 one

113.34 432.784 29.316 10.8 where
145.656 432.784 14.7 10.8 the
163.308 432.784 33.984 10.8 licence
200.316 432.784 7.968 10.8 is
211.284 432.784 38.988 10.8 granted,
253.272 432.784 17.328 10.8 and
273.6 432.784 13.992 10.8 for
290.532 432.784 14.664 10.8 the
308.22 432.784 29.328 10.8 whole
340.548 432.784 39.972 10.8 duration
383.52 432.784 9.996 10.8 of
396.468 432.784 14.664 10.8 the
414.156 432.784 36.996 10.8 licence.

70.86 452.584 9 10.8 3.

113.34 452.584 18.66 10.8 The
138.108 452.584 27.984 10.8 portal
172.164 452.584 38.016 10.8 referred
216.228 452.584 9.336 10.8 to
231.636 452.584 9.336 10.8 in
247.104 452.584 47.94 10.8 paragraph
301.152 452.584 6 10.8 2
313.26 452.584 22.668 10.8 shall
342.048 452.584 11.268 10.8 be
359.436 452.584 53.292 10.8 established
418.824 452.584 17.328 10.8 and
442.272 452.584 43.248 10.8 managed
491.628 452.584 12 10.8 by
509.676 452.584 14.628 10.8 the

113.34 466.324 46.008 10.8 European
162.636 466.324 30 10.8 Union
195.924 466.324 54.024 10.8 Intellectual
253.26 466.324 41.28 10.8 Property
297.828 466.324 30.636 10.8 Office
331.764 466.324 9.336 10.8 in
344.412 466.324 54.164 10.8 accordance
401.876 466.324 21.336 10.8 with
426.524 466.324 52.62 10.8 Regulation
482.432 466.324 23.988 10.8 (EU)
509.72 466.324 14.664 10.8 No

113.34 480.124 48.336 10.8 386/2012.

276.86 499.984 32.652 10.8 Article
312.536 499.984 6 10.8 9

246.56 513.784 57.312 10.8 Stakeholder
306.872 513.784 42 10.8 dialogue

70.86 533.524 40.584 10.8 Member
114.936 533.524 28.704 10.8 States
147.132 533.524 22.668 10.8 shall
173.22 533.524 31.32 10.8 ensure
208.008 533.524 5.328 10.8 a
216.756 533.524 33.924 10.8 regular
254.172 533.524 41.328 10.8 dialogue
298.98 533.524 39.948 10.8 between
342.396 533.524 67.272 10.8 representative
413.112 533.524 26.796 10.8 users'
443.328 533.524 17.328 10.8 and
464.136 533.524 60.144 10.8 rightholders'

70.86 547.324 66.984 10.8 organisations,
141.444 547.324 17.328 10.8 and
162.372 547.324 17.328 10.8 any
183.3 547.324 24.684 10.8 other
211.596 547.324 38.616 10.8 relevant
253.764 547.324 55.356 10.8 stakeholder
312.66 547.324 66.984 10.8 organisations,
383.244 547.324 12.336 10.8 to,
399.192 547.324 12 10.8 on
414.78 547.324 5.328 10.8 a
423.708 547.324 70.252 10.8 sector-specific
497.56 547.324 27.036 10.8 basis,

70.86 561.124 27.324 10.8 foster
103.356 561.124 14.628 10.8 the
123.144 561.124 45.972 10.8 relevance
174.252 561.124 17.28 10.8 and
196.68 561.124 41.34 10.8 usability
243.108 561.124 9.996 10.8 of
258.216 561.124 14.664 10.8 the
278.052 561.124 43.284 10.8 licensing
326.52 561.124 59.196 10.8 mechanisms
390.876 561.124 37.956 10.8 referred
433.992 561.124 9.336 10.8 to
448.44 561.124 9.336 10.8 in
462.948 561.124 33.264 10.8 Article
501.336 561.124 22.956 10.8 7(1),

70.86 574.924 31.356 10.8 ensure
105.756 574.924 14.628 10.8 the
123.924 574.924 62.58 10.8 effectiveness
189.996 574.924 9.996 10.8 of
203.484 574.924 14.664 10.8 the
221.7 574.924 51.336 10.8 safeguards
276.576 574.924 13.992 10.8 for
294.084 574.924 57.96 10.8 rightholders
355.596 574.924 37.956 10.8 referred
397.08 574.924 9.336 10.8 to
409.968 574.924 9.336 10.8 in
422.796 574.924 17.304 10.8 this
443.664 574.924 41.028 10.8 Chapter,
488.16 574.924 36.024 10.8 notably

70.86 588.724 9.996 10.8 as
87.168 588.724 35.304 10.8 regards
128.712 588.724 42.696 10.8 publicity
177.696 588.724 47.604 10.8 measures,
231.54 588.724 20.28 10.8 and,
258.108 588.724 29.316 10.8 where
293.736 588.724 52.296 10.8 applicable,
352.32 588.724 25.992 10.8 assist
384.82 588.724 9.336 10.8 in
400.408 588.724 14.664 10.8 the
421.336 588.724 65.94 10.8 establishment
493.588 588.724 9.996 10.8 of
509.836 588.724 14.664 10.8 the

70.86 602.524 62.604 10.8 requirements
136.464 602.524 38.028 10.8 referred
177.432 602.524 9.336 10.8 to
189.732 602.524 9.336 10.8 in
202.068 602.524 14.7 10.8 the
219.768 602.524 33.288 10.8 second
256.056 602.524 64.644 10.8 subparagraph
323.7 602.524 9.996 10.8 of
336.66 602.524 33.36 10.8 Article
373.02 602.524 23.016 10.8 7(2).

258.26 623.012 68.3902 12.582 CHAPTER
330.145 623.012 6.99 12.582 2

95.46 639.152 39.5914 12.582 Access
138.546 639.152 11.6453 12.582 to
153.743 639.152 22.5777 12.582 and
179.815 639.152 66.8803 12.582 availability
250.191 639.152 11.6453 12.582 of
265.289 639.152 68.4601 12.582 audiovisual
337.314 639.152 36.376 12.582 works
377.241 639.152 14.7629 12.582 on
395.541 639.152 104.4 12.582 video-on-demand

268.52 655.232 58.2966 12.582 platforms

273.86 688.684 32.652 10.8 Article
309.536 688.684 12 10.8 10

240.86 702.504 56.664 10.8 Negotiation
300.488 702.504 54.012 10.8 mechanism

70.86 722.244 40.584 10.8 Member
116.856 722.244 28.704 10.8 States
150.972 722.244 22.668 10.8 shall
179.04 722.244 31.296 10.8 ensure
215.736 722.244 18 10.8 that
239.124 722.244 29.316 10.8 where
273.98 722.244 32.016 10.8 parties
311.336 722.244 38.028 10.8 wishing
354.752 722.244 9.336 10.8 to
369.5 722.244 43.356 10.8 conclude
418.256 722.244 11.28 10.8 an
434.924 722.244 49.932 10.8 agreement
490.268 722.244 13.992 10.8 for
509.636 722.244 14.664 10.8 the

70.86 736.044 38.016 10.8 purpose
117.636 736.044 9.996 10.8 of
136.404 736.044 35.928 10.8 making
181.08 736.044 43.368 10.8 available
233.22 736.044 55.32 10.8 audiovisual
297.276 736.044 29.328 10.8 works
335.364 736.044 12 10.8 on
356.172 736.044 84.736 10.8 video-on-demand
449.716 736.044 45.936 10.8 platforms
504.472 736.044 19.98 10.8 face

70.86 749.844 52.008 10.8 difficulties
126.744 749.844 36.66 10.8 relating
167.232 749.844 9.336 10.8 to
180.42 749.844 14.628 10.8 the
198.948 749.844 43.296 10.8 licensing
246.096 749.844 9.996 10.8 of
259.944 749.844 30.372 10.8 rights,
294.18 749.844 20.628 10.8 they
318.708 749.844 20.568 10.8 may
343.176 749.844 18.684 10.8 rely
365.712 749.844 12 10.8 on
381.6 749.844 14.628 10.8 the
400.128 749.844 47.964 10.8 assistance
451.944 749.844 9.996 10.8 of
465.792 749.844 11.328 10.8 an
480.96 749.844 43.32 10.8 impartial

28.38 784.188 33.348 22.2 EN

291.62 793.224 12 10.8 28

533.62 784.188 33.348 22.2 EN

70.86 59.544 24 10.8 body
98.868 59.544 21.336 10.8 with
124.236 59.544 38.616 10.8 relevant
166.884 59.544 55.016 10.8 experience.
225.908 59.544 21.996 10.8 That
251.876 59.544 24 10.8 body
279.884 59.544 22.668 10.8 shall
306.512 59.544 36.696 10.8 provide
347.168 59.544 48.012 10.8 assistance
399.212 59.544 21.288 10.8 with
424.448 59.544 54.036 10.8 negotiation
482.432 59.544 17.328 10.8 and
503.78 59.544 20.664 10.8 help

70.86 73.344 26.004 10.8 reach
99.864 73.344 57.516 10.8 agreements.

70.86 93.144 14.664 10.8 No
88.668 93.144 21.372 10.8 later
113.172 93.144 20.664 10.8 than
136.98 93.144 23.988 10.8 [date
164.24 93.144 50.616 10.8 mentioned
218.024 93.144 9.336 10.8 in
230.552 93.144 33.264 10.8 Article
267.008 93.144 30.048 10.8 21(1)]
300.128 93.144 40.584 10.8 Member
343.904 93.144 28.704 10.8 States
375.8 93.144 22.668 10.8 shall
401.648 93.144 28.56 10.8 notify
433.376 93.144 9.336 10.8 to
445.904 93.144 14.664 10.8 the
463.76 93.144 60.564 10.8 Commission

70.86 106.944 14.664 10.8 the
88.548 106.944 24 10.8 body
115.548 106.944 37.944 10.8 referred
156.432 106.944 9.336 10.8 to
168.768 106.944 9.372 10.8 in
181.14 106.944 47.94 10.8 paragraph
232.08 106.944 9 10.8 1.

28.38 784.188 33.348 22.2 EN

291.62 793.224 12 10.8 29

533.62 784.188 33.348 22.2 EN

266.78 60.2317 42.7369 12.582 TITLE
313.04 60.2317 15.5318 12.582 IV

73.08 76.3117 77.7148 12.582 MEASURES
154.29 76.3117 20.243 12.582 TO
178.028 76.3117 65.3565 12.582 ACHIEVE
246.879 76.3117 10.0936 12.582 A
260.468 76.3117 147.87 12.582 WELL-FUNCTIONING
411.833 76.3117 110.386 12.582 MARKETPLACE

237.98 92.4517 29.5118 12.582 FOR
270.987 92.4517 86.3265 12.582 COPYRIGHT

258.26 126.532 68.3902 12.582 CHAPTER
330.145 126.532 6.99 12.582 1

232.34 142.632 38.8784 12.582 Rights
274.741 142.632 11.6593 12.582 in
289.896 142.632 73.0874 12.582 publications

273.86 176.144 32.652 10.8 Article
309.536 176.144 12 10.8 11

163.4 189.944 50.7 10.8 Protection
217.1 189.944 9.264 10.8 of
229.364 189.944 25.368 10.8 press
257.732 189.944 59.316 10.8 publications
320.048 189.944 53.964 10.8 concerning
377.012 189.944 31.296 10.8 digital
411.308 189.944 20.7 10.8 uses

70.86 209.684 9 10.8 1.

113.34 209.684 40.584 10.8 Member
156.996 209.684 28.704 10.8 States
188.772 209.684 22.668 10.8 shall
214.5 209.684 36.624 10.8 provide
254.196 209.684 49.344 10.8 publishers
306.6 209.684 9.996 10.8 of
319.608 209.684 24.684 10.8 press
347.364 209.684 58.704 10.8 publications
409.068 209.684 21.372 10.8 with
433.488 209.684 14.664 10.8 the
451.224 209.684 27.312 10.8 rights
481.62 209.684 42.696 10.8 provided

113.34 223.424 13.992 10.8 for
131.148 223.424 9.336 10.8 in
144.336 223.424 33.36 10.8 Article
181.512 223.424 6 10.8 2
191.34 223.424 17.328 10.8 and
212.508 223.424 33.384 10.8 Article
249.732 223.424 19.992 10.8 3(2)
273.588 223.424 9.996 10.8 of
287.54 223.424 44.676 10.8 Directive
336.056 223.424 57.984 10.8 2001/29/EC
397.832 223.424 13.992 10.8 for
415.688 223.424 14.664 10.8 the
434.204 223.424 30.672 10.8 digital
468.68 223.424 15.996 10.8 use
488.528 223.424 9.996 10.8 of
502.316 223.424 22.02 10.8 their

113.34 237.224 24.684 10.8 press
141.024 237.224 61.692 10.8 publications.

70.86 257.024 9 10.8 2.

113.34 257.024 18.66 10.8 The
135.348 257.024 27.372 10.8 rights
166.104 257.024 37.956 10.8 referred
207.408 257.024 9.336 10.8 to
220.116 257.024 9.336 10.8 in
232.764 257.024 48.024 10.8 paragraph
284.148 257.024 6 10.8 1
293.436 257.024 22.704 10.8 shall
319.512 257.024 25.32 10.8 leave
348.12 257.024 26.7 10.8 intact
378.156 257.024 17.328 10.8 and
398.844 257.024 22.644 10.8 shall
424.86 257.024 9.336 10.8 in
437.568 257.024 12 10.8 no
452.916 257.024 19.92 10.8 way
476.184 257.024 27.252 10.8 affect
506.82 257.024 17.328 10.8 any

113.34 270.824 27.372 10.8 rights
144.636 270.824 42.588 10.8 provided
191.124 270.824 13.992 10.8 for
208.992 270.824 9.336 10.8 in
222.24 270.824 30.048 10.8 Union
256.176 270.824 17.352 10.8 law
277.392 270.824 9.336 10.8 to
290.64 270.824 35.352 10.8 authors
329.904 270.824 17.328 10.8 and
351.072 270.824 24.684 10.8 other
379.668 270.824 60.996 10.8 rightholders,
444.552 270.824 9.336 10.8 in
457.8 270.824 33.924 10.8 respect
495.636 270.824 9.996 10.8 of
509.484 270.824 14.664 10.8 the

113.34 284.624 29.328 10.8 works
146.508 284.624 17.328 10.8 and
167.72 284.624 24.684 10.8 other
196.256 284.624 68.556 10.8 subject-matter
268.664 284.624 60.684 10.8 incorporated
333.116 284.624 9.336 10.8 in
346.304 284.624 5.328 10.8 a
355.412 284.624 24.684 10.8 press
383.948 284.624 56.988 10.8 publication.
444.764 284.624 24 10.8 Such
472.532 284.624 27.372 10.8 rights
503.768 284.624 20.568 10.8 may

113.34 298.424 15.336 10.8 not
133.008 298.424 11.328 10.8 be
148.656 298.424 38.628 10.8 invoked
191.604 298.424 33.984 10.8 against
229.86 298.424 25.332 10.8 those
259.536 298.424 35.292 10.8 authors
299.112 298.424 17.328 10.8 and
320.76 298.424 24.684 10.8 other
349.716 298.424 58.032 10.8 rightholders
411.972 298.424 20.328 10.8 and,
436.62 298.424 9.336 10.8 in
450.288 298.424 49.008 10.8 particular,
503.604 298.424 20.628 10.8 may

113.34 312.224 15.336 10.8 not
135.048 312.224 36.012 10.8 deprive
177.384 312.224 24.024 10.8 them
207.72 312.224 9.996 10.8 of
224.088 312.224 22.02 10.8 their
252.492 312.224 22.668 10.8 right
281.52 312.224 9.336 10.8 to
297.168 312.224 33.36 10.8 exploit
336.912 312.224 21.984 10.8 their
365.268 312.224 29.328 10.8 works
400.956 312.224 17.328 10.8 and
424.644 312.224 24.684 10.8 other
455.7 312.224 68.848 10.8 subject-matter

113.34 326.024 67.98 10.8 independently
184.32 326.024 23.336 10.8 from
210.56 326.024 14.664 10.8 the
228.296 326.024 24.684 10.8 press
255.98 326.024 54 10.8 publication
312.98 326.024 9.336 10.8 in
325.316 326.024 29.256 10.8 which
357.572 326.024 20.688 10.8 they
381.26 326.024 14.616 10.8 are
398.9 326.024 63.636 10.8 incorporated.

70.86 345.824 9 10.8 3.

113.34 345.824 38.004 10.8 Articles
157.644 345.824 6 10.8 5
169.872 345.824 9.336 10.8 to
185.46 345.824 6 10.8 8
197.748 345.824 9.996 10.8 of
213.996 345.824 44.664 10.8 Directive
264.96 345.824 57.984 10.8 2001/29/EC
329.196 345.824 17.328 10.8 and
352.764 345.824 44.676 10.8 Directive
403.68 345.824 58.704 10.8 2012/28/EU
468.636 345.824 22.704 10.8 shall
497.592 345.824 26.664 10.8 apply

113.34 359.624 35.376 10.8 mutatis
151.716 359.624 43.956 10.8 mutandis
198.74 359.624 9.336 10.8 in
211.076 359.624 33.936 10.8 respect
248.048 359.624 9.996 10.8 of
261.044 359.624 14.664 10.8 the
278.708 359.624 27.264 10.8 rights
308.972 359.624 37.992 10.8 referred
349.964 359.624 9.3 10.8 to
362.264 359.624 9.336 10.8 in
374.6 359.624 47.964 10.8 paragraph
425.564 359.624 9 10.8 1.

70.86 379.424 9 10.8 4.

113.34 379.424 18.66 10.8 The
135.288 379.424 27.312 10.8 rights
165.924 379.424 37.956 10.8 referred
207.108 379.424 9.336 10.8 to
219.756 379.424 9.336 10.8 in
232.344 379.424 48 10.8 paragraph
283.62 379.424 6 10.8 1
292.848 379.424 22.704 10.8 shall
318.98 379.424 29.988 10.8 expire
352.208 379.424 12 10.8 20
367.496 379.424 25.356 10.8 years
396.092 379.424 21.924 10.8 after
421.328 379.424 14.628 10.8 the
439.256 379.424 53.988 10.8 publication
496.532 379.424 9.996 10.8 of
509.78 379.424 14.628 10.8 the

113.34 393.224 24.684 10.8 press
142.116 393.224 56.952 10.8 publication.
203.16 393.224 21.264 10.8 This
228.528 393.224 21.996 10.8 term
254.496 393.224 22.704 10.8 shall
281.292 393.224 11.328 10.8 be
296.64 393.224 48.66 10.8 calculated
349.344 393.224 23.328 10.8 from
376.632 393.224 14.664 10.8 the
395.388 393.224 19.332 10.8 first
418.824 393.224 17.328 10.8 day
440.232 393.224 9.996 10.8 of
454.26 393.224 37.308 10.8 January
495.636 393.224 9.996 10.8 of
509.664 393.224 14.628 10.8 the

113.34 407.024 20.652 10.8 year
137.028 407.024 46.608 10.8 following
186.636 407.024 14.664 10.8 the
204.324 407.024 19.992 10.8 date
227.244 407.024 9.996 10.8 of
240.204 407.024 56.988 10.8 publication.

273.86 426.904 32.652 10.8 Article
309.536 426.904 12 10.8 12

229.52 440.704 34.008 10.8 Claims
266.528 440.704 9.36 10.8 to
278.888 440.704 17.304 10.8 fair
299.192 440.704 66.672 10.8 compensation

70.86 460.444 40.584 10.8 Member
116.616 460.444 28.764 10.8 States
150.54 460.444 20.568 10.8 may
176.268 460.444 36.732 10.8 provide
218.172 460.444 18.024 10.8 that
241.368 460.444 29.316 10.8 where
275.856 460.444 11.328 10.8 an
292.344 460.444 30.66 10.8 author
328.34 460.444 15.996 10.8 has
349.508 460.444 51.984 10.8 transferred
406.652 460.444 9.996 10.8 or
421.82 460.444 39.348 10.8 licensed
466.316 460.444 5.328 10.8 a
476.804 460.444 22.668 10.8 right
504.632 460.444 9.336 10.8 to
519.14 460.444 5.328 10.8 a

70.86 474.244 47.7 10.8 publisher,
122.616 474.244 21.948 10.8 such
148.644 474.244 5.328 10.8 a
157.992 474.244 36.636 10.8 transfer
198.708 474.244 9.996 10.8 or
212.736 474.244 5.328 10.8 a
222.084 474.244 33.936 10.8 licence
260.112 474.244 51.276 10.8 constitutes
315.468 474.244 5.328 10.8 a
324.876 474.244 45.204 10.8 sufficient
374.172 474.244 23.328 10.8 legal
401.52 474.244 23.964 10.8 basis
429.528 474.244 13.992 10.8 for
447.576 474.244 14.664 10.8 the
466.284 474.244 44.64 10.8 publisher
514.92 474.244 9.336 10.8 to

70.86 488.044 26.712 10.8 claim
102.804 488.044 5.328 10.8 a
113.472 488.044 25.32 10.8 share
144.12 488.044 9.996 10.8 of
159.408 488.044 14.664 10.8 the
179.376 488.044 66.648 10.8 compensation
251.292 488.044 13.992 10.8 for
270.6 488.044 14.664 10.8 the
290.616 488.044 20.616 10.8 uses
316.524 488.044 9.996 10.8 of
331.812 488.044 14.664 10.8 the
351.828 488.044 24.6 10.8 work
381.756 488.044 25.896 10.8 made
413.004 488.044 27.324 10.8 under
445.68 488.044 11.328 10.8 an
462.288 488.044 46.656 10.8 exception
514.272 488.044 9.936 10.8 or

70.86 501.844 46.68 10.8 limitation
120.504 501.844 9.336 10.8 to
132.804 501.844 14.664 10.8 the
150.492 501.844 51.96 10.8 transferred
205.52 501.844 9.996 10.8 or
218.516 501.844 39.348 10.8 licensed
260.828 501.844 25.704 10.8 right.

258.26 522.332 68.3902 12.582 CHAPTER
330.145 522.332 6.99 12.582 2

144.74 538.412 45.8404 12.582 Certain
194.075 538.412 24.8984 12.582 uses
222.469 538.412 11.6453 12.582 of
237.651 538.412 56.6749 12.582 protected
297.863 538.412 44.3026 12.582 content
345.661 538.412 14.7629 12.582 by
363.974 538.412 36.5158 12.582 online
403.985 538.412 46.5814 12.582 services

273.86 571.924 32.652 10.8 Article
309.536 571.924 12 10.8 13

71.82 585.724 18.66 10.8 Use
93.48 585.724 9.336 10.8 of
105.816 585.724 45.348 10.8 protected
154.164 585.724 35.328 10.8 content
192.492 585.724 11.328 10.8 by
206.82 585.724 56.604 10.8 information
266.424 585.724 33.312 10.8 society
302.76 585.724 33.984 10.8 service
339.768 585.724 45.912 10.8 providers
388.704 585.724 34.008 10.8 storing
425.712 585.724 17.952 10.8 and
446.664 585.724 30.024 10.8 giving
479.688 585.724 31.32 10.8 access
514.008 585.724 9.372 10.8 to

122.34 599.524 25.332 10.8 large
150.708 599.524 40.668 10.8 amounts
194.376 599.524 9.336 10.8 of
206.736 599.524 28.668 10.8 works
238.404 599.524 17.952 10.8 and
259.356 599.524 25.356 10.8 other
287.712 599.524 69.38 10.8 subject-matter
360.02 599.524 44.688 10.8 uploaded
407.708 599.524 11.328 10.8 by
421.988 599.524 22.692 10.8 their
447.68 599.524 25.388 10.8 users

70.86 619.264 9 10.8 1.

113.34 619.264 57.264 10.8 Information
174.876 619.264 34.056 10.8 society
213.18 619.264 33.948 10.8 service
251.388 619.264 45.264 10.8 providers
300.924 619.264 18.024 10.8 that
323.22 619.264 23.28 10.8 store
350.688 619.264 17.328 10.8 and
372.276 619.264 36.636 10.8 provide
413.172 619.264 9.336 10.8 to
426.78 619.264 14.664 10.8 the
445.716 619.264 29.976 10.8 public
479.952 619.264 30.648 10.8 access
514.86 619.264 9.408 10.8 to

113.34 633.064 24.012 10.8 large
142.824 633.064 40.632 10.8 amounts
189 633.064 9.996 10.8 of
204.468 633.064 29.328 10.8 works
239.316 633.064 9.996 10.8 or
254.844 633.064 24.66 10.8 other
285.012 633.064 68.696 10.8 subject-matter
359.216 633.064 44.028 10.8 uploaded
408.692 633.064 12 10.8 by
426.2 633.064 22.02 10.8 their
453.716 633.064 24.66 10.8 users
483.884 633.064 25.668 10.8 shall,
515.072 633.064 9.336 10.8 in

113.34 646.864 56.676 10.8 cooperation
173.184 646.864 21.336 10.8 with
197.772 646.864 60.984 10.8 rightholders,
261.924 646.864 20.016 10.8 take
285.06 646.864 44.604 10.8 measures
332.904 646.864 9.336 10.8 to
345.432 646.864 31.356 10.8 ensure
379.968 646.864 14.664 10.8 the
397.884 646.864 55.224 10.8 functioning
456.36 646.864 9.936 10.8 of
469.488 646.864 55 10.8 agreements

113.34 660.664 49.356 10.8 concluded
166.776 660.664 21.336 10.8 with
192.264 660.664 57.96 10.8 rightholders
254.376 660.664 13.992 10.8 for
272.484 660.664 14.664 10.8 the
291.252 660.664 15.996 10.8 use
311.4 660.664 9.996 10.8 of
325.488 660.664 22.02 10.8 their
351.624 660.664 29.328 10.8 works
385.092 660.664 9.996 10.8 or
399.24 660.664 24.624 10.8 other
428.016 660.664 68.836 10.8 subject-matter
501.004 660.664 9.996 10.8 or
515.152 660.664 9.336 10.8 to

113.34 674.464 36.012 10.8 prevent
153.456 674.464 14.664 10.8 the
172.164 674.464 54.036 10.8 availability
230.208 674.464 12 10.8 on
246.336 674.464 21.996 10.8 their
272.484 674.464 38.604 10.8 services
315.24 674.464 9.996 10.8 of
329.328 674.464 29.244 10.8 works
362.724 674.464 9.996 10.8 or
376.812 674.464 24.66 10.8 other
405.54 674.464 68.872 10.8 subject-matter
478.504 674.464 45.936 10.8 identified

113.34 688.264 12 10.8 by
129.048 688.264 57.984 10.8 rightholders
190.752 688.264 37.296 10.8 through
231.78 688.264 14.664 10.8 the
250.176 688.264 56.652 10.8 cooperation
310.524 688.264 21.336 10.8 with
335.592 688.264 14.664 10.8 the
353.94 688.264 34.02 10.8 service
391.656 688.264 48.336 10.8 providers.
443.7 688.264 29.268 10.8 Those
476.688 688.264 47.872 10.8 measures,

113.34 702.084 21.996 10.8 such
138.408 702.084 9.996 10.8 as
151.476 702.084 14.664 10.8 the
169.212 702.084 15.996 10.8 use
188.28 702.084 9.996 10.8 of
201.288 702.084 42.024 10.8 effective
246.372 702.084 35.304 10.8 content
284.748 702.084 54.66 10.8 recognition
342.456 702.084 63.66 10.8 technologies,
409.104 702.084 22.704 10.8 shall
434.88 702.084 11.328 10.8 be
449.268 702.084 54.636 10.8 appropriate
506.964 702.084 17.328 10.8 and

113.34 715.884 67.692 10.8 proportionate.
189.036 715.884 18.66 10.8 The
215.724 715.884 33.984 10.8 service
257.772 715.884 45.276 10.8 providers
311.088 715.884 22.668 10.8 shall
341.796 715.884 36.636 10.8 provide
386.412 715.884 58.044 10.8 rightholders
452.496 715.884 21.276 10.8 with
481.764 715.884 42.672 10.8 adequate

113.34 729.684 56.604 10.8 information
173.196 729.684 12 10.8 on
188.424 729.684 14.664 10.8 the
206.34 729.684 55.236 10.8 functioning
264.828 729.684 17.328 10.8 and
285.336 729.684 14.628 10.8 the
303.204 729.684 56.604 10.8 deployment
363.06 729.684 9.996 10.8 of
376.248 729.684 14.664 10.8 the
394.164 729.684 47.604 10.8 measures,
444.948 729.684 9.996 10.8 as
458.196 729.684 20.604 10.8 well
481.992 729.684 12.996 10.8 as,
498.24 729.684 25.992 10.8 when

28.38 784.188 33.348 22.2 EN

291.62 793.224 12 10.8 30

533.62 784.188 33.348 22.2 EN

113.34 59.544 41.708 10.8 relevant,
161.036 59.544 42.636 10.8 adequate
209.672 59.544 43.992 10.8 reporting
259.676 59.544 12 10.8 on
277.664 59.544 14.664 10.8 the
298.292 59.544 54.708 10.8 recognition
358.916 59.544 17.328 10.8 and
382.244 59.544 15.996 10.8 use
404.252 59.544 9.996 10.8 of
420.26 59.544 14.664 10.8 the
440.936 59.544 29.328 10.8 works
476.264 59.544 17.328 10.8 and
499.592 59.544 24.684 10.8 other

113.34 73.344 71.672 10.8 subject-matter.

70.86 93.144 9 10.8 2.

113.34 93.144 40.584 10.8 Member
157.776 93.144 28.704 10.8 States
190.332 93.144 22.668 10.8 shall
216.84 93.144 31.32 10.8 ensure
251.988 93.144 18 10.8 that
273.816 93.144 14.664 10.8 the
292.272 93.144 34.02 10.8 service
330.108 93.144 45.324 10.8 providers
379.224 93.144 37.908 10.8 referred
420.96 93.144 9.336 10.8 to
434.148 93.144 9.336 10.8 in
447.336 93.144 47.928 10.8 paragraph
499.092 93.144 6 10.8 1
508.92 93.144 15.336 10.8 put

113.34 106.944 9.336 10.8 in
127.548 106.944 25.344 10.8 place
157.704 106.944 52.656 10.8 complaints
215.22 106.944 17.28 10.8 and
237.348 106.944 34.032 10.8 redress
276.252 106.944 59.196 10.8 mechanisms
340.308 106.944 18.024 10.8 that
363.204 106.944 14.676 10.8 are
382.68 106.944 43.356 10.8 available
430.836 106.944 9.336 10.8 to
445.044 106.944 24.66 10.8 users
474.552 106.944 9.336 10.8 in
489.04 106.944 20.652 10.8 case
514.528 106.944 9.996 10.8 of

113.34 120.744 39.384 10.8 disputes
155.724 120.744 21.228 10.8 over
179.952 120.744 14.7 10.8 the
197.652 120.744 53.268 10.8 application
253.92 120.744 9.996 10.8 of
266.88 120.744 14.664 10.8 the
284.508 120.744 44.604 10.8 measures
332.112 120.744 38.028 10.8 referred
373.08 120.744 9.336 10.8 to
385.416 120.744 9.372 10.8 in
397.788 120.744 47.94 10.8 paragraph
448.728 120.744 9 10.8 1.

70.86 140.564 9 10.8 3.

113.34 140.564 40.584 10.8 Member
160.776 140.564 28.704 10.8 States
196.272 140.564 22.668 10.8 shall
225.78 140.564 44.916 10.8 facilitate,
277.464 140.564 29.316 10.8 where
313.572 140.564 57.624 10.8 appropriate,
377.964 140.564 14.664 10.8 the
399.42 140.564 56.628 10.8 cooperation
462.816 140.564 40.008 10.8 between
509.592 140.564 14.628 10.8 the

113.34 154.364 56.604 10.8 information
173.376 154.364 33.984 10.8 society
210.792 154.364 33.948 10.8 service
248.16 154.364 45.324 10.8 providers
296.868 154.364 17.328 10.8 and
317.616 154.364 57.972 10.8 rightholders
378.96 154.364 37.308 10.8 through
419.676 154.364 55.308 10.8 stakeholder
478.392 154.364 45.996 10.8 dialogues

113.34 168.164 9.336 10.8 to
127.488 168.164 30.02 10.8 define
162.308 168.164 19.332 10.8 best
186.464 168.164 45.672 10.8 practices,
236.84 168.164 21.996 10.8 such
263.648 168.164 9.996 10.8 as
278.456 168.164 54.66 10.8 appropriate
337.928 168.164 17.28 10.8 and
359.996 168.164 64.692 10.8 proportionate
429.488 168.164 35.304 10.8 content
469.544 168.164 54.744 10.8 recognition

113.34 181.964 63.624 10.8 technologies,
183.132 181.964 30.024 10.8 taking
219.288 181.964 18.672 10.8 into
244.116 181.964 40.344 10.8 account,
290.592 181.964 32.58 10.8 among
329.34 181.964 32.436 10.8 others,
367.944 181.964 14.664 10.8 the
388.8 181.964 29.892 10.8 nature
424.884 181.964 9.996 10.8 of
441.012 181.964 14.664 10.8 the
461.868 181.964 41.628 10.8 services,
509.664 181.964 14.628 10.8 the

113.34 195.764 54.036 10.8 availability
173.664 195.764 9.996 10.8 of
190.032 195.764 14.664 10.8 the
211.128 195.764 60.624 10.8 technologies
278.124 195.764 17.28 10.8 and
301.812 195.764 21.996 10.8 their
330.18 195.764 62.58 10.8 effectiveness
399.132 195.764 9.336 10.8 in
414.84 195.764 21.984 10.8 light
443.256 195.764 9.996 10.8 of
459.624 195.764 64.596 10.8 technological

113.34 209.564 69.624 10.8 developments.

258.26 230.052 68.3906 12.582 CHAPTER
330.146 230.052 6.99 12.582 3

124.1 246.132 25.6253 12.582 Fair
153.22 246.132 82.4261 12.582 remuneration
239.141 246.132 11.6593 12.582 in
254.338 246.132 55.1231 12.582 contracts
312.984 246.132 11.6453 12.582 of
328.124 246.132 45.8544 12.582 authors
377.474 246.132 22.5358 12.582 and
403.56 246.132 67.5653 12.582 performers

273.86 279.584 32.652 10.8 Article
309.536 279.584 12 10.8 14

238.22 293.384 66.636 10.8 Transparency
307.856 293.384 49.368 10.8 obligation

70.86 313.124 9 10.8 1.

113.34 313.124 40.584 10.8 Member
158.496 313.124 28.704 10.8 States
191.772 313.124 22.668 10.8 shall
218.94 313.124 31.32 10.8 ensure
254.808 313.124 18 10.8 that
277.356 313.124 35.244 10.8 authors
317.184 313.124 17.328 10.8 and
339.072 313.124 52.536 10.8 performers
396.168 313.124 34.704 10.8 receive
435.432 313.124 12 10.8 on
451.98 313.124 5.328 10.8 a
461.808 313.124 33.984 10.8 regular
500.364 313.124 23.952 10.8 basis

113.34 326.924 17.328 10.8 and
137.808 326.924 30.024 10.8 taking
174.924 326.924 18.708 10.8 into
200.76 326.924 37.284 10.8 account
245.196 326.924 14.664 10.8 the
267.012 326.924 57.276 10.8 specificities
331.428 326.924 9.996 10.8 of
348.516 326.924 22.008 10.8 each
377.652 326.924 31.656 10.8 sector,
416.4 326.924 33.636 10.8 timely,
457.164 326.924 42.952 10.8 adequate
507.256 326.924 17.328 10.8 and

113.34 340.724 45.312 10.8 sufficient
164.424 340.724 56.592 10.8 information
226.848 340.724 11.94 10.8 on
244.596 340.724 14.664 10.8 the
265.044 340.724 57.324 10.8 exploitation
328.176 340.724 9.996 10.8 of
343.884 340.724 21.984 10.8 their
371.64 340.724 29.328 10.8 works
406.728 340.724 17.328 10.8 and
429.876 340.724 65.184 10.8 performances
500.88 340.724 23.364 10.8 from

113.34 354.524 25.332 10.8 those
144.396 354.524 9.336 10.8 to
159.384 354.524 30.024 10.8 whom
195 354.524 20.688 10.8 they
221.376 354.524 22.608 10.8 have
249.684 354.524 39.348 10.8 licensed
294.66 354.524 9.996 10.8 or
310.368 354.524 51.948 10.8 transferred
368.004 354.524 21.984 10.8 their
395.64 354.524 30.336 10.8 rights,
431.688 354.524 35.964 10.8 notably
473.304 354.524 9.996 10.8 as
489.012 354.524 35.244 10.8 regards

113.34 368.324 31.332 10.8 modes
147.672 368.324 9.996 10.8 of
160.62 368.324 60.432 10.8 exploitation,
224.052 368.324 42.588 10.8 revenues
269.64 368.324 46.68 10.8 generated
319.26 368.324 17.328 10.8 and
339.588 368.324 63.984 10.8 remuneration
406.536 368.324 20.328 10.8 due.

70.86 388.124 9 10.8 2.

113.34 388.124 18.66 10.8 The
135.048 388.124 48.648 10.8 obligation
186.744 388.124 9.336 10.8 in
199.152 388.124 48.068 10.8 paragraph
250.256 388.124 6 10.8 1
259.304 388.124 22.704 10.8 shall
285.08 388.124 11.268 10.8 be
299.408 388.124 64.644 10.8 proportionate
367.112 388.124 17.328 10.8 and
387.5 388.124 41.952 10.8 effective
432.524 388.124 17.328 10.8 and
452.912 388.124 22.644 10.8 shall
478.628 388.124 31.32 10.8 ensure
512.996 388.124 11.328 10.8 an

113.34 401.924 54.672 10.8 appropriate
171.564 401.924 23.352 10.8 level
198.528 401.924 9.996 10.8 of
212.076 401.924 61.332 10.8 transparency
276.96 401.924 9.336 10.8 in
289.908 401.924 26.688 10.8 every
320.184 401.924 31.62 10.8 sector.
355.392 401.924 46.968 10.8 However,
405.948 401.924 9.336 10.8 in
418.896 401.924 25.332 10.8 those
447.852 401.924 25.296 10.8 cases
476.748 401.924 29.316 10.8 where
509.676 401.924 14.628 10.8 the

113.34 415.744 68.604 10.8 administrative
187.644 415.744 33.348 10.8 burden
226.62 415.744 42 10.8 resulting
274.308 415.744 23.256 10.8 from
303.156 415.744 14.664 10.8 the
323.532 415.744 48.732 10.8 obligation
377.976 415.744 30 10.8 would
413.604 415.744 11.328 10.8 be
430.632 415.744 78.624 10.8 disproportionate
514.896 415.744 9.336 10.8 in

113.34 429.544 23.352 10.8 view
142.236 429.544 9.996 10.8 of
157.764 429.544 14.664 10.8 the
178.02 429.544 42.672 10.8 revenues
226.296 429.544 46.7 10.8 generated
278.564 429.544 12 10.8 by
296.072 429.544 14.664 10.8 the
316.328 429.544 57.336 10.8 exploitation
379.232 429.544 9.996 10.8 of
394.76 429.544 14.664 10.8 the
414.968 429.544 24.66 10.8 work
445.196 429.544 9.996 10.8 or
460.784 429.544 63.576 10.8 performance,

113.34 443.344 40.584 10.8 Member
157.176 443.344 28.704 10.8 States
189.132 443.344 20.568 10.8 may
212.94 443.344 28.692 10.8 adjust
244.896 443.344 14.664 10.8 the
262.812 443.344 48.636 10.8 obligation
314.676 443.344 9.336 10.8 in
327.264 443.344 47.916 10.8 paragraph
378.408 443.344 9 10.8 1,
390.636 443.344 42.66 10.8 provided
436.524 443.344 18 10.8 that
457.752 443.344 14.664 10.8 the
475.62 443.344 48.696 10.8 obligation

113.34 457.144 37.944 10.8 remains
154.284 457.144 42.012 10.8 effective
199.26 457.144 17.328 10.8 and
219.588 457.144 35.988 10.8 ensures
258.576 457.144 11.352 10.8 an
272.928 457.144 54.636 10.8 appropriate
330.516 457.144 23.304 10.8 level
356.82 457.144 9.996 10.8 of
369.816 457.144 64.272 10.8 transparency.

70.86 476.944 9 10.8 3.

113.34 476.944 40.584 10.8 Member
158.196 476.944 28.704 10.8 States
191.172 476.944 20.568 10.8 may
216 476.944 31.356 10.8 decide
251.616 476.944 17.964 10.8 that
273.792 476.944 14.664 10.8 the
292.668 476.944 48.872 10.8 obligation
345.728 476.944 9.336 10.8 in
359.276 476.944 48 10.8 paragraph
411.452 476.944 6 10.8 1
421.7 476.944 21.996 10.8 does
447.968 476.944 15.336 10.8 not
467.456 476.944 26.688 10.8 apply
498.392 476.944 25.992 10.8 when

113.34 490.744 14.664 10.8 the
132.876 490.744 58.668 10.8 contribution
196.392 490.744 9.996 10.8 of
211.2 490.744 14.664 10.8 the
230.676 490.744 30.684 10.8 author
266.232 490.744 9.996 10.8 or
281.1 490.744 47.832 10.8 performer
333.804 490.744 8.004 10.8 is
346.692 490.744 15.336 10.8 not
366.9 490.744 50.652 10.8 significant
422.424 490.744 32.664 10.8 having
459.912 490.744 30.648 10.8 regard
495.42 490.744 9.336 10.8 to
509.568 490.744 14.664 10.8 the

113.34 504.544 33.348 10.8 overall
149.688 504.544 24.66 10.8 work
177.288 504.544 9.996 10.8 or
190.284 504.544 63.6 10.8 performance.

70.86 524.344 9 10.8 4.

113.34 524.344 48.696 10.8 Paragraph
165.444 524.344 6 10.8 1
174.792 524.344 22.704 10.8 shall
200.928 524.344 15.336 10.8 not
219.696 524.344 11.328 10.8 be
234.384 524.344 49.32 10.8 applicable
287.136 524.344 9.336 10.8 to
299.844 524.344 34.692 10.8 entities
337.98 524.344 33.972 10.8 subject
375.384 524.344 9.336 10.8 to
388.092 524.344 14.664 10.8 the
406.188 524.344 61.308 10.8 transparency
470.856 524.344 53.364 10.8 obligations

113.34 538.144 53.352 10.8 established
169.656 538.144 12 10.8 by
184.7 538.144 44.676 10.8 Directive
232.328 538.144 61.632 10.8 2014/26/EU.

273.86 558.004 32.652 10.8 Article
309.56 558.004 12 10.8 15

220.04 571.804 42.672 10.8 Contract
265.76 571.804 52.632 10.8 adjustment
321.44 571.804 53.952 10.8 mechanism

70.86 591.544 40.584 10.8 Member
116.58 591.544 28.704 10.8 States
150.44 591.544 22.668 10.8 shall
178.22 591.544 31.296 10.8 ensure
214.64 591.544 18 10.8 that
237.74 591.544 35.352 10.8 authors
278.24 591.544 17.328 10.8 and
300.68 591.544 52.524 10.8 performers
358.34 591.544 14.676 10.8 are
378.16 591.544 36.024 10.8 entitled
419.32 591.544 9.36 10.8 to
433.72 591.544 34.68 10.8 request
473.56 591.544 50.976 10.8 additional,

70.86 605.344 54.672 10.8 appropriate
131.18 605.344 63.924 10.8 remuneration
200.84 605.344 23.328 10.8 from
229.76 605.344 14.664 10.8 the
250.16 605.344 24.684 10.8 party
280.58 605.344 21.276 10.8 with
307.52 605.344 30.024 10.8 whom
343.16 605.344 20.688 10.8 they
369.58 605.344 35.316 10.8 entered
410.56 605.344 18.672 10.8 into
434.92 605.344 5.328 10.8 a
445.96 605.344 38.592 10.8 contract
490.24 605.344 13.992 10.8 for
509.92 605.344 14.664 10.8 the

70.86 619.144 57.348 10.8 exploitation
132.44 619.144 9.996 10.8 of
146.66 619.144 14.664 10.8 the
165.62 619.144 27.372 10.8 rights
197.3 619.144 25.992 10.8 when
227.54 619.144 14.664 10.8 the
246.5 619.144 63.924 10.8 remuneration
314.72 619.144 46.704 10.8 originally
365.66 619.144 32.004 10.8 agreed
401.98 619.144 8.028 10.8 is
414.28 619.144 87.984 10.8 disproportionately
506.56 619.144 18 10.8 low

70.86 632.944 47.256 10.8 compared
122.4 632.944 9.36 10.8 to
136.04 632.944 14.664 10.8 the
155 632.944 53.292 10.8 subsequent
212.6 632.944 38.616 10.8 relevant
255.5 632.944 42.624 10.8 revenues
302.42 632.944 17.28 10.8 and
323.96 632.944 38.016 10.8 benefits
366.2 632.944 36.036 10.8 derived
406.54 632.944 23.256 10.8 from
434.02 632.944 14.664 10.8 the
452.98 632.944 57.324 10.8 exploitation
514.6 632.944 9.996 10.8 of

70.86 646.744 14.664 10.8 the
88.56 646.744 29.328 10.8 works
120.9 646.744 9.996 10.8 or
133.88 646.744 68.292 10.8 performances.

273.86 666.604 32.652 10.8 Article
309.56 666.604 12 10.8 16

224.66 680.404 37.356 10.8 Dispute
265.04 680.404 48.708 10.8 resolution
316.76 680.404 53.928 10.8 mechanism

70.86 700.164 40.584 10.8 Member
117.72 700.164 28.704 10.8 States
152.72 700.164 22.668 10.8 shall
181.64 700.164 36.636 10.8 provide
224.54 700.164 17.964 10.8 that
248.72 700.164 39.384 10.8 disputes
294.32 700.164 53.304 10.8 concerning
353.84 700.164 14.628 10.8 the
374.74 700.164 61.296 10.8 transparency
442.3 700.164 48.66 10.8 obligation
497.2 700.164 27.324 10.8 under

70.86 713.964 33.312 10.8 Article
108.78 713.964 12 10.8 14
125.36 713.964 17.28 10.8 and
147.2 713.964 14.664 10.8 the
166.46 713.964 38.604 10.8 contract
209.66 713.964 52.572 10.8 adjustment
266.84 713.964 54.588 10.8 mechanism
325.94 713.964 27.324 10.8 under
357.86 713.964 33.372 10.8 Article
395.86 713.964 12 10.8 15
412.42 713.964 20.568 10.8 may
437.56 713.964 11.328 10.8 be
453.46 713.964 47.316 10.8 submitted
505.36 713.964 9.36 10.8 to
519.22 713.964 5.328 10.8 a

70.86 727.764 48.984 10.8 voluntary,
122.88 727.764 50.664 10.8 alternative
176.6 727.764 34.608 10.8 dispute
214.22 727.764 47.928 10.8 resolution
265.16 727.764 51 10.8 procedure.

28.38 784.188 33.348 22.2 EN

291.62 793.224 12 10.8 31

533.62 784.188 33.348 22.2 EN

269.48 60.2317 42.7369 12.582 TITLE
315.74 60.2317 10.0936 12.582 V

230.6 76.3117 43.4918 12.582 FINAL
277.629 76.3117 87.0814 12.582 PROVISIONS

273.86 109.824 32.652 10.8 Article
309.536 109.824 12 10.8 17

221.9 123.624 61.296 10.8 Amendments
286.196 123.624 9.384 10.8 to
298.58 123.624 25.356 10.8 other
326.936 123.624 46.608 10.8 directives

70.86 143.384 9 10.8 1.

113.34 143.384 44.676 10.8 Directive
161.016 143.384 39.996 10.8 96/9/EC
203.976 143.384 8.004 10.8 is
214.98 143.384 43.26 10.8 amended
261.24 143.384 10.02 10.8 as
274.26 143.384 39.276 10.8 follows:

113.34 163.184 13.344 10.8 (a)
141.74 163.184 9.996 10.8 In
154.736 163.184 33.36 10.8 Article
191.096 163.184 22.944 10.8 6(2),
217.04 163.184 24.672 10.8 point
244.676 163.184 13.992 10.8 (b)
261.644 163.184 8.004 10.8 is
272.648 163.184 40.668 10.8 replaced
316.316 163.184 12 10.8 by
331.316 163.184 14.664 10.8 the
348.98 163.184 49.956 10.8 following:

141.74 182.984 18.924 10.8 "(b)
166.376 182.984 29.268 10.8 where
201.284 182.984 24.012 10.8 there
230.948 182.984 8.004 10.8 is
244.676 182.984 15.948 10.8 use
266.264 182.984 13.992 10.8 for
285.932 182.984 14.664 10.8 the
306.308 182.984 19.332 10.8 sole
331.316 182.984 38.016 10.8 purpose
375.032 182.984 9.936 10.8 of
390.62 182.984 52.044 10.8 illustration
448.316 182.984 13.992 10.8 for
467.984 182.984 40.608 10.8 teaching
514.28 182.984 9.996 10.8 or

141.74 196.784 44.016 10.8 scientific
189.284 196.784 42.996 10.8 research,
235.82 196.784 9.996 10.8 as
249.368 196.784 21.3 10.8 long
274.256 196.784 9.996 10.8 as
287.864 196.784 14.628 10.8 the
306.092 196.784 31.296 10.8 source
340.928 196.784 8.004 10.8 is
352.556 196.784 43.956 10.8 indicated
400.124 196.784 17.328 10.8 and
421.18 196.784 9.336 10.8 to
434.068 196.784 14.628 10.8 the
452.296 196.784 29.304 10.8 extent
485.152 196.784 39.348 10.8 justified

141.74 210.584 12 10.8 by
160.508 210.584 14.664 10.8 the
181.964 210.584 78.636 10.8 non-commercial
267.392 210.584 38.016 10.8 purpose
312.188 210.584 9.336 10.8 to
328.256 210.584 11.328 10.8 be
346.364 210.584 45.636 10.8 achieved,
398.78 210.584 36.672 10.8 without
442.208 210.584 44.676 10.8 prejudice
493.604 210.584 9.336 10.8 to
509.732 210.584 14.664 10.8 the

141.74 224.324 51.312 10.8 exceptions
196.052 224.324 17.328 10.8 and
216.38 224.324 14.664 10.8 the
234.044 224.324 46.656 10.8 limitation
283.7 224.324 42.636 10.8 provided
329.336 224.324 13.932 10.8 for
346.268 224.324 9.372 10.8 in
358.64 224.324 44.676 10.8 Directive
406.316 224.324 21.276 10.8 [this
430.592 224.324 56.856 10.8 Directive];"

113.34 244.124 13.992 10.8 (b)
141.74 244.124 9.996 10.8 In
154.736 244.124 33.36 10.8 Article
191.096 244.124 9 10.8 9,
203.048 244.124 24.672 10.8 point
230.756 244.124 13.956 10.8 (b)
247.712 244.124 8.04 10.8 is
258.704 244.124 40.668 10.8 replaced
302.372 244.124 12 10.8 by
317.312 244.124 14.628 10.8 the
334.94 244.124 50.004 10.8 following:

141.74 263.924 18.924 10.8 "(b)
165.536 263.924 9.336 10.8 in
179.684 263.924 14.664 10.8 the
199.16 263.924 20.676 10.8 case
224.696 263.924 9.996 10.8 of
239.504 263.924 48.036 10.8 extraction
292.52 263.924 13.992 10.8 for
311.348 263.924 14.628 10.8 the
330.836 263.924 42.684 10.8 purposes
378.332 263.924 9.996 10.8 of
393.14 263.924 52.056 10.8 illustration
450.044 263.924 13.992 10.8 for
468.872 263.924 40.644 10.8 teaching
514.388 263.924 9.996 10.8 or

141.74 277.724 44.016 10.8 scientific
189.284 277.724 42.996 10.8 research,
235.82 277.724 9.996 10.8 as
249.368 277.724 21.3 10.8 long
274.256 277.724 9.996 10.8 as
287.864 277.724 14.628 10.8 the
306.092 277.724 31.296 10.8 source
340.928 277.724 8.004 10.8 is
352.556 277.724 43.956 10.8 indicated
400.124 277.724 17.328 10.8 and
420.992 277.724 9.336 10.8 to
433.88 277.724 14.628 10.8 the
452.108 277.724 29.304 10.8 extent
484.964 277.724 39.348 10.8 justified

141.74 291.524 12 10.8 by
160.508 291.524 14.664 10.8 the
181.964 291.524 78.636 10.8 non-commercial
267.392 291.524 38.016 10.8 purpose
312.188 291.524 9.336 10.8 to
328.256 291.524 11.328 10.8 be
346.364 291.524 45.636 10.8 achieved,
398.78 291.524 36.672 10.8 without
442.208 291.524 44.676 10.8 prejudice
493.604 291.524 9.336 10.8 to
509.732 291.524 14.664 10.8 the

141.74 305.324 51.312 10.8 exceptions
196.052 305.324 17.328 10.8 and
216.38 305.324 14.664 10.8 the
234.044 305.324 46.656 10.8 limitation
283.7 305.324 42.636 10.8 provided
329.336 305.324 13.932 10.8 for
346.268 305.324 9.372 10.8 in
358.64 305.324 44.744 10.8 Directive
406.408 305.324 21.264 10.8 [this
430.672 305.324 56.856 10.8 Directive];"

70.86 325.124 9 10.8 2.

113.34 325.124 44.676 10.8 Directive
161.016 325.124 57.996 10.8 2001/29/EC
221.976 325.124 8.004 10.8 is
232.98 325.124 43.212 10.8 amended
279.192 325.124 10.02 10.8 as
292.212 325.124 39.336 10.8 follows:

113.34 344.924 13.344 10.8 (a)
141.74 344.924 9.996 10.8 In
154.736 344.924 33.36 10.8 Article
191.096 344.924 22.944 10.8 5(2),
217.04 344.924 24.672 10.8 point
244.676 344.924 13.344 10.8 (c)
261.02 344.924 8.004 10.8 is
272.024 344.924 40.632 10.8 replaced
315.656 344.924 12 10.8 by
330.656 344.924 14.664 10.8 the
348.32 344.924 49.956 10.8 following:

141.74 364.724 18.252 10.8 "(c)
165.224 364.724 9.336 10.8 in
179.852 364.724 33.912 10.8 respect
219.068 364.724 9.996 10.8 of
234.296 364.724 37.272 10.8 specific
276.86 364.724 18.696 10.8 acts
300.836 364.724 9.996 10.8 of
316.064 364.724 61.32 10.8 reproduction
382.652 364.724 25.896 10.8 made
413.84 364.724 12 10.8 by
431.108 364.724 39.324 10.8 publicly
475.724 364.724 48.612 10.8 accessible

141.74 378.524 42.348 10.8 libraries,
187.244 378.524 55.272 10.8 educational
245.708 378.524 70.584 10.8 establishments
319.472 378.524 9.996 10.8 or
332.66 378.524 48.276 10.8 museums,
384.104 378.524 9.996 10.8 or
397.48 378.524 12 10.8 by
412.648 378.524 43.008 10.8 archives,
458.824 378.524 29.328 10.8 which
491.332 378.524 14.604 10.8 are
509.128 378.524 15.336 10.8 not

141.74 392.324 13.992 10.8 for
159.608 392.324 27.36 10.8 direct
190.892 392.324 9.996 10.8 or
204.74 392.324 36.672 10.8 indirect
245.324 392.324 46.572 10.8 economic
295.808 392.324 9.996 10.8 or
309.716 392.324 56.64 10.8 commercial
370.268 392.324 51.636 10.8 advantage,
425.804 392.324 36.636 10.8 without
466.352 392.324 44.676 10.8 prejudice
514.928 392.324 9.336 10.8 to

141.74 406.124 14.664 10.8 the
159.428 406.124 51.264 10.8 exceptions
213.692 406.124 17.328 10.8 and
234.02 406.124 14.7 10.8 the
251.672 406.124 46.632 10.8 limitation
301.304 406.124 42.66 10.8 provided
346.964 406.124 13.992 10.8 for
363.956 406.124 9.336 10.8 in
376.244 406.124 44.676 10.8 Directive
423.92 406.124 21.276 10.8 [this
448.196 406.124 56.856 10.8 Directive];"

113.34 425.944 13.992 10.8 (b)
141.74 425.944 9.996 10.8 In
154.736 425.944 33.36 10.8 Article
191.096 425.944 22.944 10.8 5(3),
217.04 425.944 24.672 10.8 point
244.676 425.944 13.344 10.8 (a)
261.02 425.944 8.004 10.8 is
272.024 425.944 40.632 10.8 replaced
315.656 425.944 12 10.8 by
330.656 425.944 14.664 10.8 the
348.32 425.944 49.956 10.8 following:

141.74 445.744 18.252 10.8 "(a)
163.016 445.744 15.936 10.8 use
181.952 445.744 13.992 10.8 for
198.944 445.744 14.664 10.8 the
216.608 445.744 19.368 10.8 sole
238.976 445.744 37.956 10.8 purpose
279.932 445.744 9.996 10.8 of
292.928 445.744 52.02 10.8 illustration
347.948 445.744 13.992 10.8 for
364.94 445.744 40.608 10.8 teaching
408.548 445.744 9.996 10.8 or
421.544 445.744 43.968 10.8 scientific
468.512 445.744 42.912 10.8 research,
514.424 445.744 9.996 10.8 as

141.74 459.544 21.336 10.8 long
167.228 459.544 9.996 10.8 as
181.376 459.544 14.664 10.8 the
200.132 459.544 34.344 10.8 source,
238.628 459.544 45.3 10.8 including
288.056 459.544 14.664 10.8 the
306.872 459.544 37.416 10.8 author's
348.428 459.544 28.992 10.8 name,
381.536 459.544 8.004 10.8 is
393.704 459.544 46.932 10.8 indicated,
444.74 459.544 30.024 10.8 unless
478.856 459.544 17.304 10.8 this
500.324 459.544 23.976 10.8 turns

141.74 473.344 15.336 10.8 out
160.568 473.344 9.336 10.8 to
173.396 473.344 11.268 10.8 be
188.144 473.344 51.972 10.8 impossible
243.56 473.344 17.328 10.8 and
264.308 473.344 9.336 10.8 to
277.136 473.344 14.628 10.8 the
295.244 473.344 29.244 10.8 extent
327.98 473.344 39.336 10.8 justified
370.748 473.344 11.94 10.8 by
386.156 473.344 14.664 10.8 the
404.312 473.344 78.728 10.8 non-commercial
486.532 473.344 37.956 10.8 purpose

141.74 487.144 9.336 10.8 to
154.568 487.144 11.328 10.8 be
169.376 487.144 45.636 10.8 achieved,
218.492 487.144 36.672 10.8 without
258.74 487.144 44.664 10.8 prejudice
306.884 487.144 9.336 10.8 to
319.652 487.144 14.664 10.8 the
337.808 487.144 51.276 10.8 exceptions
392.564 487.144 17.328 10.8 and
413.372 487.144 14.664 10.8 the
431.528 487.144 46.632 10.8 limitation
481.652 487.144 42.696 10.8 provided

141.74 500.944 13.992 10.8 for
158.732 500.944 9.336 10.8 in
171.068 500.944 44.604 10.8 Directive
218.696 500.944 21.336 10.8 [this
243.032 500.944 56.796 10.8 Directive];"

113.34 520.744 13.344 10.8 (c)
141.74 520.744 9.996 10.8 In
154.736 520.744 33.36 10.8 Article
191.096 520.744 28.98 10.8 12(4),
223.076 520.744 14.664 10.8 the
240.764 520.744 46.56 10.8 following
290.324 520.744 29.376 10.8 points
322.652 520.744 14.676 10.8 are
340.328 520.744 31.956 10.8 added:

141.74 540.544 18.252 10.8 "(e)
163.604 540.544 9.336 10.8 to
176.612 540.544 40.656 10.8 examine
220.94 540.544 14.664 10.8 the
239.276 540.544 32.592 10.8 impact
275.552 540.544 9.996 10.8 of
289.16 540.544 14.664 10.8 the
307.496 540.544 62.028 10.8 transposition
373.16 540.544 9.936 10.8 of
386.708 540.544 44.7 10.8 Directive
435.08 540.544 21.276 10.8 [this
460.016 540.544 48.564 10.8 Directive]
512.204 540.544 12 10.8 on

141.74 554.344 14.664 10.8 the
163.316 554.344 55.332 10.8 functioning
225.524 554.344 9.996 10.8 of
242.372 554.344 14.664 10.8 the
263.9 554.344 36.672 10.8 internal
307.424 554.344 33.408 10.8 market
347.696 554.344 17.328 10.8 and
371.924 554.344 9.336 10.8 to
388.112 554.344 43.344 10.8 highlight
438.32 554.344 17.328 10.8 any
462.548 554.344 61.968 10.8 transposition

141.74 568.144 55.344 10.8 difficulties;

141.74 587.944 11.988 10.8 (f)
158.408 587.944 9.336 10.8 to
172.436 587.944 41.964 10.8 facilitate
219.08 587.944 14.664 10.8 the
238.436 587.944 45.216 10.8 exchange
288.344 587.944 9.996 10.8 of
302.972 587.944 56.652 10.8 information
364.316 587.944 12 10.8 on
380.984 587.944 14.664 10.8 the
400.34 587.944 38.652 10.8 relevant
443.648 587.944 66.66 10.8 developments
515.012 587.944 9.336 10.8 in

141.74 601.744 50.028 10.8 legislation
195.296 601.744 17.28 10.8 and
216.104 601.744 20.676 10.8 case
240.32 601.744 17.352 10.8 law
261.176 601.744 9.996 10.8 as
274.724 601.744 20.664 10.8 well
298.94 601.744 9.996 10.8 as
312.488 601.744 11.94 10.8 on
327.956 601.744 14.664 10.8 the
346.172 601.744 41.292 10.8 practical
391.016 601.744 53.268 10.8 application
447.812 601.744 9.996 10.8 of
461.3 601.744 14.664 10.8 the
479.576 601.744 44.652 10.8 measures

141.74 615.544 26.016 10.8 taken
170.756 615.544 12 10.8 by
185.756 615.544 40.596 10.8 Member
229.376 615.544 28.704 10.8 States
261.08 615.544 9.336 10.8 to
273.416 615.544 51.24 10.8 implement
327.68 615.544 44.724 10.8 Directive
375.428 615.544 21.264 10.8 [this
399.692 615.544 51.96 10.8 Directive];

141.74 635.344 13.992 10.8 (g)
158.876 635.344 9.336 10.8 to
171.344 635.344 34.632 10.8 discuss
209.072 635.344 17.328 10.8 any
229.52 635.344 24.684 10.8 other
257.276 635.344 45.372 10.8 questions
305.732 635.344 32.688 10.8 arising
341.528 635.344 23.328 10.8 from
367.856 635.344 14.736 10.8 the
385.712 635.344 53.268 10.8 application
442.088 635.344 9.996 10.8 of
455.156 635.344 44.664 10.8 Directive
502.94 635.344 21.336 10.8 [this

141.74 649.144 56.568 10.8 Directive]."

273.86 669.004 32.652 10.8 Article
309.536 669.004 12 10.8 18

251.72 682.804 56.028 10.8 Application
310.688 682.804 9.336 10.8 in
323.024 682.804 20.7 10.8 time

70.86 702.564 9 10.8 1.

113.34 702.564 21.336 10.8 This
138.288 702.564 44.652 10.8 Directive
186.516 702.564 22.668 10.8 shall
212.784 702.564 26.616 10.8 apply
243.012 702.564 9.336 10.8 in
255.9 702.564 34.008 10.8 respect
293.436 702.564 9.996 10.8 of
306.984 702.564 12.024 10.8 all
322.62 702.564 29.268 10.8 works
355.488 702.564 17.328 10.8 and
376.416 702.564 24.624 10.8 other
404.592 702.564 68.86 10.8 subject-matter
477.064 702.564 29.328 10.8 which
509.932 702.564 14.652 10.8 are

113.34 716.364 44.688 10.8 protected
161.856 716.364 12 10.8 by
177.624 716.364 14.664 10.8 the
196.22 716.364 40.584 10.8 Member
240.656 716.364 30.816 10.8 States'
275.252 716.364 50.028 10.8 legislation
329.096 716.364 9.336 10.8 in
342.224 716.364 14.628 10.8 the
360.692 716.364 21.996 10.8 field
386.54 716.364 9.996 10.8 of
400.328 716.364 46.02 10.8 copyright
450.212 716.364 12 10.8 on
466.04 716.364 9.936 10.8 or
479.828 716.364 21.984 10.8 after
505.664 716.364 18.66 10.8 [the

113.34 730.164 20.016 10.8 date
136.356 730.164 50.628 10.8 mentioned
189.984 730.164 9.336 10.8 in
202.32 730.164 33.324 10.8 Article
238.644 730.164 33.024 10.8 21(1)].

28.38 784.188 33.348 22.2 EN

291.62 793.224 12 10.8 32

533.62 784.188 33.348 22.2 EN

70.86 59.544 9 10.8 2.

113.34 59.544 18.66 10.8 The
136.008 59.544 50.04 10.8 provisions
190.044 59.544 9.996 10.8 of
204.072 59.544 33.312 10.8 Article
241.416 59.544 12 10.8 11
257.424 59.544 22.704 10.8 shall
284.16 59.544 19.284 10.8 also
307.488 59.544 26.688 10.8 apply
338.184 59.544 9.336 10.8 to
351.492 59.544 24.684 10.8 press
380.208 59.544 58.656 10.8 publications
442.884 59.544 46.668 10.8 published
493.56 59.544 30.696 10.8 before

113.34 73.344 18.66 10.8 [the
135 73.344 20.016 10.8 date
158.016 73.344 50.628 10.8 mentioned
211.584 73.344 9.336 10.8 in
223.92 73.344 33.36 10.8 Article
260.28 73.344 32.976 10.8 21(1)].

70.86 93.144 9 10.8 3.

113.34 93.144 21.336 10.8 This
141.528 93.144 44.628 10.8 Directive
192.984 93.144 22.668 10.8 shall
222.492 93.144 26.684 10.8 apply
256.028 93.144 36.672 10.8 without
299.516 93.144 44.676 10.8 prejudice
350.972 93.144 9.336 10.8 to
367.16 93.144 17.328 10.8 any
391.328 93.144 18.588 10.8 acts
416.756 93.144 49.356 10.8 concluded
472.892 93.144 17.328 10.8 and
497.06 93.144 27.312 10.8 rights

113.34 106.944 41.352 10.8 acquired
157.692 106.944 30.6 10.8 before
191.316 106.944 18.624 10.8 [the
212.964 106.944 19.992 10.8 date
235.932 106.944 50.616 10.8 mentioned
289.548 106.944 9.3 10.8 in
301.848 106.944 33.312 10.8 Article
338.184 106.944 32.952 10.8 21(1)].

273.86 126.804 32.652 10.8 Article
309.536 126.804 12 10.8 19

243.86 140.624 59.352 10.8 Transitional
306.176 140.624 45.372 10.8 provision

70.86 160.364 57.936 10.8 Agreements
132.576 160.364 13.992 10.8 for
150.324 160.364 14.664 10.8 the
168.72 160.364 33.924 10.8 licence
206.436 160.364 9.996 10.8 or
220.164 160.364 36.588 10.8 transfer
260.52 160.364 9.996 10.8 of
274.248 160.364 27.372 10.8 rights
305.364 160.364 9.996 10.8 of
319.092 160.364 35.352 10.8 authors
358.176 160.364 17.328 10.8 and
379.284 160.364 52.644 10.8 performers
435.708 160.364 22.668 10.8 shall
462.096 160.364 11.328 10.8 be
477.144 160.364 34.02 10.8 subject
514.92 160.364 9.336 10.8 to

70.86 174.164 14.664 10.8 the
88.836 174.164 61.26 10.8 transparency
153.44 174.164 48.66 10.8 obligation
205.376 174.164 9.336 10.8 in
217.964 174.164 33.288 10.8 Article
254.552 174.164 12 10.8 14
269.84 174.164 9.996 10.8 as
283.088 174.164 23.328 10.8 from
309.656 174.164 21.324 10.8 [one
334.244 174.164 20.652 10.8 year
358.172 174.164 21.984 10.8 after
383.408 174.164 14.664 10.8 the
401.336 174.164 20.016 10.8 date
424.532 174.164 50.616 10.8 mentioned
478.436 174.164 9.336 10.8 in
491.024 174.164 33.312 10.8 Article

70.86 187.964 33.024 10.8 21(1)].

273.86 207.824 32.652 10.8 Article
309.536 207.824 12 10.8 20

231.5 221.624 50.7 10.8 Protection
285.2 221.624 9.264 10.8 of
297.464 221.624 42.024 10.8 personal
342.524 221.624 21.276 10.8 data

70.86 241.364 18.66 10.8 The
93.828 241.364 51.348 10.8 processing
149.484 241.364 9.996 10.8 of
163.752 241.364 40.632 10.8 personal
208.716 241.364 19.992 10.8 data
233.004 241.364 33.336 10.8 carried
270.66 241.364 15.276 10.8 out
290.268 241.364 30.636 10.8 within
325.236 241.364 14.664 10.8 the
344.232 241.364 52.548 10.8 framework
401.1 241.364 9.996 10.8 of
415.368 241.364 17.34 10.8 this
437.016 241.364 44.664 10.8 Directive
485.94 241.364 22.704 10.8 shall
512.976 241.364 11.268 10.8 be

70.86 255.164 33.348 10.8 carried
107.208 255.164 15.336 10.8 out
125.508 255.164 9.336 10.8 in
137.808 255.164 55.272 10.8 compliance
196.104 255.164 21.336 10.8 with
220.44 255.164 49.376 10.8 Directives
272.816 255.164 45.96 10.8 95/46/EC
321.728 255.164 17.328 10.8 and
342.056 255.164 61.02 10.8 2002/58/EC.

273.86 275.024 32.652 10.8 Article
309.536 275.024 12 10.8 21

264.38 288.824 66.648 10.8 Transposition

70.86 308.564 9 10.8 1.

113.34 308.564 40.584 10.8 Member
161.076 308.564 28.752 10.8 States
196.98 308.564 22.668 10.8 shall
226.728 308.564 25.368 10.8 bring
259.224 308.564 18.708 10.8 into
285 308.564 24.648 10.8 force
316.788 308.564 14.664 10.8 the
338.604 308.564 24.948 10.8 laws,
370.692 308.564 53.352 10.8 regulations
431.196 308.564 17.328 10.8 and
455.664 308.564 68.592 10.8 administrative

113.34 322.364 50.04 10.8 provisions
168.096 322.364 46.668 10.8 necessary
219.492 322.364 9.336 10.8 to
233.58 322.364 35.916 10.8 comply
274.308 322.364 21.336 10.8 with
300.396 322.364 17.376 10.8 this
322.512 322.364 44.664 10.8 Directive
371.916 322.364 12 10.8 by
388.644 322.364 15.996 10.8 [12
409.392 322.364 35.34 10.8 months
449.46 322.364 21.984 10.8 after
476.196 322.364 24.684 10.8 entry
505.632 322.364 18.708 10.8 into

113.34 336.164 28.644 10.8 force]
145.548 336.164 8.664 10.8 at
157.824 336.164 14.664 10.8 the
176.052 336.164 28.332 10.8 latest.
207.996 336.164 24.66 10.8 They
236.184 336.164 22.704 10.8 shall
262.5 336.164 44.756 10.8 forthwith
310.868 336.164 64.668 10.8 communicate
379.112 336.164 9.336 10.8 to
392.06 336.164 14.664 10.8 the
410.288 336.164 60.612 10.8 Commission
474.512 336.164 14.664 10.8 the
492.788 336.164 18.024 10.8 text
514.424 336.164 9.996 10.8 of

113.34 349.964 25.332 10.8 those
141.708 349.964 52.968 10.8 provisions.

113.34 369.764 28.608 10.8 When
146.388 369.764 40.656 10.8 Member
191.496 369.764 28.644 10.8 States
224.532 369.764 26.616 10.8 adopt
255.6 369.764 25.296 10.8 those
285.288 369.764 53.04 10.8 provisions,
342.684 369.764 20.628 10.8 they
367.752 369.764 22.668 10.8 shall
394.8 369.764 35.304 10.8 contain
434.496 369.764 5.328 10.8 a
444.204 369.764 44.592 10.8 reference
493.188 369.764 9.336 10.8 to
506.916 369.764 17.376 10.8 this

113.34 383.564 44.676 10.8 Directive
162.816 383.564 9.996 10.8 or
177.564 383.564 11.328 10.8 be
193.692 383.564 63.312 10.8 accompanied
261.804 383.564 12 10.8 by
278.592 383.564 21.996 10.8 such
305.4 383.564 5.328 10.8 a
315.528 383.564 44.604 10.8 reference
364.944 383.564 12 10.8 on
381.732 383.564 14.664 10.8 the
401.208 383.564 42.012 10.8 occasion
448.044 383.564 9.996 10.8 of
462.792 383.564 22.02 10.8 their
489.636 383.564 34.644 10.8 official

113.34 397.364 57.036 10.8 publication.
173.328 397.364 40.584 10.8 Member
216.936 397.364 28.704 10.8 States
248.72 397.364 22.668 10.8 shall
274.388 397.364 47.856 10.8 determine
325.268 397.364 20.664 10.8 how
348.932 397.364 22.032 10.8 such
373.964 397.364 44.616 10.8 reference
421.58 397.364 8.04 10.8 is
432.572 397.364 9.336 10.8 to
444.908 397.364 11.328 10.8 be
459.26 397.364 28.956 10.8 made.

70.86 417.184 9 10.8 2.

113.34 417.184 40.584 10.8 Member
157.176 417.184 28.704 10.8 States
189.132 417.184 22.62 10.8 shall
214.98 417.184 64.584 10.8 communicate
282.804 417.184 9.336 10.8 to
295.332 417.184 14.664 10.8 the
313.2 417.184 60.696 10.8 Commission
377.064 417.184 14.664 10.8 the
394.932 417.184 18 10.8 text
416.16 417.184 9.996 10.8 of
429.348 417.184 14.664 10.8 the
447.216 417.184 23.928 10.8 main
474.372 417.184 50.004 10.8 provisions

113.34 430.984 9.996 10.8 of
126.3 430.984 38.712 10.8 national
167.976 430.984 17.328 10.8 law
188.256 430.984 29.328 10.8 which
220.584 430.984 20.7 10.8 they
244.284 430.984 26.664 10.8 adopt
273.972 430.984 9.336 10.8 in
286.272 430.984 14.628 10.8 the
303.9 430.984 22.02 10.8 field
328.92 430.984 37.956 10.8 covered
369.876 430.984 12 10.8 by
384.876 430.984 17.304 10.8 this
405.18 430.984 47.64 10.8 Directive.

273.86 450.844 32.652 10.8 Article
309.536 450.844 12 10.8 22

280.4 464.644 34.68 10.8 Review

70.86 484.324 9 10.8 1.

113.34 484.324 14.664 10.8 No
136.188 484.324 31.992 10.8 sooner
176.376 484.324 20.688 10.8 than
205.212 484.324 22.584 10.8 [five
235.968 484.324 25.356 10.8 years
269.6 484.324 21.984 10.8 after
299.756 484.324 14.664 10.8 the
322.592 484.324 20.016 10.8 date
350.768 484.324 50.616 10.8 mentioned
409.532 484.324 9.336 10.8 in
427.04 484.324 33.384 10.8 Article
468.524 484.324 33.024 10.8 21(1)],
509.66 484.324 14.664 10.8 the

113.34 498.124 60.612 10.8 Commission
178.644 498.124 22.668 10.8 shall
205.992 498.124 24.648 10.8 carry
235.26 498.124 15.336 10.8 out
255.288 498.124 5.328 10.8 a
265.236 498.124 32.592 10.8 review
302.472 498.124 9.996 10.8 of
317.1 498.124 17.376 10.8 this
339.156 498.124 44.604 10.8 Directive
388.392 498.124 17.328 10.8 and
410.34 498.124 34.644 10.8 present
449.676 498.124 5.328 10.8 a
459.624 498.124 28.656 10.8 report
492.972 498.124 12 10.8 on
509.58 498.124 14.664 10.8 the

113.34 511.924 23.928 10.8 main
141.276 511.924 39.336 10.8 findings
184.584 511.924 9.336 10.8 to
197.892 511.924 14.664 10.8 the
216.528 511.924 45.936 10.8 European
266.424 511.924 54.888 10.8 Parliament,
325.26 511.924 14.664 10.8 the
343.896 511.924 38.004 10.8 Council
385.872 511.924 17.328 10.8 and
407.1 511.924 14.664 10.8 the
425.736 511.924 45.984 10.8 European
475.644 511.924 48.636 10.8 Economic

113.34 525.724 17.328 10.8 and
133.668 525.724 30.036 10.8 Social
166.704 525.724 56.256 10.8 Committee.

70.86 545.524 9 10.8 2.

113.34 545.524 40.584 10.8 Member
157.476 545.524 28.764 10.8 States
189.78 545.524 22.668 10.8 shall
215.988 545.524 36.752 10.8 provide
256.268 545.524 14.664 10.8 the
274.484 545.524 60.648 10.8 Commission
338.66 545.524 21.384 10.8 with
363.596 545.524 14.664 10.8 the
381.812 545.524 46.608 10.8 necessary
431.948 545.524 56.664 10.8 information
492.176 545.524 13.992 10.8 for
509.684 545.524 14.664 10.8 the

113.34 559.324 54.696 10.8 preparation
170.976 559.324 9.996 10.8 of
183.936 559.324 14.664 10.8 the
201.624 559.324 28.68 10.8 report
233.232 559.324 38.016 10.8 referred
274.188 559.324 9.336 10.8 to
286.524 559.324 9.336 10.8 in
298.86 559.324 47.976 10.8 paragraph
349.788 559.324 9 10.8 1.

273.86 579.184 32.652 10.8 Article
309.536 579.184 12 10.8 23

259.7 592.984 26.664 10.8 Entry
289.364 592.984 18.66 10.8 into
311.024 592.984 24.636 10.8 force

70.86 612.724 21.336 10.8 This
96.168 612.724 44.616 10.8 Directive
144.744 612.724 22.704 10.8 shall
171.42 612.724 23.988 10.8 enter
199.368 612.724 18.708 10.8 into
222.024 612.724 24.648 10.8 force
250.572 612.724 12 10.8 on
266.52 612.724 14.664 10.8 the
285.156 612.724 44.688 10.8 twentieth
333.792 612.724 17.328 10.8 day
355.08 612.724 46.704 10.8 following
405.756 612.724 18 10.8 that
427.704 612.724 9.996 10.8 of
441.612 612.724 11.376 10.8 its
456.948 612.724 54.048 10.8 publication
514.944 612.724 9.336 10.8 in

70.86 626.524 14.664 10.8 the
88.56 626.524 36.624 10.8 Official
128.148 626.524 37.388 10.8 Journal
168.536 626.524 9.336 10.8 of
180.848 626.524 14.628 10.8 the
198.476 626.524 47.328 10.8 European
248.804 626.524 33.036 10.8 Union.

28.38 784.188 33.348 22.2 EN

291.62 793.224 12 10.8 33

533.62 784.188 33.348 22.2 EN

273.86 59.604 32.652 10.8 Article
309.536 59.604 12 10.8 24

270.68 73.404 54.012 10.8 Addressees

70.86 93.144 21.336 10.8 This
95.196 93.144 44.64 10.8 Directive
142.836 93.144 8.004 10.8 is
153.876 93.144 47.268 10.8 addressed
204.144 93.144 9.36 10.8 to
216.504 93.144 14.664 10.8 the
234.132 93.144 40.584 10.8 Member
277.74 93.144 31.704 10.8 States.

70.86 112.944 25.992 10.8 Done
99.852 112.944 8.664 10.8 at
111.516 112.944 43.728 10.8 Brussels,

70.86 162.824 18 10.8 For
91.86 162.824 14.664 10.8 the
109.548 162.824 47.268 10.8 European
159.816 162.824 53.988 10.8 Parliament

283.46 162.824 18 10.8 For
304.46 162.824 14.664 10.8 the
322.148 162.824 38.004 10.8 Council

70.86 176.624 18 10.8 The
91.86 176.624 45.984 10.8 President

283.46 176.624 18 10.8 The
304.46 176.624 45.984 10.8 President
