596 842
120.721 89.4651 48.6785 8.90472 DIRECTIVE
172.201 89.4651 47.3351 8.90472 2003/71/EC
222.262 89.4651 12.1288 8.90472 OF
237.342 89.4651 18.1069 8.90472 THE
258.319 89.4651 50.1754 8.90472 EUROPEAN
311.442 89.4651 59.32 8.90472 PARLIAMENT
373.751 89.4651 20.8608 8.90472 AND
397.505 89.4651 12.1288 8.90472 OF
412.586 89.4651 18.1069 8.90472 THE
433.563 89.4651 41.5298 8.90472 COUNCIL

255.027 104.319 8.39615 8.90472 of
266.31 104.319 5.11445 8.90472 4
274.247 104.319 43.0938 8.90472 November
320.226 104.319 20.4578 8.90472 2003

93.1109 119.116 10.6895 8.90472 on
106.887 119.116 13.0212 8.90472 the
123.045 119.116 44.514 8.90472 prospectus
170.669 119.116 8.57847 8.90472 to
182.348 119.116 9.65317 8.90472 be
195.104 119.116 39.6586 8.90472 published
237.966 119.116 22.9815 8.90472 when
264.103 119.116 38.4688 8.90472 securities
305.773 119.116 12.5223 8.90472 are
321.364 119.116 29.4393 8.90472 offered
353.907 119.116 8.57847 8.90472 to
365.529 119.116 13.0212 8.90472 the
381.687 119.116 25.1885 8.90472 public
410.091 119.116 9.13501 8.90472 or
422.224 119.116 36.2906 8.90472 admitted
461.684 119.116 8.57847 8.90472 to
473.362 119.116 29.1514 8.90472 trading

223.506 129.661 14.806 8.90472 and
241.137 129.661 39.9081 8.90472 amending
283.999 129.661 37.9986 8.90472 Directive
324.99 129.661 47.3351 8.90472 2001/34/EC

249.528 146.479 19.0462 7.91528 (Text
271.184 146.479 16.9479 7.91528 with
290.8 146.479 15.5406 7.91528 EEA
308.998 146.479 37.1285 7.91528 relevance)

41.9194 175.223 14.5085 7.7447 THE
59.0405 175.223 40.5147 7.7447 EUROPEAN
102.183 175.223 47.8926 7.7447 PARLIAMENT
152.696 175.223 17.1782 7.7447 AND
172.425 175.223 14.5085 7.7447 THE
189.546 175.223 33.9129 7.7447 COUNCIL
225.943 175.223 9.92822 7.7447 OF
238.415 175.223 14.5085 7.7447 THE

41.9194 184.577 40.5146 7.7447 EUROPEAN
85.062 184.577 27.3964 7.7447 UNION,

41.9182 202.759 26.7717 8.7128 Having
73.3841 202.759 23.7491 8.7128 regard
101.788 202.759 7.76284 8.7128 to
114.034 202.759 11.7546 8.7128 the
130.362 202.759 23.6819 8.7128 Treaty
158.653 202.759 44.0438 8.7128 establishing
207.296 202.759 11.7546 8.7128 the
223.624 202.759 35.7724 8.7128 European
264.048 202.759 21.1103 8.7128 Com-

41.9182 213.304 29.1706 8.7128 munity,
74.0078 213.304 13.8369 8.7128 and
90.6763 213.304 7.36942 8.7128 in
100.938 213.304 36.1217 8.7128 particular
140.057 213.304 28.5085 8.7128 Articles
171.523 213.304 10.2289 8.7128 44
184.563 213.304 13.8369 8.7128 and
201.231 213.304 10.2289 8.7128 95
214.327 213.304 28.7292 8.7128 thereof,

41.9182 232.41 26.7717 8.7128 Having
71.7394 232.41 23.7491 8.7128 regard
98.4996 232.41 7.76284 8.7128 to
109.044 232.41 11.7546 8.7128 the
123.728 232.41 32.9801 8.7128 proposal
159.503 232.41 18.5771 8.7128 from
180.877 232.41 11.7546 8.7128 the
195.561 232.41 47.4023 8.7128 Commission
245.169 232.41 2.50445 8.7128 (
247.657 231.992 2.86402 4.87905 1
250.491 232.41 4.5867 8.7128 ),

41.9176 251.572 26.7717 8.7128 Having
72.9296 251.572 23.7491 8.7128 regard
100.88 251.572 7.76284 8.7128 to
112.615 251.572 11.7546 8.7128 the
128.489 251.572 29.612 8.7128 opinion
162.166 251.572 7.67648 8.7128 of
173.845 251.572 11.7546 8.7128 the
189.719 251.572 35.7724 8.7128 European
229.688 251.572 37.49 8.7128 Economic
271.246 251.572 13.8369 8.7128 and

41.9176 262.117 22.1946 8.7128 Social
67.0331 262.117 41.7505 8.7128 Committee
111.086 262.117 2.50445 8.7128 (
113.578 261.642 2.86402 4.87905 2
116.469 262.117 4.5867 8.7128 ),

41.9182 281.279 26.7717 8.7128 Having
71.7394 281.279 23.7491 8.7128 regard
98.4996 281.279 7.76284 8.7128 to
109.044 281.279 11.7546 8.7128 the
123.728 281.279 29.612 8.7128 opinion
156.214 281.279 7.67648 8.7128 of
166.702 281.279 11.7546 8.7128 the
181.386 281.279 35.7724 8.7128 European
220.109 281.279 27.098 8.7128 Central
250.101 281.279 18.8937 8.7128 Bank
271.419 281.279 2.50445 8.7128 (
273.905 280.805 2.86402 4.87905 3
276.74 281.279 4.5867 8.7128 ),

41.9167 300.385 24.9869 8.7128 Acting
70.8311 300.385 7.36942 8.7128 in
82.056 300.385 41.9903 8.7128 accordance
127.979 300.385 16.8403 8.7128 with
148.673 300.385 11.7546 8.7128 the
164.32 300.385 37.9506 8.7128 procedure
206.217 300.385 13.501 8.7128 laid
223.51 300.385 21.3886 8.7128 down
248.625 300.385 7.36942 8.7128 in
259.85 300.385 25.0637 8.7128 Article

41.9167 310.929 15.3434 8.7128 251
60.1157 310.929 7.67648 8.7128 of
70.6037 310.929 11.7546 8.7128 the
85.2878 310.929 23.6819 8.7128 Treaty
111.481 310.929 2.50445 8.7128 (
113.975 310.455 2.86402 4.87905 4
116.809 310.929 4.5867 8.7128 ),

41.9178 330.092 34.5634 8.7128 Whereas:

41.9182 349.837 8.99852 7.7447 (1)

67.5434 349.14 29.1226 8.7128 Council
99.9161 349.14 37.039 8.7128 Directives
140.396 349.14 46.0397 8.7128 80/390/EEC
189.777 349.14 7.67648 8.7128 of
200.662 349.14 10.2289 8.7128 17
214.156 349.14 23.7779 8.7128 March
241.369 349.14 20.4578 8.7128 1980
265.01 349.14 20.0164 8.7128 coor-

67.5434 359.969 30.8307 8.7128 dinating
102.694 359.969 11.7546 8.7128 the
118.739 359.969 49.2062 8.7128 requirements
172.429 359.969 10.939 8.7128 for
187.566 359.969 11.7546 8.7128 the
203.611 359.969 30.5908 8.7128 drawing
238.592 359.969 11.9465 8.7128 up,
254.863 359.969 30.1302 8.7128 scrutiny

67.5434 370.514 13.8369 8.7128 and
84.495 370.514 43.7943 8.7128 distribution
131.382 370.514 7.67648 8.7128 of
142.154 370.514 11.7546 8.7128 the
157.065 370.514 22.7704 8.7128 listing
183.031 370.514 39.4667 8.7128 particulars
225.78 370.514 7.76284 8.7128 to
236.608 370.514 8.77038 8.7128 be
248.514 370.514 36.4825 8.7128 published

67.5434 381.058 10.939 8.7128 for
81.7737 381.058 11.7546 8.7128 the
96.9107 381.058 38.0082 8.7128 admission
138.128 381.058 7.67648 8.7128 of
149.07 381.058 34.429 8.7128 securities
186.998 381.058 7.76284 8.7128 to
198.053 381.058 25.4955 8.7128 official
226.911 381.058 19.8245 8.7128 stock
249.929 381.058 34.8896 8.7128 exchange

67.5434 391.603 22.7704 8.7128 listing
92.7155 391.603 2.50445 8.7128 (
95.2095 391.129 2.86402 4.87905 5
98.0441 391.603 2.50445 8.7128 )
106.265 391.603 13.8369 8.7128 and
125.768 391.603 46.0397 8.7128 89/298/EEC
177.53 391.603 7.67648 8.7128 of
190.854 391.603 10.2289 8.7128 17
206.728 391.603 19.3063 8.7128 April
231.843 391.603 20.4578 8.7128 1989
257.923 391.603 27.1076 8.7128 coordi-

67.5435 402.148 23.7395 8.7128 nating
94.2471 402.148 11.7546 8.7128 the
108.931 402.148 49.2062 8.7128 requirements
161.204 402.148 10.939 8.7128 for
174.981 402.148 11.7546 8.7128 the
189.665 402.148 30.5908 8.7128 drawing
223.285 402.148 11.9465 8.7128 up,
238.139 402.148 30.1302 8.7128 scrutiny
271.249 402.148 13.8369 8.7128 and

67.5435 412.749 43.7943 8.7128 distribution
117.039 412.749 7.67648 8.7128 of
130.305 412.749 11.7546 8.7128 the
147.823 412.749 40.6949 8.7128 prospectus
194.256 412.749 7.76284 8.7128 to
207.636 412.749 8.77038 8.7128 be
222.15 412.749 36.4825 8.7128 published
264.331 412.749 20.6401 8.7128 when

67.5435 423.294 43.7559 8.7128 transferable
115.621 423.294 34.429 8.7128 securities
154.571 423.294 11.294 8.7128 are
170.275 423.294 26.3207 8.7128 offered
200.89 423.294 7.76284 8.7128 to
212.909 423.294 11.7546 8.7128 the
229.067 423.294 23.3365 8.7128 public
254.863 423.294 2.50445 8.7128 (
257.351 422.82 2.86402 4.87905 6
260.186 423.295 2.50445 8.7128 )
267.046 423.295 17.8574 8.7128 were

67.5426 433.839 30.2645 8.7128 adopted
103.941 433.839 25.4091 8.7128 several
135.576 433.839 19.124 8.7128 years
160.976 433.839 13.4722 8.7128 ago
180.705 433.839 43.8039 8.7128 introducing
230.767 433.839 4.07813 8.7128 a
241.028 433.839 23.9122 8.7128 partial
271.247 433.839 13.8369 8.7128 and

67.5426 444.384 32.3084 8.7128 complex
102.863 444.384 26.6182 8.7128 mutual
132.514 444.384 43.0842 8.7128 recognition
178.778 444.384 43.0746 8.7128 mechanism
224.928 444.384 22.9719 8.7128 which
251.064 444.384 5.79574 8.7128 is
259.965 444.384 25.0733 8.7128 unable

67.5426 454.929 7.76284 8.7128 to
78.995 454.929 27.6737 8.7128 achieve
110.687 454.929 11.7546 8.7128 the
126.278 454.929 33.479 8.7128 objective
163.641 454.929 7.67648 8.7128 of
175.036 454.929 11.7546 8.7128 the
190.571 454.929 21.5517 8.7128 single
215.97 454.929 31.9725 8.7128 passport
251.631 454.929 33.3639 8.7128 provided

67.5426 465.473 10.939 8.7128 for
86.422 465.473 9.20218 8.7128 by
103.657 465.473 13.597 8.7128 this
125.257 465.473 35.6764 8.7128 Directive.
169.139 465.473 22.5017 8.7128 Those
199.64 465.473 35.235 8.7128 directives
243.012 465.473 25.3132 8.7128 should
276.234 465.473 8.77038 8.7128 be

67.5426 476.074 37.1734 8.7128 upgraded,
109.496 476.074 30.1974 8.7128 updated
144.421 476.074 13.8369 8.7128 and
162.903 476.074 31.2145 8.7128 grouped
198.847 476.074 31.2452 8.7128 together
234.848 476.074 15.1323 8.7128 into
254.634 476.074 4.07813 8.7128 a
263.421 476.074 21.5517 8.7128 single

67.5426 486.619 16.159 8.7128 text.

41.9182 506.366 8.99852 7.7447 (2)

67.5434 505.67 42.9211 8.7128 Meanwhile,
116.131 505.67 33.5942 8.7128 Directive
155.477 505.67 46.0397 8.7128 80/390/EEC
207.069 505.67 14.2111 8.7128 was
226.799 505.67 37.4516 8.7128 integrated
269.943 505.67 15.1323 8.7128 into

67.5434 516.498 33.5942 8.7128 Directive
104.225 516.498 46.5003 8.7128 2001/34/EC
153.664 516.498 7.67648 8.7128 of
164.152 516.498 11.7546 8.7128 the
178.893 516.498 35.7724 8.7128 European
217.729 516.498 40.0712 8.7128 Parliament
260.704 516.498 13.8369 8.7128 and
277.429 516.498 7.67648 8.7128 of

67.5434 527.043 11.7546 8.7128 the
82.3408 527.043 29.1226 8.7128 Council
114.487 527.043 7.67648 8.7128 of
125.146 527.043 10.2289 8.7128 28
138.355 527.043 15.9479 8.7128 May
157.404 527.043 20.4578 8.7128 2001
180.819 527.043 9.96023 8.7128 on
193.746 527.043 11.7546 8.7128 the
208.6 527.043 38.0082 8.7128 admission
249.477 527.043 7.67648 8.7128 of
260.136 527.043 24.7566 8.7128 securi-

67.5434 537.587 12.5702 8.7128 ties
83.3042 537.587 7.76284 8.7128 to
94.1894 537.587 25.4955 8.7128 official
122.821 537.587 19.8245 8.7128 stock
145.669 537.587 34.8896 8.7128 exchange
183.938 537.587 22.7704 8.7128 listing
209.904 537.587 13.8369 8.7128 and
226.855 537.587 9.96023 8.7128 on
239.951 537.587 45.1569 8.7128 information

67.5434 548.132 7.76284 8.7128 to
80.3564 548.132 8.77038 8.7128 be
94.3026 548.132 36.4825 8.7128 published
135.917 548.132 9.96023 8.7128 on
150.997 548.132 20.1412 8.7128 those
176.226 548.132 34.429 8.7128 securities
213.191 548.132 2.50445 8.7128 (
215.682 547.658 2.86402 4.87905 7
218.573 548.132 4.5867 8.7128 ),
228.324 548.132 22.9719 8.7128 which
256.558 548.132 28.4893 8.7128 codifies

67.5423 558.677 25.4091 8.7128 several
95.8896 558.677 35.235 8.7128 directives
134.159 558.677 7.36942 8.7128 in
144.42 558.677 11.7546 8.7128 the
159.104 558.677 16.111 8.7128 field
178.097 558.677 7.67648 8.7128 of
188.585 558.677 19.6422 8.7128 listed
211.036 558.677 36.5113 8.7128 securities.

41.9182 578.479 8.99852 7.7447 (3)

67.5434 577.783 12.3975 8.7128 For
83.3042 577.783 28.1439 8.7128 reasons
114.77 577.783 7.67648 8.7128 of
125.769 577.783 45.4064 8.7128 consistency,
174.527 577.783 34.2467 8.7128 however,
212.285 577.783 5.17203 8.7128 it
220.903 577.783 5.79574 8.7128 is
230.03 577.783 43.7176 8.7128 appropriate
277.314 577.783 7.76284 8.7128 to

67.5434 588.555 29.7368 8.7128 regroup
101.731 588.555 11.7546 8.7128 the
117.832 588.555 39.1309 8.7128 provisions
161.204 588.555 7.67648 8.7128 of
173.053 588.555 33.5942 8.7128 Directive
211.152 588.555 46.5003 8.7128 2001/34/EC
261.951 588.555 22.9719 8.7128 which

67.5434 599.156 17.8574 8.7128 stem
88.577 599.156 18.5771 8.7128 from
110.291 599.156 33.5942 8.7128 Directive
147.313 599.156 46.0397 8.7128 80/390/EEC
196.58 599.156 31.1857 8.7128 together
231.107 599.156 16.8403 8.7128 with
251.234 599.156 33.5942 8.7128 Directive

67.5434 609.701 46.0397 8.7128 89/298/EEC
122.481 609.701 13.8369 8.7128 and
145.102 609.701 7.76284 8.7128 to
161.656 609.701 25.4283 8.7128 amend
195.9 609.701 33.5942 8.7128 Directive
238.534 609.701 46.5003 8.7128 2001/34/EC

67.5434 620.245 45.5887 8.7128 accordingly.

41.9182 639.991 8.99852 7.7447 (4)

67.5434 639.295 15.9575 8.7128 This
87.2729 639.295 33.5942 8.7128 Directive
124.805 639.295 40.4646 8.7128 constitutes
168.914 639.295 9.09663 8.7128 an
181.727 639.295 41.2035 8.7128 instrument
226.686 639.295 31.3968 8.7128 essential
261.78 639.295 7.76284 8.7128 to
273.233 639.295 11.7546 8.7128 the

67.5434 650.123 47.1048 8.7128 achievement
119.079 650.123 7.67648 8.7128 of
130.871 650.123 11.7546 8.7128 the
146.916 650.123 28.8348 8.7128 internal
180.083 650.123 26.3975 8.7128 market
210.697 650.123 7.52295 8.7128 as
222.433 650.123 10.2193 8.7128 set
236.889 650.123 12.6374 8.7128 out
253.728 650.123 7.36942 8.7128 in
265.35 650.123 19.6614 8.7128 time-

67.5434 660.668 18.0013 8.7128 table
91.185 660.668 18.5771 8.7128 form
115.337 660.668 7.36942 8.7128 in
128.377 660.668 11.7546 8.7128 the
145.839 660.668 47.4023 8.7128 Commission
198.679 660.668 63.0623 8.7128 communications
267.336 660.668 17.7231 8.7128 Risk

336.213 175.374 24.6166 8.7128 capital
365.971 175.374 23.1782 8.7128 action
394.257 175.374 18.0263 8.7128 plan
417.328 175.374 13.8349 8.7128 and
436.149 175.374 54.4051 8.7128 Implementing
495.641 175.374 11.7527 8.7128 the
512.534 175.374 41.1958 8.7128 framework

336.213 185.975 10.939 8.7128 for
351.067 185.975 31.9342 8.7128 financial
387.068 185.975 28.4797 8.7128 market:
419.554 185.975 25.4763 8.7128 Action
448.979 185.975 17.5791 8.7128 Plan
470.466 185.975 39.3612 8.7128 facilitating
513.952 185.975 11.7546 8.7128 the
529.713 185.975 23.9986 8.7128 widest

336.213 196.52 30.2741 8.7128 possible
370.456 196.52 22.8663 8.7128 access
397.443 196.52 7.76284 8.7128 to
409.235 196.52 41.405 8.7128 investment
454.705 196.52 24.6223 8.7128 capital
483.449 196.52 9.96023 8.7128 on
497.453 196.52 4.07813 8.7128 a
505.617 196.52 48.1987 8.7128 Community-

336.213 207.065 17.7327 8.7128 wide
357.587 207.065 20.2179 8.7128 basis,
381.342 207.065 35.1103 8.7128 including
420.121 207.065 10.939 8.7128 for
434.578 207.065 19.8245 8.7128 small
457.88 207.065 13.8369 8.7128 and
475.229 207.065 52.8814 8.7128 medium-sized
531.697 207.065 21.9068 8.7128 enter-

336.213 217.609 21.4462 8.7128 prises
360.704 217.609 25.1117 8.7128 (SMEs)
388.825 217.609 13.8369 8.7128 and
405.607 217.609 34.7169 8.7128 start-ups,
443.309 217.609 9.20218 8.7128 by
455.498 217.609 31.4544 8.7128 granting
490.082 217.609 4.07813 8.7128 a
497.225 217.609 21.5517 8.7128 single
521.83 217.609 31.9725 8.7128 passport

336.213 228.154 7.76284 8.7128 to
346.815 228.154 11.7546 8.7128 the
361.442 228.154 23.4133 8.7128 issuer.

310.643 289.175 8.99852 7.7447 (5)

336.211 288.479 11.9945 8.7128 On
351.859 288.479 10.2289 8.7128 17
365.692 288.479 14.1823 8.7128 July
383.55 288.479 22.5401 8.7128 2000,
409.686 288.479 11.7546 8.7128 the
425.164 288.479 29.1226 8.7128 Council
457.934 288.479 10.2193 8.7128 set
471.767 288.479 9.86428 8.7128 up
485.317 288.479 11.7546 8.7128 the
500.738 288.479 41.7505 8.7128 Committee
546.094 288.479 7.67648 8.7128 of

336.211 299.308 18.5579 8.7128 Wise
361.157 299.308 16.4565 8.7128 Men
384.005 299.308 9.96023 8.7128 on
400.219 299.308 11.7546 8.7128 the
418.418 299.308 38.0849 8.7128 regulation
462.924 299.308 7.67648 8.7128 of
476.871 299.308 35.7724 8.7128 European
519.109 299.308 34.429 8.7128 securities

336.211 309.852 31.9246 8.7128 markets.
372.609 309.852 7.65729 8.7128 In
384.685 309.852 8.61685 8.7128 its
397.781 309.852 21.3022 8.7128 initial
423.634 309.852 23.2309 8.7128 report
451.47 309.852 7.67648 8.7128 of
463.547 309.852 5.11445 8.7128 9
473.128 309.852 39.3612 8.7128 November
517.009 309.852 20.4578 8.7128 2000
541.898 309.852 11.7546 8.7128 the

336.211 320.397 41.7505 8.7128 Committee
382.418 320.397 27.7697 8.7128 stresses
414.62 320.397 11.7546 8.7128 the
430.948 320.397 15.0267 8.7128 lack
450.451 320.397 7.67648 8.7128 of
462.584 320.397 9.09663 8.7128 an
476.191 320.397 24.44 8.7128 agreed
505.275 320.397 36.281 8.7128 definition
546.096 320.397 7.67648 8.7128 of

336.211 330.941 23.3365 8.7128 public
363.765 330.941 17.6271 8.7128 offer
385.479 330.941 7.67648 8.7128 of
397.214 330.941 36.5113 8.7128 securities,
438.035 330.941 16.8403 8.7128 with
459.068 330.941 11.7546 8.7128 the
474.999 330.941 20.6881 8.7128 result
499.831 330.941 14.7005 8.7128 that
518.654 330.941 11.7546 8.7128 the
534.585 330.941 19.1144 8.7128 same

336.211 341.486 36.3577 8.7128 operation
377.485 341.486 5.79574 8.7128 is
388.143 341.486 32.4427 8.7128 regarded
425.619 341.486 7.52295 8.7128 as
438.035 341.486 4.07813 8.7128 a
446.992 341.486 25.841 8.7128 private
477.834 341.486 38.7566 8.7128 placement
521.546 341.486 7.36942 8.7128 in
533.792 341.486 19.978 8.7128 some

336.211 352.031 31.1089 8.7128 Member
372.496 352.031 21.6381 8.7128 States
399.142 352.031 13.8369 8.7128 and
418.021 352.031 12.7813 8.7128 not
435.823 352.031 7.36942 8.7128 in
448.295 352.031 25.4859 8.7128 others;
478.853 352.031 11.7546 8.7128 the
495.748 352.031 27.1651 8.7128 current
528.121 352.031 25.6874 8.7128 system

336.211 362.632 43.516 8.7128 discourages
383.268 362.632 19.4311 8.7128 firms
406.116 362.632 18.5771 8.7128 from
428.056 362.632 24.9582 8.7128 raising
456.573 362.632 24.6223 8.7128 capital
484.694 362.632 9.96023 8.7128 on
498.074 362.632 4.07813 8.7128 a
505.615 362.632 48.1987 8.7128 Community-

336.211 373.176 17.7327 8.7128 wide
358.605 373.176 18.1357 8.7128 basis
381.34 373.176 13.8369 8.7128 and
399.766 373.176 33.8629 8.7128 therefore
438.374 373.176 18.5771 8.7128 from
461.449 373.176 25.2652 8.7128 having
491.498 373.176 13.6258 8.7128 real
509.81 373.176 22.8663 8.7128 access
537.307 373.176 7.76284 8.7128 to
549.609 373.176 4.07813 8.7128 a

336.211 383.721 20.1604 8.7128 large,
359.399 383.721 21.3214 8.7128 liquid
383.664 383.721 13.8369 8.7128 and
400.333 383.721 37.4516 8.7128 integrated
440.813 383.721 31.9342 8.7128 financial
475.68 383.721 28.4797 8.7128 market.

310.643 444.684 8.99852 7.7447 (6)

336.211 443.988 7.65729 8.7128 In
346.756 443.988 8.61685 8.7128 its
358.265 443.988 16.514 8.7128 final
377.654 443.988 23.2309 8.7128 report
403.904 443.988 7.67648 8.7128 of
414.392 443.988 10.2289 8.7128 15
427.545 443.988 32.8265 8.7128 February
463.432 443.988 20.4578 8.7128 2001
486.791 443.988 11.7546 8.7128 the
501.475 443.988 41.7505 8.7128 Committee
546.094 443.988 7.67648 8.7128 of

336.211 454.816 18.5579 8.7128 Wise
358.889 454.816 16.4565 8.7128 Men
379.412 454.816 35.2638 8.7128 proposed
418.701 454.816 11.7546 8.7128 the
434.519 454.816 47.1144 8.7128 introduction
485.714 454.816 7.67648 8.7128 of
497.336 454.816 15.66 8.7128 new
517.123 454.816 36.4537 8.7128 legislative

336.211 465.361 40.0424 8.7128 techniques
383.381 465.361 21.0336 8.7128 based
411.331 465.361 9.96023 8.7128 on
428.169 465.361 4.07813 8.7128 a
439.225 465.361 35.6668 8.7128 four-level
481.859 465.361 37.3749 8.7128 approach,
526.308 465.361 27.405 8.7128 namely

336.211 475.962 41.2035 8.7128 framework
381.114 475.962 38.747 8.7128 principles,
423.748 475.962 52.5167 8.7128 implementing
480.103 475.962 36.732 8.7128 measures,
520.583 475.962 33.0866 8.7128 coopera-

336.211 486.507 15.1323 8.7128 tion
357.245 486.507 13.8369 8.7128 and
376.974 486.507 49.3502 8.7128 enforcement.
432.308 486.507 19.1816 8.7128 Level
457.593 486.507 7.1967 8.7128 1,
470.746 486.507 11.7546 8.7128 the
488.491 486.507 33.8725 8.7128 directive,
528.517 486.507 25.3132 8.7128 should

336.211 497.051 27.9904 8.7128 confine
369.151 497.051 17.6367 8.7128 itself
391.771 497.051 7.76284 8.7128 to
404.415 497.051 23.9218 8.7128 broad,
433.272 497.051 27.05 8.7128 general
465.475 497.051 44.4276 8.7128 framework
514.8 497.051 38.747 8.7128 principles,

336.211 507.596 20.3043 8.7128 while
362.12 507.596 19.1816 8.7128 Level
386.953 507.596 5.11445 8.7128 2
397.554 507.596 25.3132 8.7128 should
428.283 507.596 28.2015 8.7128 contain
462.016 507.596 33.479 8.7128 technical
501.135 507.596 52.5167 8.7128 implementing

336.211 518.14 34.6497 8.7128 measures
375.784 518.14 7.76284 8.7128 to
388.427 518.14 8.77038 8.7128 be
402.091 518.14 30.2645 8.7128 adopted
437.185 518.14 9.20218 8.7128 by
451.302 518.14 11.7546 8.7128 the
468.027 518.14 47.4023 8.7128 Commission
520.13 518.14 16.8403 8.7128 with
541.9 518.14 11.7546 8.7128 the

336.211 528.685 36.6072 8.7128 assistance
375.671 528.685 7.67648 8.7128 of
386.159 528.685 4.07813 8.7128 a
393.132 528.685 42.1727 8.7128 committee.

310.643 589.704 8.99852 7.7447 (7)

336.211 589.008 14.1151 8.7128 The
354.41 589.008 40.7909 8.7128 Stockholm
399.029 589.008 35.7724 8.7128 European
438.885 589.008 29.1226 8.7128 Council
471.994 589.008 7.67648 8.7128 of
483.617 589.008 10.2289 8.7128 23
497.79 589.008 13.8369 8.7128 and
515.592 589.008 10.2289 8.7128 24
529.822 589.008 23.7779 8.7128 March

336.211 599.837 20.4578 8.7128 2001
361.95 599.837 34.0548 8.7128 endorsed
401.296 599.837 11.7546 8.7128 the
418.474 599.837 16.514 8.7128 final
440.301 599.837 23.2309 8.7128 report
468.933 599.837 7.67648 8.7128 of
481.915 599.837 11.7546 8.7128 the
499.093 599.837 41.7505 8.7128 Committee
546.094 599.837 7.67648 8.7128 of

336.211 610.381 18.5579 8.7128 Wise
357.642 610.381 16.4565 8.7128 Men
376.918 610.381 13.8369 8.7128 and
393.587 610.381 11.7546 8.7128 the
408.158 610.381 35.2638 8.7128 proposed
446.201 610.381 35.6668 8.7128 four-level
484.696 610.381 35.2926 8.7128 approach
522.909 610.381 7.76284 8.7128 to
533.453 610.381 20.3139 8.7128 make

336.211 620.926 11.7546 8.7128 the
351.802 620.926 38.3632 8.7128 regulatory
394.04 620.926 28.0096 8.7128 process
425.789 620.926 10.939 8.7128 for
440.473 620.926 45.3008 8.7128 Community
489.458 620.926 34.429 8.7128 securities
527.84 620.926 25.841 8.7128 legisla-

336.211 631.471 15.1323 8.7128 tion
354.184 631.471 19.7957 8.7128 more
376.862 631.471 29.8903 8.7128 efficient
409.745 631.471 13.8369 8.7128 and
426.413 631.471 44.8306 8.7128 transparent.

310.643 692.432 8.99852 7.7447 (8)

336.211 691.736 14.1151 8.7128 The
353.446 691.736 37.941 8.7128 resolution
394.38 691.736 7.67648 8.7128 of
405.038 691.736 11.7546 8.7128 the
419.892 691.736 35.7724 8.7128 European
458.785 691.736 40.0712 8.7128 Parliament
501.93 691.736 7.67648 8.7128 of
512.589 691.736 5.11445 8.7128 5
520.753 691.736 32.8265 8.7128 February

336.211 702.564 20.4578 8.7128 2002
359.626 702.564 9.96023 8.7128 on
372.552 702.564 11.7546 8.7128 the
387.35 702.564 59.9053 8.7128 implementation
450.282 702.564 7.67648 8.7128 of
460.884 702.564 31.9342 8.7128 financial
495.921 702.564 28.7676 8.7128 services
527.84 702.564 25.841 8.7128 legisla-

336.211 713.166 15.1323 8.7128 tion
355.771 713.166 14.7964 8.7128 also
374.99 713.166 34.0548 8.7128 endorsed
413.485 713.166 11.7546 8.7128 the
429.757 713.166 41.7505 8.7128 Committee
475.963 713.166 7.67648 8.7128 of
488.039 713.166 18.5579 8.7128 Wise
511.114 713.166 21.6477 8.7128 Men's
537.194 713.166 16.514 8.7128 final

336.211 723.71 25.3132 8.7128 report,
367.053 723.71 9.96023 8.7128 on
382.418 723.71 11.7546 8.7128 the
399.709 723.71 18.1357 8.7128 basis
423.237 723.71 7.67648 8.7128 of
436.333 723.71 11.7546 8.7128 the
453.625 723.71 27.3283 8.7128 solemn
486.28 723.71 41.5489 8.7128 declaration
533.337 723.71 20.4098 8.7128 made

336.211 734.255 23.6627 8.7128 before
363.368 734.255 40.0712 8.7128 Parliament
406.909 734.255 11.7546 8.7128 the
422.161 734.255 19.1144 8.7128 same
444.725 734.255 13.2035 8.7128 day
461.337 734.255 9.20218 8.7128 by
474.036 734.255 11.7546 8.7128 the
489.287 734.255 47.4023 8.7128 Commission
539.915 734.255 13.8369 8.7128 and

336.211 744.799 11.7546 8.7128 the
352.028 744.799 19.1432 8.7128 letter
375.273 744.799 7.67648 8.7128 of
386.895 744.799 5.11445 8.7128 2
396.022 744.799 30.7443 8.7128 October
430.833 744.799 20.4578 8.7128 2001
455.268 744.799 36.3577 8.7128 addressed
495.579 744.799 9.20218 8.7128 by
508.788 744.799 11.7546 8.7128 the
524.605 744.799 29.1226 8.7128 Internal

336.211 755.344 26.244 8.7128 Market
367.336 755.344 54.6182 8.7128 Commissioner
426.639 755.344 7.76284 8.7128 to
439.168 755.344 11.7546 8.7128 the
455.779 755.344 35.379 8.7128 chairman
496.089 755.344 7.67648 8.7128 of
508.505 755.344 45.2624 8.7128 Parliament's

336.211 765.889 41.7505 8.7128 Committee
384.005 765.889 9.96023 8.7128 on
400.05 765.889 37.49 8.7128 Economic
443.648 765.889 13.8369 8.7128 and
463.604 765.889 35.9451 8.7128 Monetary
505.672 765.889 24.9773 8.7128 Affairs
536.797 765.889 16.8403 8.7128 with

336.211 776.49 23.7491 8.7128 regard
364.558 776.49 7.76284 8.7128 to
376.748 776.49 11.7546 8.7128 the
392.962 776.49 39.0637 8.7128 safeguards
436.561 776.49 10.939 8.7128 for
451.925 776.49 11.7546 8.7128 the
468.14 776.49 35.8981 8.7128 European
508.507 776.49 45.2624 8.7128 Parliament's

336.211 787.034 14.4894 8.7128 role
353.56 787.034 7.36942 8.7128 in
363.878 787.034 13.597 8.7128 this
380.319 787.034 30.0918 8.7128 process.

508.727 51.2759 45.0801 8.7128 31.12.2003

41.916 51.2759 4.55791 8.7128 L
49.3996 51.2759 28.3358 8.7128 345/64

223.846 51.2759 27.5298 8.7128 Official
254.347 51.2759 27.098 8.7128 Journal
284.283 51.2759 7.67648 8.7128 of
294.771 51.2759 11.7546 8.7128 the
309.455 51.2759 35.7724 8.7128 European
348.234 51.2759 23.634 8.7128 Union

120.154 52.1989 9.8344 7.7447 EN

41.9182 684.041 2.22617 7.7447 (
44.1859 683.657 2.54582 4.33697 1
46.6804 684.041 2.22617 7.7447 )
53.2003 684.041 8.50381 7.7447 OJ
64.709 684.041 5.00676 7.7447 C
72.6456 684.041 13.6385 7.7447 240
89.1995 684.041 5.98764 7.7447 E,
98.2133 684.041 37.3758 7.7447 28.8.2001,
138.464 684.041 6.28617 7.7447 p.
147.762 684.041 13.6385 7.7447 272
164.316 684.041 12.2994 7.7447 and
179.51 684.041 8.50381 7.7447 OJ
191.018 684.041 5.00676 7.7447 C
198.955 684.041 9.09234 7.7447 20
211.03 684.041 5.98764 7.7447 E,
220.044 684.041 37.3758 7.7447 28.1.2003,
260.295 684.041 6.28617 7.7447 p.
269.536 684.041 15.4894 7.7447 122.

41.9184 692.828 2.22617 7.7447 (
44.1859 692.388 2.54582 4.33697 2
46.6804 692.829 2.22617 7.7447 )
53.2003 692.829 8.50381 7.7447 OJ
64.2552 692.829 5.00676 7.7447 C
71.7952 692.829 10.9432 7.7447 80,
85.2879 692.829 32.8297 7.7447 3.4.2002,
120.607 692.829 6.28617 7.7447 p.
129.451 692.829 10.9432 7.7447 52.

41.9184 701.559 2.22617 7.7447 (
44.1859 701.119 2.54582 4.33697 3
46.6804 701.559 2.22617 7.7447 )
53.2003 701.559 8.50381 7.7447 OJ
64.2552 701.559 5.00676 7.7447 C
71.7952 701.559 15.4894 7.7447 344,
89.823 701.559 37.3758 7.7447 6.12.2001,
129.677 701.559 6.28617 7.7447 p.
138.522 701.559 6.39705 7.7447 4.

41.9184 710.29 2.22617 7.7447 (
44.1859 709.906 2.54582 4.33697 4
46.6804 710.29 2.22617 7.7447 )
53.2003 710.29 28.13 7.7447 Opinion
84.0972 710.29 6.82352 7.7447 of
93.5648 710.29 10.4485 7.7447 the
106.831 710.29 31.7976 7.7447 European
141.469 710.29 35.6188 7.7447 Parliament
179.794 710.29 6.82352 7.7447 of
189.318 710.29 9.09234 7.7447 14
201.109 710.29 21.1359 7.7447 March
225.09 710.29 18.1847 7.7447 2002
245.953 710.29 10.73 7.7447 (OJ
259.445 710.29 5.00676 7.7447 C
267.156 710.29 9.09234 7.7447 47
279.005 710.29 5.98764 7.7447 E,

53.2003 718.851 37.3758 7.7447 27.2.2003,
93.9623 718.851 6.28617 7.7447 p.
103.713 718.851 17.7156 7.7447 417),
124.803 718.851 25.8867 7.7447 Council
154.112 718.851 31.8317 7.7447 Common
189.149 718.851 27.0297 7.7447 Position
219.536 718.851 6.82352 7.7447 of
229.74 718.851 9.09234 7.7447 24
242.213 718.851 21.1359 7.7447 March
266.874 718.851 18.1847 7.7447 2003

53.2003 727.355 10.73 7.7447 (OJ
66.6366 727.355 5.00676 7.7447 C
74.2901 727.355 13.6385 7.7447 125
90.6179 727.355 5.98764 7.7447 E,
99.3486 727.355 37.3758 7.7447 27.5.2003,
139.317 727.355 6.28617 7.7447 p.
148.33 727.355 11.3185 7.7447 21)
162.277 727.355 12.2994 7.7447 and
177.243 727.355 27.0297 7.7447 Position
206.837 727.355 6.82352 7.7447 of
216.305 727.355 10.4485 7.7447 the
229.457 727.355 31.7976 7.7447 European
264.039 727.355 20.9226 7.7447 Parlia-

53.2003 735.915 17.272 7.7447 ment
74.6867 735.915 6.82352 7.7447 of
85.7416 735.915 4.54617 7.7447 2
94.5286 735.915 12.6065 7.7447 July
111.423 735.915 18.1847 7.7447 2003
133.816 735.915 13.5873 7.7447 (not
151.56 735.915 9.91969 7.7447 yet
165.79 735.915 32.4288 7.7447 published
202.47 735.915 6.55058 7.7447 in
213.355 735.915 10.4485 7.7447 the
228.095 735.915 24.4708 7.7447 Official
256.838 735.915 28.1641 7.7447 Journal).

53.2003 744.419 28.9573 7.7447 Decision
84.7215 744.419 6.82352 7.7447 of
94.0194 744.419 10.4485 7.7447 the
107.058 744.419 25.8867 7.7447 Council
135.461 744.419 6.82352 7.7447 of
144.759 744.419 9.09234 7.7447 15
156.381 744.419 12.6065 7.7447 July
171.518 744.419 20.0356 7.7447 2003.

41.9184 753.149 2.22617 7.7447 (
44.1859 752.766 2.54582 4.33697 5
46.6804 753.15 2.22617 7.7447 )
53.2003 753.15 8.50381 7.7447 OJ
64.2552 753.15 4.05146 7.7447 L
70.9448 753.15 15.4894 7.7447 100,
88.9163 753.15 37.3758 7.7447 17.4.1980,
128.771 753.15 6.28617 7.7447 p.
137.615 753.15 6.39705 7.7447 1.
146.572 753.15 29.8614 7.7447 Directive
179.17 753.15 6.68705 7.7447 as
188.411 753.15 11.2673 7.7447 last
202.13 753.15 30.3305 7.7447 amended
234.955 753.15 8.17969 7.7447 by
245.67 753.15 29.8614 7.7447 Directive
278.267 753.15 6.82352 7.7447 of

53.2003 761.711 10.4485 7.7447 the
67.2601 761.711 31.7976 7.7447 European
102.749 761.711 35.6188 7.7447 Parliament
141.98 761.711 12.2994 7.7447 and
157.797 761.711 6.82352 7.7447 of
168.171 761.711 10.4485 7.7447 the
182.231 761.711 25.8867 7.7447 Council
211.711 761.711 32.2411 7.7447 94/18/EC
247.541 761.711 10.73 7.7447 (OJ
261.884 761.711 4.05147 7.7447 L
269.595 761.711 15.4894 7.7447 135,

53.2003 770.215 37.3758 7.7447 31.5.1994,
93.0547 770.215 6.28617 7.7447 p.
101.899 770.215 8.62322 7.7447 1).

41.9184 779.002 2.22617 7.7447 (
44.1859 778.561 2.54582 4.33697 6
46.6804 779.002 2.22617 7.7447 )
53.2003 779.002 8.50381 7.7447 OJ
64.2552 779.002 4.05146 7.7447 L
70.9448 779.002 15.4894 7.7447 124,
88.9163 779.002 32.8297 7.7447 5.5.1989,
124.236 779.002 6.28617 7.7447 p.
133.136 779.002 6.39705 7.7447 8.

41.9184 787.733 2.22617 7.7447 (
44.1859 787.292 2.54582 4.33697 7
46.6804 787.733 2.22617 7.7447 )
53.2003 787.733 8.50381 7.7447 OJ
64.2552 787.733 4.05146 7.7447 L
70.9448 787.733 15.4894 7.7447 184,
88.9163 787.733 32.8297 7.7447 6.7.2001,
124.236 787.733 6.28617 7.7447 p.
133.136 787.733 6.39705 7.7447 1.

41.9182 78.5044 8.99852 7.7447 (9)

67.5434 77.8082 39.0829 8.7128 According
110.518 77.8082 7.76284 8.7128 to
122.084 77.8082 11.7546 8.7128 the
137.675 77.8082 40.7909 8.7128 Stockholm
182.067 77.8082 35.8981 8.7128 European
221.81 77.8082 31.2049 8.7128 Council,
256.847 77.8082 19.1816 8.7128 Level
279.922 77.8082 5.11445 8.7128 2

67.5434 88.5802 52.5167 8.7128 implementing
123.672 88.5802 34.6497 8.7128 measures
161.941 88.5802 25.3132 8.7128 should
190.686 88.5802 8.77038 8.7128 be
203.045 88.5802 17.013 8.7128 used
223.568 88.5802 19.7957 8.7128 more
246.926 88.5802 38.0082 8.7128 frequently

67.5434 99.1814 7.76284 8.7128 to
79.9025 99.1814 24.5072 8.7128 ensure
109.157 99.1814 14.7005 8.7128 that
128.49 99.1814 33.479 8.7128 technical
166.759 99.1814 39.1309 8.7128 provisions
210.527 99.1814 13.0692 8.7128 can
228.273 99.1814 8.77038 8.7128 be
241.709 99.1814 16.4085 8.7128 kept
262.799 99.1814 9.86428 8.7128 up
277.313 99.1814 7.76284 8.7128 to

67.5434 109.726 15.5928 8.7128 date
89.0308 109.726 16.8403 8.7128 with
111.879 109.726 26.3975 8.7128 market
144.195 109.726 13.8369 8.7128 and
163.924 109.726 43.2953 8.7128 supervisory
213.249 109.726 52.1713 8.7128 developments
271.247 109.726 13.8369 8.7128 and

67.5434 120.271 34.6113 8.7128 deadlines
105.019 120.271 25.3132 8.7128 should
133.083 120.271 8.77038 8.7128 be
144.762 120.271 10.2193 8.7128 set
157.802 120.271 10.939 8.7128 for
171.578 120.271 8.74159 8.7128 all
183.2 120.271 22.1946 8.7128 stages
208.259 120.271 7.67648 8.7128 of
218.747 120.271 19.1816 8.7128 Level
240.915 120.271 7.1967 8.7128 2.

41.9182 174.542 13.5447 7.7447 (10)
67.5434 173.846 14.1151 8.7128 The
84.7781 173.846 14.0671 8.7128 aim
101.956 173.846 7.67648 8.7128 of
112.615 173.846 13.597 8.7128 this
129.283 173.846 33.5942 8.7128 Directive
166.135 173.846 13.8369 8.7128 and
183.03 173.846 8.61685 8.7128 its
194.709 173.846 52.5167 8.7128 implementing
250.327 173.846 34.6497 8.7128 measures

67.5434 184.675 5.79574 8.7128 is
76.4443 184.675 7.76284 8.7128 to
87.2163 184.675 24.5072 8.7128 ensure
114.94 184.675 30.1782 8.7128 investor
148.219 184.675 39.0733 8.7128 protection
190.457 184.675 13.8369 8.7128 and
207.352 184.675 26.3975 8.7128 market
236.834 184.675 37.5092 8.7128 efficiency,
277.654 184.675 7.36942 8.7128 in

67.5434 195.219 41.9903 8.7128 accordance
114.657 195.219 16.8403 8.7128 with
136.541 195.219 16.7635 8.7128 high
158.424 195.219 38.3632 8.7128 regulatory
201.91 195.219 35.6285 8.7128 standards
242.446 195.219 30.2645 8.7128 adopted
277.653 195.219 7.36942 8.7128 in

67.5434 205.764 11.7546 8.7128 the
82.2275 205.764 29.8039 8.7128 relevant
114.997 205.764 48.0452 8.7128 international
165.966 205.764 17.0994 8.7128 fora.

41.9182 260.035 13.5447 7.7447 (11)
67.5434 259.339 42.3262 8.7128 Non-equity
114.6 259.339 34.429 8.7128 securities
153.946 259.339 22.8087 8.7128 issued
181.443 259.339 9.20218 8.7128 by
195.333 259.339 4.07813 8.7128 a
204.12 259.339 31.1089 8.7128 Member
240.008 259.339 18.1933 8.7128 State
262.913 259.339 8.20424 8.7128 or
275.839 259.339 9.20218 8.7128 by

67.5434 270.167 13.9136 8.7128 one
84.7214 270.167 7.67648 8.7128 of
95.6633 270.167 4.07813 8.7128 a
103.09 270.167 31.1089 8.7128 Member
137.561 270.167 23.3845 8.7128 State's
164.208 270.167 30.3893 8.7128 regional
197.998 270.167 8.20424 8.7128 or
209.506 270.167 17.6559 8.7128 local
230.427 270.167 41.9616 8.7128 authorities,
275.84 270.167 9.20218 8.7128 by

67.5434 280.712 23.3365 8.7128 public
97.9883 280.712 48.0452 8.7128 international
153.096 280.712 24.2481 8.7128 bodies
184.334 280.712 7.67648 8.7128 of
198.961 280.712 22.9719 8.7128 which
229.066 280.712 13.9136 8.7128 one
249.986 280.712 8.20424 8.7128 or
265.237 280.712 19.7957 8.7128 more

67.5434 291.257 31.1089 8.7128 Member
103.374 291.257 21.6381 8.7128 States
129.624 291.257 11.294 8.7128 are
145.669 291.257 36.7895 8.7128 members,
187.113 291.257 9.20218 8.7128 by
200.946 291.257 11.7546 8.7128 the
217.387 291.257 35.7724 8.7128 European
257.924 291.257 27.098 8.7128 Central

67.5434 301.858 18.8937 8.7128 Bank
90.2783 301.858 8.20424 8.7128 or
102.298 301.858 9.20218 8.7128 by
115.337 301.858 11.7546 8.7128 the
130.985 301.858 25.4379 8.7128 central
160.353 301.858 22.0027 8.7128 banks
186.092 301.858 7.67648 8.7128 of
197.545 301.858 11.7546 8.7128 the
213.192 301.858 31.1089 8.7128 Member
248.23 301.858 21.6381 8.7128 States
273.629 301.858 11.294 8.7128 are

67.5434 312.402 12.7813 8.7128 not
83.1909 312.402 29.209 8.7128 covered
115.45 312.402 9.20218 8.7128 by
127.64 312.402 13.597 8.7128 this
144.194 312.402 33.5942 8.7128 Directive
180.933 312.402 13.8369 8.7128 and
197.714 312.402 16.1206 8.7128 thus
216.764 312.402 26.3015 8.7128 remain
246.132 312.402 38.8814 8.7128 unaffected

67.5434 322.947 9.20218 8.7128 by
81.7171 322.947 13.597 8.7128 this
100.256 322.947 35.6764 8.7128 Directive;
141.133 322.947 11.7546 8.7128 the
157.858 322.947 62.6113 8.7128 abovementioned
225.439 322.947 24.7758 8.7128 issuers
255.147 322.947 7.67648 8.7128 of
267.734 322.947 17.2721 8.7128 such

67.5434 333.492 34.429 8.7128 securities
106.55 333.492 18.1837 8.7128 may,
129.114 333.492 34.2467 8.7128 however,
167.95 333.492 5.08567 8.7128 if
177.418 333.492 16.1398 8.7128 they
197.998 333.492 8.38655 8.7128 so
210.754 333.492 28.3166 8.7128 choose,
243.411 333.492 18.769 8.7128 draw
266.598 333.492 9.86428 8.7128 up
280.942 333.492 4.07813 8.7128 a

67.5434 344.036 40.6949 8.7128 prospectus
111.085 344.036 7.36942 8.7128 in
121.404 344.036 41.9903 8.7128 accordance
166.363 344.036 16.8403 8.7128 with
186.092 344.036 13.597 8.7128 this
202.59 344.036 35.6764 8.7128 Directive.

41.9182 398.309 13.5447 7.7447 (12)
67.5434 397.613 13.7313 8.7128 Full
84.6648 397.613 32.9993 8.7128 coverage
121.347 397.613 7.67648 8.7128 of
132.345 397.613 23.0582 8.7128 equity
158.991 397.613 13.8369 8.7128 and
176.284 397.613 40.9348 8.7128 non-equity
220.676 397.613 34.429 8.7128 securities
258.718 397.613 26.3207 8.7128 offered

67.5434 408.442 7.76284 8.7128 to
82.0001 408.442 11.7546 8.7128 the
100.595 408.442 23.3365 8.7128 public
130.814 408.442 8.20424 8.7128 or
145.781 408.442 33.1432 8.7128 admitted
185.694 408.442 7.76284 8.7128 to
200.151 408.442 26.7237 8.7128 trading
233.771 408.442 9.96023 8.7128 on
250.438 408.442 34.4674 8.7128 regulated

67.5434 418.986 29.8423 8.7128 markets
101.9 418.986 7.52295 8.7128 as
113.977 418.986 27.4914 8.7128 defined
146.066 418.986 9.20218 8.7128 by
159.843 418.986 29.1226 8.7128 Council
193.519 418.986 33.5942 8.7128 Directive
231.845 418.986 40.9252 8.7128 93/22/EEC
277.428 418.986 7.67648 8.7128 of

67.5434 429.587 10.2289 8.7128 10
82.3408 429.587 15.9479 8.7128 May
102.978 429.587 20.4578 8.7128 1993
127.98 429.587 9.96023 8.7128 on
142.494 429.587 41.405 8.7128 investment
188.473 429.587 28.7676 8.7128 services
222.036 429.587 7.36942 8.7128 in
233.998 429.587 11.7546 8.7128 the
250.439 429.587 34.429 8.7128 securities

67.5434 440.132 16.111 8.7128 field
86.0255 440.132 2.50445 8.7128 (
88.5197 439.658 2.86402 4.87905 1
91.3544 440.132 4.5867 8.7128 ),
103.544 440.132 13.8369 8.7128 and
124.917 440.132 12.7813 8.7128 not
145.157 440.132 16.6772 8.7128 only
169.366 440.132 34.429 8.7128 securities
211.49 440.132 22.9719 8.7128 which
242.162 440.132 17.3968 8.7128 have
267.221 440.132 17.7423 8.7128 been

67.5429 450.677 33.1432 8.7128 admitted
104.678 450.677 7.76284 8.7128 to
116.47 450.677 11.7546 8.7128 the
132.344 450.677 25.4955 8.7128 official
161.939 450.677 14.3934 8.7128 lists
180.308 450.677 7.67648 8.7128 of
191.986 450.677 19.8245 8.7128 stock
215.798 450.677 40.4167 8.7128 exchanges,
260.473 450.677 5.79574 8.7128 is
270.337 450.677 14.7964 8.7128 also

67.5429 461.222 26.3591 8.7128 needed
98.3851 461.222 7.76284 8.7128 to
110.574 461.222 24.5072 8.7128 ensure
139.659 461.222 30.1782 8.7128 investor
174.299 461.222 41.1555 8.7128 protection.
219.995 461.222 14.1151 8.7128 The
238.648 461.222 17.7327 8.7128 wide
260.929 461.222 24.0466 8.7128 defini-

67.5429 471.766 15.1323 8.7128 tion
89.7107 471.766 7.67648 8.7128 of
104.395 471.766 34.429 8.7128 securities
146.066 471.766 7.36942 8.7128 in
160.522 471.766 13.597 8.7128 this
181.215 471.766 35.6764 8.7128 Directive,
224.19 471.766 22.9719 8.7128 which
254.352 471.766 30.6867 8.7128 includes

67.5429 482.311 32.6538 8.7128 warrants
104.621 482.311 13.8369 8.7128 and
122.82 482.311 29.209 8.7128 covered
156.554 482.311 32.6538 8.7128 warrants
193.632 482.311 13.8369 8.7128 and
211.831 482.311 41.7984 8.7128 certificates,
258.207 482.311 5.79574 8.7128 is
268.412 482.311 16.6772 8.7128 only

67.5429 492.912 17.8862 8.7128 valid
91.1279 492.912 10.939 8.7128 for
107.739 492.912 13.597 8.7128 this
127.015 492.912 33.5942 8.7128 Directive
166.531 492.912 13.8369 8.7128 and
186.034 492.912 49.3886 8.7128 consequently
241.142 492.912 7.36942 8.7128 in
254.238 492.912 9.96023 8.7128 no
269.829 492.912 15.1515 8.7128 way

67.5429 503.457 23.7395 8.7128 affects
96.3441 503.457 11.7546 8.7128 the
113.296 503.457 27.3379 8.7128 various
145.782 503.457 39.7258 8.7128 definitions
190.628 503.457 7.67648 8.7128 of
203.327 503.457 31.9342 8.7128 financial
240.462 503.457 44.6483 8.7128 instruments

67.5429 514.001 17.0159 8.7128 used
88.636 514.001 7.37038 8.7128 in
100.089 514.001 30.6455 8.7128 national
134.752 514.001 38.0849 8.7128 legislation
176.943 514.001 10.9409 8.7128 for
191.969 514.001 19.9627 8.7128 other
216.068 514.001 35.9912 8.7128 purposes,
256.16 514.001 17.275 8.7128 such
277.537 514.001 7.52391 8.7128 as

67.5429 524.546 32.673 8.7128 taxation.
103.658 524.546 21.0527 8.7128 Some
128.093 524.546 7.67648 8.7128 of
139.148 524.546 11.7546 8.7128 the
154.399 524.546 34.429 8.7128 securities
192.442 524.546 27.4914 8.7128 defined
223.341 524.546 7.36942 8.7128 in
234.226 524.546 13.597 8.7128 this
251.234 524.546 33.5942 8.7128 Directive

67.5429 535.091 23.2501 8.7128 entitle
94.4164 535.091 11.7546 8.7128 the
109.837 535.091 24.2097 8.7128 holder
137.618 535.091 7.76284 8.7128 to
148.957 535.091 27.1651 8.7128 acquire
179.912 535.091 43.7559 8.7128 transferable
227.31 535.091 34.429 8.7128 securities
265.522 535.091 8.20424 8.7128 or
277.314 535.091 7.76284 8.7128 to

67.5429 545.635 25.8314 8.7128 receive
97.4207 545.635 4.07813 8.7128 a
105.244 545.635 16.4756 8.7128 cash
125.541 545.635 29.3721 8.7128 amount
158.594 545.635 30.3125 8.7128 through
192.724 545.635 4.07813 8.7128 a
200.604 545.635 16.4756 8.7128 cash
220.901 545.635 38.7566 8.7128 settlement
263.309 545.635 21.6285 8.7128 deter-

67.5429 556.236 23.7011 8.7128 mined
94.9835 556.236 9.20218 8.7128 by
107.91 556.236 34.0644 8.7128 reference
145.895 556.236 7.76284 8.7128 to
157.347 556.236 19.9588 8.7128 other
181.102 556.236 46.7306 8.7128 instruments,
231.504 556.236 28.3934 8.7128 notably
263.537 556.236 21.5229 8.7128 trans-

67.5429 566.781 25.1309 8.7128 ferable
99.122 566.781 36.5113 8.7128 securities,
142.21 566.781 40.148 8.7128 currencies,
189.04 566.781 27.6257 8.7128 interest
223.114 566.781 17.5599 8.7128 rates
247.152 566.781 8.20424 8.7128 or
261.722 566.781 23.2885 8.7128 yields,

67.5429 577.326 48.7936 8.7128 commodities
121.063 577.326 8.20424 8.7128 or
134.046 577.326 19.9588 8.7128 other
158.879 577.326 25.8314 8.7128 indices
189.608 577.326 8.20424 8.7128 or
202.647 577.326 36.732 8.7128 measures.
244.261 577.326 40.7717 8.7128 Depositary

67.5429 587.87 28.7484 8.7128 receipts
100.029 587.87 13.8369 8.7128 and
117.378 587.87 41.808 8.7128 convertible
162.904 587.87 22.2618 8.7128 notes,
188.643 587.87 12.5702 8.7128 e.g.
204.971 587.87 34.429 8.7128 securities
243.127 587.87 41.808 8.7128 convertible

67.5429 598.415 6.89924 8.7128 at
77.5214 598.415 11.7546 8.7128 the
92.3754 598.415 25.0637 8.7128 option
120.44 598.415 7.67648 8.7128 of
131.098 598.415 11.7546 8.7128 the
146.009 598.415 32.2604 8.7128 investor,
181.33 598.415 11.4763 8.7128 fall
195.844 598.415 24.2097 8.7128 within
223.171 598.415 11.7546 8.7128 the
238.082 598.415 36.281 8.7128 definition
277.427 598.415 7.67648 8.7128 of

67.5429 609.016 40.9348 8.7128 non-equity
111.425 609.016 34.429 8.7128 securities
148.844 609.016 10.2193 8.7128 set
161.94 609.016 12.6374 8.7128 out
177.417 609.016 7.36942 8.7128 in
187.679 609.016 13.597 8.7128 this
204.177 609.016 35.6764 8.7128 Directive.

41.9182 663.292 13.5447 7.7447 (13)
67.5434 662.595 31.4256 8.7128 Issuance
102.751 662.595 7.67648 8.7128 of
114.203 662.595 34.429 8.7128 securities
152.642 662.595 25.2652 8.7128 having
181.896 662.595 4.07813 8.7128 a
189.834 662.595 25.4571 8.7128 similar
219.145 662.595 16.1494 8.7128 type
239.215 662.595 24.8046 8.7128 and/or
267.847 662.595 17.2721 8.7128 class

67.5434 673.367 7.36942 8.7128 in
77.8615 673.367 11.7546 8.7128 the
92.6023 673.367 15.4489 8.7128 case
111.028 673.367 7.67648 8.7128 of
121.573 673.367 40.9348 8.7128 non-equity
165.512 673.367 34.429 8.7128 securities
203.044 673.367 22.8087 8.7128 issued
228.783 673.367 9.96023 8.7128 on
241.653 673.367 11.7546 8.7128 the
256.393 673.367 18.1357 8.7128 basis
277.427 673.367 7.67648 8.7128 of

67.5434 683.969 9.09663 8.7128 an
81.0367 683.969 29.4489 8.7128 offering
114.883 683.969 46.2988 8.7128 programme,
165.682 683.969 35.1103 8.7128 including
205.256 683.969 32.6538 8.7128 warrants
242.334 683.969 13.8369 8.7128 and
260.533 683.969 24.344 8.7128 certifi-

67.5434 694.513 18.27 8.7128 cates
89.0308 694.513 7.36942 8.7128 in
99.633 694.513 13.4818 8.7128 any
116.302 694.513 20.6593 8.7128 form,
140.113 694.513 7.52295 8.7128 as
150.772 694.513 15.305 8.7128 well
169.254 694.513 7.52295 8.7128 as
179.969 694.513 11.7546 8.7128 the
194.993 694.513 15.4489 8.7128 case
213.646 694.513 7.67648 8.7128 of
224.475 694.513 34.429 8.7128 securities
262.233 694.513 22.8087 8.7128 issued

67.5434 705.058 7.36942 8.7128 in
79.1656 705.058 4.07813 8.7128 a
87.4994 705.058 42.259 8.7128 continuous
133.932 705.058 8.20424 8.7128 or
146.348 705.058 31.7518 8.7128 repeated
182.463 705.058 31.0514 8.7128 manner,
217.785 705.058 25.3132 8.7128 should
247.209 705.058 8.77038 8.7128 be
260.249 705.058 24.7471 8.7128 under-

67.5434 715.603 20.8896 8.7128 stood
92.4891 715.603 7.52295 8.7128 as
104.225 715.603 32.3372 8.7128 covering
140.963 715.603 12.7813 8.7128 not
157.915 715.603 16.6772 8.7128 only
178.778 715.603 31.6175 8.7128 identical
214.723 715.603 34.429 8.7128 securities
253.559 715.603 12.5127 8.7128 but
270.341 715.603 14.7964 8.7128 also

67.5434 726.147 34.429 8.7128 securities
106.039 726.147 14.7005 8.7128 that
124.635 726.147 25.5147 8.7128 belong
154.06 726.147 7.36942 8.7128 in
165.399 726.147 27.05 8.7128 general
196.525 726.147 21.1199 8.7128 terms
221.527 726.147 7.76284 8.7128 to
233.149 726.147 13.9136 8.7128 one
250.951 726.147 33.9492 8.7128 category.

67.5434 736.748 21.5133 8.7128 These
92.8863 736.748 34.429 8.7128 securities
131.269 736.748 16.1014 8.7128 may
151.168 736.748 27.2419 8.7128 include
182.237 736.748 31.5695 8.7128 different
217.615 736.748 35.1295 8.7128 products,
256.451 736.748 17.2721 8.7128 such
277.541 736.748 7.52295 8.7128 as

67.5434 747.293 16.3317 8.7128 debt
89.0874 747.293 36.5113 8.7128 securities,
131.098 747.293 39.7162 8.7128 certificates
176.227 747.293 13.8369 8.7128 and
195.333 747.293 34.7361 8.7128 warrants,
235.36 747.293 8.20424 8.7128 or
248.853 747.293 11.7546 8.7128 the
265.918 747.293 19.1144 8.7128 same

336.213 76.8964 29.6024 8.7128 product
371.704 76.8964 21.8492 8.7128 under
399.484 76.8964 11.7546 8.7128 the
417.229 76.8964 19.1144 8.7128 same
442.231 76.8964 46.2988 8.7128 programme,
494.504 76.8964 13.8369 8.7128 and
514.234 76.8964 16.1014 8.7128 may
536.232 76.8964 17.3968 8.7128 have

336.213 87.441 31.5695 8.7128 different
371.591 87.441 29.1226 8.7128 features
404.587 87.441 28.3934 8.7128 notably
436.677 87.441 7.36942 8.7128 in
447.901 87.441 21.1199 8.7128 terms
472.791 87.441 7.67648 8.7128 of
484.186 87.441 34.6113 8.7128 seniority,
522.682 87.441 19.5942 8.7128 types
546.097 87.441 7.67648 8.7128 of

336.213 97.9856 42.4701 8.7128 underlying,
384.63 97.9856 8.20424 8.7128 or
398.634 97.9856 11.7546 8.7128 the
416.266 97.9856 18.1357 8.7128 basis
440.134 97.9856 9.96023 8.7128 on
455.895 97.9856 22.9719 8.7128 which
484.809 97.9856 7.76284 8.7128 to
498.302 97.9856 37.6915 8.7128 determine
541.901 97.9856 11.7546 8.7128 the

336.213 108.53 43.6696 8.7128 redemption
382.759 108.53 29.3721 8.7128 amount
414.962 108.53 8.20424 8.7128 or
426.017 108.53 28.7388 8.7128 coupon
457.596 108.53 34.9664 8.7128 payment.

310.643 158.725 13.5447 7.7447 (14)
336.211 158.029 14.1151 8.7128 The
356.791 158.029 19.6326 8.7128 grant
382.871 158.029 7.76284 8.7128 to
396.988 158.029 11.7546 8.7128 the
415.187 158.029 21.331 8.7128 issuer
442.967 158.029 7.67648 8.7128 of
456.971 158.029 4.07813 8.7128 a
467.459 158.029 21.5517 8.7128 single
495.409 158.029 34.0548 8.7128 passport,
535.832 158.029 17.8862 8.7128 valid

336.211 168.857 42.9499 8.7128 throughout
383.268 168.857 11.7546 8.7128 the
399.142 168.857 47.3831 8.7128 Community,
450.45 168.857 13.8369 8.7128 and
468.309 168.857 11.7546 8.7128 the
484.183 168.857 41.9232 8.7128 application
530.219 168.857 7.67648 8.7128 of
541.897 168.857 11.7546 8.7128 the

336.211 179.402 29.2762 8.7128 country
369.661 179.402 7.67648 8.7128 of
381.453 179.402 22.3769 8.7128 origin
408.1 179.402 33.22 8.7128 principle
445.633 179.402 26.3303 8.7128 require
476.418 179.402 11.7546 8.7128 the
492.349 179.402 49.5037 8.7128 identification
546.096 179.402 7.67648 8.7128 of

336.211 189.947 11.7546 8.7128 the
351.519 189.947 21.5133 8.7128 home
376.521 189.947 31.1089 8.7128 Member
411.275 189.947 18.1933 8.7128 State
432.989 189.947 7.52295 8.7128 as
443.988 189.947 11.7546 8.7128 the
459.352 189.947 13.9136 8.7128 one
476.758 189.947 15.0363 8.7128 best
495.24 189.947 24.0658 8.7128 placed
522.907 189.947 7.76284 8.7128 to
534.132 189.947 19.4407 8.7128 regu-

336.211 200.548 13.1844 8.7128 late
352.256 200.548 11.7546 8.7128 the
366.94 200.548 21.331 8.7128 issuer
391.205 200.548 10.939 8.7128 for
404.982 200.548 11.7546 8.7128 the
419.666 200.548 33.9013 8.7128 purposes
456.461 200.548 7.67648 8.7128 of
466.949 200.548 13.597 8.7128 this
483.39 200.548 35.6764 8.7128 Directive.

310.643 250.681 13.5447 7.7447 (15)
336.211 249.984 14.1151 8.7128 The
354.184 249.984 37.3173 8.7128 disclosure
395.231 249.984 49.2062 8.7128 requirements
448.354 249.984 7.67648 8.7128 of
459.75 249.984 11.7546 8.7128 the
475.284 249.984 27.4434 8.7128 present
506.58 249.984 33.5942 8.7128 Directive
544.112 249.984 9.68196 8.7128 do

336.211 260.813 12.7813 8.7128 not
351.972 260.813 28.3838 8.7128 prevent
383.551 260.813 4.07813 8.7128 a
390.694 260.813 31.1089 8.7128 Member
424.994 260.813 18.1933 8.7128 State
446.254 260.813 8.20424 8.7128 or
457.537 260.813 4.07813 8.7128 a
464.68 260.813 40.1096 8.7128 competent
507.824 260.813 34.5154 8.7128 authority
545.527 260.813 8.20424 8.7128 or

336.211 271.358 9.09663 8.7128 an
348.683 271.358 34.8896 8.7128 exchange
387.122 271.358 30.3125 8.7128 through
420.912 271.358 8.61685 8.7128 its
432.875 271.358 14.4222 8.7128 rule
450.734 271.358 19.3447 8.7128 book
473.298 271.358 7.76284 8.7128 to
484.409 271.358 27.3187 8.7128 impose
515.024 271.358 19.9588 8.7128 other
538.439 271.358 15.2282 8.7128 par-

336.211 281.959 23.6915 8.7128 ticular
366.259 281.959 49.2062 8.7128 requirements
421.933 281.959 7.36942 8.7128 in
435.596 281.959 11.7546 8.7128 the
453.682 281.959 28.0096 8.7128 context
487.983 281.959 7.67648 8.7128 of
501.816 281.959 38.0082 8.7128 admission
545.981 281.959 7.76284 8.7128 to

336.211 292.504 26.7237 8.7128 trading
369.094 292.504 7.67648 8.7128 of
382.814 292.504 34.429 8.7128 securities
423.52 292.504 9.96023 8.7128 on
439.508 292.504 4.07813 8.7128 a
449.713 292.504 34.4674 8.7128 regulated
490.419 292.504 26.3975 8.7128 market
522.905 292.504 30.8978 8.7128 (notably

336.211 303.048 35.5709 8.7128 regarding
379.469 303.048 36.2234 8.7128 corporate
423.237 303.048 47.623 8.7128 governance).
478.458 303.048 18.3468 8.7128 Such
504.311 303.048 49.2062 8.7128 requirements

336.211 313.593 16.1014 8.7128 may
356.905 313.593 12.7813 8.7128 not
374.197 313.593 27.8176 8.7128 directly
406.74 313.593 8.20424 8.7128 or
419.496 313.593 35.1871 8.7128 indirectly
459.409 313.593 25.8889 8.7128 restrict
490.024 313.593 11.7546 8.7128 the
506.408 313.593 30.5908 8.7128 drawing
541.729 313.593 11.9465 8.7128 up,

336.211 324.137 11.7546 8.7128 the
354.75 324.137 28.5469 8.7128 content
389.957 324.137 13.8369 8.7128 and
410.48 324.137 11.7546 8.7128 the
429.019 324.137 52.1521 8.7128 dissemination
487.868 324.137 7.67648 8.7128 of
502.155 324.137 4.07813 8.7128 a
513.041 324.137 40.6949 8.7128 prospectus

336.211 334.682 35.3406 8.7128 approved
374.48 334.682 9.20218 8.7128 by
386.556 334.682 4.07813 8.7128 a
393.529 334.682 40.1096 8.7128 competent
436.504 334.682 36.5976 8.7128 authority.

310.643 384.873 13.5447 7.7447 (16)
336.211 384.177 15.9479 8.7128 One
357.755 384.177 7.67648 8.7128 of
370.851 384.177 11.7546 8.7128 the
388.2 384.177 36.9239 8.7128 objectives
430.721 384.177 7.67648 8.7128 of
443.874 384.177 13.597 8.7128 this
463.036 384.177 33.5942 8.7128 Directive
502.325 384.177 5.79574 8.7128 is
513.664 384.177 7.76284 8.7128 to
526.93 384.177 26.7621 8.7128 protect

336.211 395.005 35.7052 8.7128 investors.
375.954 395.005 5.4599 8.7128 It
385.365 395.005 5.79574 8.7128 is
395.173 395.005 33.8629 8.7128 therefore
433.216 395.005 43.7176 8.7128 appropriate
481.123 395.005 7.76284 8.7128 to
492.858 395.005 15.4969 8.7128 take
512.361 395.005 29.6792 8.7128 account
546.095 395.005 7.67648 8.7128 of

336.211 405.55 11.7546 8.7128 the
351.972 405.55 31.5695 8.7128 different
387.576 405.55 49.2062 8.7128 requirements
440.983 405.55 10.939 8.7128 for
455.837 405.55 39.0733 8.7128 protection
498.926 405.55 7.67648 8.7128 of
510.548 405.55 11.7546 8.7128 the
526.308 405.55 27.3379 8.7128 various

336.211 416.151 37.2309 8.7128 categories
380.377 416.151 7.67648 8.7128 of
394.777 416.151 33.623 8.7128 investors
435.144 416.151 13.8369 8.7128 and
455.78 416.151 17.368 8.7128 their
480.045 416.151 16.9554 8.7128 level
503.857 416.151 7.67648 8.7128 of
518.2 416.151 35.2926 8.7128 expertise.

336.211 426.696 39.1213 8.7128 Disclosure
380.093 426.696 33.3639 8.7128 provided
418.249 426.696 9.20218 8.7128 by
432.252 426.696 11.7546 8.7128 the
448.863 426.696 40.6949 8.7128 prospectus
494.333 426.696 5.79574 8.7128 is
504.934 426.696 12.7813 8.7128 not
522.396 426.696 31.0706 8.7128 required

336.211 437.24 10.939 8.7128 for
350.895 437.24 21.0719 8.7128 offers
375.671 437.24 26.1864 8.7128 limited
405.662 437.24 7.76284 8.7128 to
417.171 437.24 32.0877 8.7128 qualified
453.172 437.24 35.7052 8.7128 investors.
492.632 437.24 7.65729 8.7128 In
504.027 437.24 32.4427 8.7128 contrast,
540.199 437.24 13.4818 8.7128 any

336.211 447.785 21.024 8.7128 resale
360.646 447.785 7.76284 8.7128 to
371.701 447.785 11.7546 8.7128 the
386.838 447.785 23.3365 8.7128 public
413.599 447.785 8.20424 8.7128 or
425.164 447.785 23.3365 8.7128 public
451.924 447.785 26.7237 8.7128 trading
482.086 447.785 30.3125 8.7128 through
515.82 447.785 38.0082 8.7128 admission

336.211 458.33 7.76284 8.7128 to
346.87 458.33 26.7237 8.7128 trading
376.634 458.33 9.96023 8.7128 on
389.447 458.33 4.07813 8.7128 a
396.534 458.33 34.4674 8.7128 regulated
434.066 458.33 26.3975 8.7128 market
463.434 458.33 29.7751 8.7128 requires
496.374 458.33 11.7546 8.7128 the
511.115 458.33 42.5469 8.7128 publication

336.211 468.874 7.67648 8.7128 of
346.699 468.874 4.07813 8.7128 a
353.672 468.874 42.7772 8.7128 prospectus.

310.643 519.065 13.5447 7.7447 (17)
336.211 518.369 27.146 8.7128 Issuers,
367.28 518.369 29.2762 8.7128 offerors
400.446 518.369 8.20424 8.7128 or
412.579 518.369 29.0555 8.7128 persons
445.575 518.369 23.989 8.7128 asking
473.525 518.369 10.939 8.7128 for
488.379 518.369 11.7546 8.7128 the
504.14 518.369 38.0082 8.7128 admission
545.98 518.369 7.76284 8.7128 to

336.211 529.197 26.7237 8.7128 trading
367.903 529.197 9.96023 8.7128 on
382.644 529.197 4.07813 8.7128 a
391.658 529.197 34.4674 8.7128 regulated
431.118 529.197 26.3975 8.7128 market
462.413 529.197 7.67648 8.7128 of
474.886 529.197 34.429 8.7128 securities
514.346 529.197 22.9719 8.7128 which
542.296 529.197 11.294 8.7128 are

336.211 539.742 36.5304 8.7128 exempted
377.428 539.742 18.5771 8.7128 from
400.502 539.742 11.7546 8.7128 the
416.887 539.742 38.1041 8.7128 obligation
459.635 539.742 7.76284 8.7128 to
471.938 539.742 27.7889 8.7128 publish
504.311 539.742 4.07813 8.7128 a
513.042 539.742 40.6949 8.7128 prospectus

336.211 550.287 13.7025 8.7128 will
352.993 550.287 25.649 8.7128 benefit
381.794 550.287 18.5771 8.7128 from
403.395 550.287 11.7546 8.7128 the
418.305 550.287 21.5517 8.7128 single
443.024 550.287 31.9725 8.7128 passport
478.005 550.287 5.08567 8.7128 if
486.226 550.287 16.1398 8.7128 they
505.502 550.287 28.259 8.7128 comply
536.797 550.287 16.8403 8.7128 with

336.211 560.888 13.597 8.7128 this
352.709 560.888 35.6764 8.7128 Directive.

310.643 611.021 13.5447 7.7447 (18)
336.211 610.325 14.1151 8.7128 The
354.75 610.325 35.686 8.7128 provision
394.776 610.325 7.67648 8.7128 of
406.739 610.325 12.2728 8.7128 full
423.236 610.325 45.1569 8.7128 information
472.673 610.325 41.9616 8.7128 concerning
519.106 610.325 34.429 8.7128 securities

336.211 621.153 13.8369 8.7128 and
354.353 621.153 24.7758 8.7128 issuers
383.494 621.153 7.67648 8.7128 of
395.457 621.153 20.1412 8.7128 those
419.892 621.153 34.429 8.7128 securities
458.842 621.153 38.0753 8.7128 promotes,
501.193 621.153 31.1857 8.7128 together
536.797 621.153 16.8403 8.7128 with

336.211 631.698 17.867 8.7128 rules
357.018 631.698 9.96023 8.7128 on
369.774 631.698 11.7546 8.7128 the
384.459 631.698 30.3413 8.7128 conduct
417.681 631.698 7.67648 8.7128 of
428.169 631.698 33.4311 8.7128 business,
464.454 631.698 11.7546 8.7128 the
479.138 631.698 39.0733 8.7128 protection
521.15 631.698 7.67648 8.7128 of
531.638 631.698 22.0507 8.7128 inves-

336.211 642.299 16.5524 8.7128 tors.
357.358 642.299 38.2673 8.7128 Moreover,
400.446 642.299 17.2721 8.7128 such
422.444 642.299 45.1569 8.7128 information
472.165 642.299 32.0685 8.7128 provides
508.961 642.299 9.09663 8.7128 an
522.737 642.299 30.8594 8.7128 effective

336.211 652.844 24.1329 8.7128 means
363.765 652.844 7.67648 8.7128 of
374.763 652.844 37.9026 8.7128 increasing
416.321 652.844 40.6566 8.7128 confidence
460.43 652.844 7.36942 8.7128 in
471.315 652.844 34.429 8.7128 securities
509.301 652.844 13.8369 8.7128 and
526.593 652.844 16.1206 8.7128 thus
546.096 652.844 7.67648 8.7128 of

336.211 663.388 46.7018 8.7128 contributing
386.272 663.388 7.76284 8.7128 to
397.271 663.388 11.7546 8.7128 the
412.295 663.388 25.3996 8.7128 proper
441.096 663.388 43.5544 8.7128 functioning
487.926 663.388 13.8369 8.7128 and
505.048 663.388 48.7265 8.7128 development

336.211 673.933 7.67648 8.7128 of
347.379 673.933 34.429 8.7128 securities
385.535 673.933 31.9246 8.7128 markets.
420.97 673.933 14.1151 8.7128 The
438.772 673.933 43.7176 8.7128 appropriate
486.226 673.933 15.1515 8.7128 way
504.992 673.933 7.76284 8.7128 to
516.274 673.933 20.3139 8.7128 make
540.142 673.933 13.597 8.7128 this

336.211 684.477 45.1569 8.7128 information
384.175 684.477 32.4043 8.7128 available
419.553 684.477 5.79574 8.7128 is
428.227 684.477 7.76284 8.7128 to
438.773 684.477 27.7889 8.7128 publish
469.445 684.477 4.07813 8.7128 a
476.418 684.477 42.7772 8.7128 prospectus.

310.643 734.668 13.5447 7.7447 (19)
336.211 733.972 41.6929 8.7128 Investment
382.077 733.972 7.36942 8.7128 in
393.699 733.972 36.5113 8.7128 securities,
434.633 733.972 13.2803 8.7128 like
452.208 733.972 13.4818 8.7128 any
469.954 733.972 19.9588 8.7128 other
494.219 733.972 18.5771 8.7128 form
516.953 733.972 7.67648 8.7128 of
528.801 733.972 24.8718 8.7128 invest-

336.211 744.801 21.5133 8.7128 ment,
361.213 744.801 30.8115 8.7128 involves
395.514 744.801 15.7848 8.7128 risk.
414.79 744.801 40.1384 8.7128 Safeguards
458.502 744.801 10.939 8.7128 for
472.902 744.801 11.7546 8.7128 the
488.21 744.801 39.0733 8.7128 protection
530.788 744.801 7.67648 8.7128 of
541.899 744.801 11.7546 8.7128 the

336.211 755.345 31.0706 8.7128 interests
370.511 755.345 7.67648 8.7128 of
381.34 755.345 22.1562 8.7128 actual
406.796 755.345 13.8369 8.7128 and
423.804 755.345 33.3063 8.7128 potential
460.316 755.345 33.623 8.7128 investors
497.168 755.345 11.294 8.7128 are
511.795 755.345 31.0706 8.7128 required
546.322 755.345 7.36942 8.7128 in

336.211 765.89 8.74159 8.7128 all
348.911 765.89 31.1089 8.7128 Member
384.118 765.89 21.6381 8.7128 States
409.687 765.89 7.36942 8.7128 in
421.083 765.89 20.1604 8.7128 order
445.292 765.89 7.76284 8.7128 to
457.027 765.89 24.1521 8.7128 enable
485.205 765.89 19.3927 8.7128 them
508.62 765.89 7.76284 8.7128 to
520.299 765.89 20.3139 8.7128 make
544.621 765.89 9.09663 8.7128 an

336.211 776.491 34.6401 8.7128 informed
376.634 776.491 41.2419 8.7128 assessment
423.578 776.491 7.67648 8.7128 of
437.015 776.491 17.2721 8.7128 such
460.146 776.491 17.1473 8.7128 risks
483.107 776.491 13.8369 8.7128 and
502.723 776.491 16.1206 8.7128 thus
524.664 776.491 7.76284 8.7128 to
538.214 776.491 15.4969 8.7128 take

336.211 787.036 41.405 8.7128 investment
380.49 787.036 34.2179 8.7128 decisions
417.568 787.036 7.36942 8.7128 in
427.83 787.036 12.2728 8.7128 full
442.91 787.036 40.7237 8.7128 knowledge
486.452 787.036 7.67648 8.7128 of
496.94 787.036 11.7546 8.7128 the
511.624 787.036 19.1336 8.7128 facts.

41.9182 51.2759 45.0801 8.7128 31.12.2003

517.914 51.2759 4.55791 8.7128 L
525.397 51.2759 28.3358 8.7128 345/65

223.846 51.2759 27.5298 8.7128 Official
254.348 51.2759 27.098 8.7128 Journal
284.283 51.2759 7.67648 8.7128 of
294.771 51.2759 11.7546 8.7128 the
309.455 51.2759 35.7724 8.7128 European
348.235 51.2759 23.634 8.7128 Union

120.154 52.1989 9.8344 7.7447 EN

41.9182 770.668 2.22617 7.7447 (
44.1859 770.227 2.54582 4.33697 1
46.6804 770.668 2.22617 7.7447 )
53.2003 770.668 8.50381 7.7447 OJ
64.709 770.668 4.05147 7.7447 L
71.7952 770.668 15.4894 7.7447 141,
90.2204 770.668 37.3758 7.7447 11.6.1993,
130.529 770.668 6.28617 7.7447 p.
139.827 770.668 10.9432 7.7447 27.
153.716 770.668 29.8614 7.7447 Directive
186.711 770.668 6.68705 7.7447 as
196.405 770.668 11.2673 7.7447 last
210.579 770.668 30.3305 7.7447 amended
243.857 770.668 8.17969 7.7447 by
255.025 770.668 29.8614 7.7447 Directive

53.2003 779.172 41.3335 7.7447 2000/64/EC
98.0436 779.172 6.82352 7.7447 of
108.362 779.172 10.4485 7.7447 the
122.421 779.172 31.7976 7.7447 European
157.854 779.172 35.6188 7.7447 Parliament
197.029 779.172 12.2994 7.7447 and
212.846 779.172 6.82352 7.7447 of
223.164 779.172 10.4485 7.7447 the
237.224 779.172 25.8867 7.7447 Council
266.647 779.172 10.73 7.7447 (OJ
280.934 779.172 4.05147 7.7447 L

53.2003 787.733 15.4894 7.7447 290,
71.1717 787.733 41.922 7.7447 17.11.2000,
115.562 787.733 6.28617 7.7447 p.
124.463 787.733 13.1694 7.7447 27).

41.9182 78.5044 13.5447 7.7447 (20)
67.5434 77.8082 18.3468 8.7128 Such
90.3915 77.8082 47.2391 8.7128 information,
142.041 77.8082 22.9719 8.7128 which
169.595 77.8082 21.1103 8.7128 needs
195.107 77.8082 7.76284 8.7128 to
207.297 77.8082 8.77038 8.7128 be
220.506 77.8082 34.2563 8.7128 sufficient
259.286 77.8082 13.8369 8.7128 and
277.541 77.8082 7.52295 8.7128 as

67.5434 88.5802 33.479 8.7128 objective
106.606 88.5802 7.52295 8.7128 as
119.646 88.5802 30.2741 8.7128 possible
155.363 88.5802 7.52295 8.7128 as
168.346 88.5802 27.1939 8.7128 regards
201.116 88.5802 11.7546 8.7128 the
218.465 88.5802 31.9342 8.7128 financial
255.941 88.5802 28.9691 8.7128 circum-

67.5434 99.1814 26.7333 8.7128 stances
97.1948 99.1814 7.67648 8.7128 of
107.74 99.1814 11.7546 8.7128 the
122.538 99.1814 21.331 8.7128 issuer
146.86 99.1814 13.8369 8.7128 and
163.641 99.1814 11.7546 8.7128 the
178.382 99.1814 21.3118 8.7128 rights
202.761 99.1814 34.5729 8.7128 attaching
240.406 99.1814 7.76284 8.7128 to
251.065 99.1814 11.7546 8.7128 the
265.862 99.1814 19.1432 8.7128 secu-

67.5434 109.726 20.2659 8.7128 rities,
92.943 109.726 25.3132 8.7128 should
123.218 109.726 8.77038 8.7128 be
137.051 109.726 33.3639 8.7128 provided
175.49 109.726 7.36942 8.7128 in
187.906 109.726 9.09663 8.7128 an
202.079 109.726 20.5442 8.7128 easily
227.705 109.726 38.5167 8.7128 analysable
271.247 109.726 13.8369 8.7128 and

67.5434 120.271 59.6079 8.7128 comprehensible
130.475 120.271 20.6593 8.7128 form.
154.343 120.271 56.4317 8.7128 Harmonisation
213.987 120.271 7.67648 8.7128 of
224.872 120.271 11.7546 8.7128 the
239.952 120.271 45.1569 8.7128 information

67.5434 130.815 36.8951 8.7128 contained
109.158 130.815 7.36942 8.7128 in
121.234 130.815 11.7546 8.7128 the
137.731 130.815 40.6949 8.7128 prospectus
183.144 130.815 25.3132 8.7128 should
213.022 130.815 28.6237 8.7128 provide
246.416 130.815 38.44 8.7128 equivalent

67.5434 141.36 30.1782 8.7128 investor
100.596 141.36 39.0733 8.7128 protection
142.55 141.36 6.89924 8.7128 at
152.358 141.36 45.3008 8.7128 Community
200.436 141.36 19.0377 8.7128 level.

41.9182 188.262 13.5447 7.7447 (21)
67.5434 187.566 45.4448 8.7128 Information
118.399 187.566 5.79574 8.7128 is
129.795 187.566 4.07813 8.7128 a
139.489 187.566 12.9828 8.7128 key
158.028 187.566 21.8108 8.7128 factor
185.412 187.566 7.36942 8.7128 in
198.395 187.566 30.1782 8.7128 investor
234.169 187.566 41.1555 8.7128 protection;
280.943 187.566 4.07813 8.7128 a

67.5434 198.394 35.3214 8.7128 summary
106.833 198.394 38.4784 8.7128 conveying
149.41 198.394 11.7546 8.7128 the
165.171 198.394 31.3968 8.7128 essential
200.549 198.394 52.7662 8.7128 characteristics
257.528 198.394 9.75873 8.7128 of,
271.247 198.394 13.8369 8.7128 and

67.5434 208.939 17.1473 8.7128 risks
88.6902 208.939 37.8259 8.7128 associated
130.531 208.939 18.9225 8.7128 with,
153.549 208.939 11.7546 8.7128 the
169.366 208.939 23.4133 8.7128 issuer,
196.92 208.939 13.4818 8.7128 any
214.439 208.939 36.7895 8.7128 guarantor
255.372 208.939 13.8369 8.7128 and
273.231 208.939 11.7546 8.7128 the

67.5434 219.483 34.429 8.7128 securities
108.534 219.483 25.3132 8.7128 should
140.113 219.483 8.77038 8.7128 be
155.307 219.483 31.9821 8.7128 included
193.746 219.483 7.36942 8.7128 in
207.522 219.483 11.7546 8.7128 the
225.721 219.483 42.7772 8.7128 prospectus.
274.932 219.483 10.1234 8.7128 To

67.5434 230.028 24.5072 8.7128 ensure
97.6486 230.028 15.8615 8.7128 easy
119.023 230.028 22.8663 8.7128 access
147.427 230.028 7.76284 8.7128 to
160.636 230.028 13.597 8.7128 this
179.742 230.028 47.2391 8.7128 information,
232.411 230.028 11.7546 8.7128 the
249.76 230.028 35.3214 8.7128 summary

67.5434 240.629 25.3132 8.7128 should
101.164 240.629 8.77038 8.7128 be
118.398 240.629 26.9157 8.7128 written
153.775 240.629 7.36942 8.7128 in
169.593 240.629 51.3557 8.7128 non-technical
229.406 240.629 33.2392 8.7128 language
271.246 240.629 13.8369 8.7128 and

67.5434 251.174 33.9876 8.7128 normally
109.384 251.174 25.3132 8.7128 should
142.494 251.174 12.7813 8.7128 not
163.13 251.174 25.0541 8.7128 exceed
196.24 251.174 5.11445 8.7128 2
203.723 251.174 15.3434 8.7128 500
226.968 251.174 23.0774 8.7128 words
257.923 251.174 7.36942 8.7128 in
273.23 251.174 11.7546 8.7128 the

67.5434 261.718 33.2392 8.7128 language
104.848 261.718 7.36942 8.7128 in
116.187 261.718 22.9719 8.7128 which
143.231 261.718 11.7546 8.7128 the
158.935 261.718 40.6949 8.7128 prospectus
203.553 261.718 14.2111 8.7128 was
221.696 261.718 35.5037 8.7128 originally
261.212 261.718 23.7875 8.7128 drawn

67.5434 272.263 11.9465 8.7128 up.

41.9182 319.166 13.5447 7.7447 (22)
67.5434 318.47 15.3722 8.7128 Best
85.9689 318.47 32.8457 8.7128 practices
121.971 318.47 17.3968 8.7128 have
142.494 318.47 17.7423 8.7128 been
163.357 318.47 30.2645 8.7128 adopted
196.58 318.47 6.89924 8.7128 at
206.502 318.47 48.0452 8.7128 international
257.584 318.47 16.9554 8.7128 level
277.654 318.47 7.36942 8.7128 in

67.5434 329.298 20.1604 8.7128 order
90.902 329.298 7.76284 8.7128 to
101.731 329.298 20.3715 8.7128 allow
125.146 329.298 46.9417 8.7128 cross-border
175.208 329.298 21.0719 8.7128 offers
199.36 329.298 7.67648 8.7128 of
210.075 329.298 28.4222 8.7128 equities
241.824 329.298 7.76284 8.7128 to
252.71 329.298 8.77038 8.7128 be
264.615 329.298 20.4098 8.7128 made

67.5434 339.843 20.1412 8.7128 using
91.5823 339.843 4.07813 8.7128 a
99.5764 339.843 21.5517 8.7128 single
125.033 339.843 10.2193 8.7128 set
139.093 339.843 7.67648 8.7128 of
150.545 339.843 37.3173 8.7128 disclosure
191.706 339.843 35.6285 8.7128 standards
231.052 339.843 40.9156 8.7128 established
275.842 339.843 9.20218 8.7128 by

67.5434 350.387 11.7546 8.7128 the
82.2842 350.387 48.333 8.7128 International
133.48 350.387 48.7936 8.7128 Organisation
185.299 350.387 7.67648 8.7128 of
195.844 350.387 35.5037 8.7128 Securities
234.453 350.387 50.8471 8.7128 Commissions

67.5434 360.932 33.8341 8.7128 (IOSCO);
104.339 360.932 11.7546 8.7128 the
119.136 360.932 26.7429 8.7128 IOSCO
148.787 360.932 37.3173 8.7128 disclosure
189.098 360.932 35.6285 8.7128 standards
226.969 360.932 2.50445 8.7128 (
229.515 360.458 2.86402 4.87905 1
232.35 360.933 2.50445 8.7128 )
237.849 360.933 13.7025 8.7128 will
254.517 360.933 30.3509 8.7128 upgrade

67.5423 371.477 45.1569 8.7128 information
116.357 371.477 32.4043 8.7128 available
152.585 371.477 10.939 8.7128 for
167.269 371.477 11.7546 8.7128 the
182.804 371.477 29.8423 8.7128 markets
216.367 371.477 13.8369 8.7128 and
233.886 371.477 33.623 8.7128 investors
271.248 371.477 13.8369 8.7128 and

67.5423 382.022 6.89924 8.7128 at
78.5408 382.022 11.7546 8.7128 the
94.529 382.022 19.1144 8.7128 same
117.717 382.022 16.7635 8.7128 time
138.694 382.022 13.7025 8.7128 will
156.495 382.022 30.2261 8.7128 simplify
190.852 382.022 11.7546 8.7128 the
206.783 382.022 37.9506 8.7128 procedure
249.021 382.022 10.939 8.7128 for
264.045 382.022 21.1103 8.7128 Com-

67.5423 392.623 27.0884 8.7128 munity
97.6475 392.623 24.7758 8.7128 issuers
125.484 392.623 29.2858 8.7128 wishing
157.914 392.623 7.76284 8.7128 to
168.629 392.623 17.0898 8.7128 raise
188.869 392.623 24.6223 8.7128 capital
216.593 392.623 7.36942 8.7128 in
227.024 392.623 18.1549 8.7128 third
248.227 392.623 36.7224 8.7128 countries.

67.5423 403.168 14.1151 8.7128 The
85.5149 403.168 33.5942 8.7128 Directive
123.104 403.168 14.7964 8.7128 also
141.586 403.168 16.159 8.7128 calls
161.485 403.168 10.939 8.7128 for
176.169 403.168 28.4797 8.7128 tailored
208.429 403.168 37.3173 8.7128 disclosure
249.532 403.168 35.6285 8.7128 standards

67.5423 413.712 7.76284 8.7128 to
78.0869 413.712 8.77038 8.7128 be
89.7657 413.712 30.2645 8.7128 adopted
122.875 413.712 10.939 8.7128 for
136.652 413.712 19.9588 8.7128 other
159.5 413.712 19.5942 8.7128 types
181.951 413.712 7.67648 8.7128 of
192.439 413.712 34.429 8.7128 securities
229.914 413.712 13.8369 8.7128 and
246.583 413.712 26.8581 8.7128 issuers.

41.9182 460.615 13.5447 7.7447 (23)
67.5434 459.918 36.2138 8.7128 Fast-track
107.513 459.918 41.3954 8.7128 procedures
152.812 459.918 10.939 8.7128 for
167.553 459.918 24.7758 8.7128 issuers
196.126 459.918 33.1432 8.7128 admitted
233.035 459.918 7.76284 8.7128 to
244.544 459.918 26.7237 8.7128 trading
275.159 459.918 9.96023 8.7128 on

67.5434 470.69 4.07813 8.7128 a
77.4643 470.69 34.4674 8.7128 regulated
117.888 470.69 26.3975 8.7128 market
150.147 470.69 13.8369 8.7128 and
169.763 470.69 38.0082 8.7128 frequently
213.702 470.69 24.9582 8.7128 raising
244.6 470.69 24.6223 8.7128 capital
275.159 470.69 9.96023 8.7128 on

67.5434 481.292 19.1528 8.7128 these
91.8654 481.292 29.8423 8.7128 markets
126.846 481.292 26.3303 8.7128 require
158.595 481.292 11.7546 8.7128 the
175.547 481.292 47.1144 8.7128 introduction
227.763 481.292 6.89924 8.7128 at
239.839 481.292 45.3008 8.7128 Community

67.5434 491.836 16.9554 8.7128 level
90.9586 491.836 7.67648 8.7128 of
105.019 491.836 4.07813 8.7128 a
115.564 491.836 15.66 8.7128 new
137.731 491.836 25.4763 8.7128 format
169.594 491.836 7.67648 8.7128 of
183.654 491.836 48.0931 8.7128 prospectuses
238.194 491.836 10.939 8.7128 for
255.543 491.836 29.4489 8.7128 offering

67.5434 502.381 47.6613 8.7128 programmes
119.023 502.381 8.20424 8.7128 or
131.042 502.381 35.5997 8.7128 mortgage
170.559 502.381 22.9623 8.7128 bonds
197.148 502.381 13.8369 8.7128 and
214.724 502.381 4.07813 8.7128 a
222.661 502.381 15.66 8.7128 new
242.164 502.381 42.758 8.7128 registration

67.5434 512.925 37.9602 8.7128 document
109.384 512.925 27.7697 8.7128 system.
141.076 512.925 25.0637 8.7128 Issuers
170.047 512.925 16.1014 8.7128 may
190.118 512.925 26.2344 8.7128 choose
220.279 512.925 12.7813 8.7128 not
237.005 512.925 7.76284 8.7128 to
248.683 512.925 12.2728 8.7128 use
264.955 512.925 20.1412 8.7128 those

67.5434 523.47 28.9211 8.7128 formats
99.633 523.47 13.8369 8.7128 and
116.754 523.47 33.8629 8.7128 therefore
154.117 523.47 7.76284 8.7128 to
165.115 523.47 17.6367 8.7128 draft
186.036 523.47 11.7546 8.7128 the
201.173 523.47 40.6949 8.7128 prospectus
245.169 523.47 7.52295 8.7128 as
255.997 523.47 4.07813 8.7128 a
263.424 523.47 21.5517 8.7128 single

67.5434 534.071 40.0424 8.7128 document.

41.9182 580.917 13.5447 7.7447 (24)
67.5434 580.221 14.1151 8.7128 The
85.8556 580.221 28.5469 8.7128 content
118.512 580.221 7.67648 8.7128 of
130.248 580.221 4.07813 8.7128 a
138.468 580.221 16.2933 8.7128 base
158.935 580.221 40.6949 8.7128 prospectus
203.781 580.221 27.3954 8.7128 should,
235.19 580.221 7.36942 8.7128 in
246.756 580.221 38.1041 8.7128 particular,

67.5434 591.049 15.4969 8.7128 take
87.2163 591.049 15.1323 8.7128 into
106.55 591.049 29.6792 8.7128 account
140.453 591.049 11.7546 8.7128 the
156.497 591.049 17.6655 8.7128 need
178.381 591.049 10.939 8.7128 for
193.518 591.049 34.9088 8.7128 flexibility
232.694 591.049 7.36942 8.7128 in
244.316 591.049 28.758 8.7128 relation
277.313 591.049 7.76284 8.7128 to

67.5434 601.594 11.7546 8.7128 the
82.2275 601.594 45.1569 8.7128 information
130.191 601.594 7.76284 8.7128 to
140.736 601.594 8.77038 8.7128 be
152.415 601.594 33.3639 8.7128 provided
188.699 601.594 21.5325 8.7128 about
213.078 601.594 11.7546 8.7128 the
227.762 601.594 36.5113 8.7128 securities.

41.9182 648.495 13.5447 7.7447 (25)
67.5434 647.799 36.1658 8.7128 Omission
108.25 647.799 7.67648 8.7128 of
120.439 647.799 31.7231 8.7128 sensitive
156.837 647.799 45.1569 8.7128 information
206.557 647.799 7.76284 8.7128 to
218.859 647.799 8.77038 8.7128 be
232.296 647.799 31.9821 8.7128 included
268.92 647.799 7.36942 8.7128 in
280.94 647.799 4.07813 8.7128 a

67.5434 658.627 40.6949 8.7128 prospectus
114.657 658.627 25.3132 8.7128 should
146.349 658.627 8.77038 8.7128 be
161.599 658.627 29.0651 8.7128 allowed
197.033 658.627 30.3125 8.7128 through
233.885 658.627 4.07813 8.7128 a
244.43 658.627 40.5606 8.7128 derogation

67.5434 669.172 28.3262 8.7128 granted
100.427 669.172 9.20218 8.7128 by
114.09 669.172 11.7546 8.7128 the
130.361 669.172 40.1096 8.7128 competent
174.923 669.172 34.5154 8.7128 authority
213.986 669.172 7.36942 8.7128 in
225.891 669.172 25.4571 8.7128 certain
255.94 669.172 28.9691 8.7128 circum-

67.5434 679.716 26.7333 8.7128 stances
98.7253 679.716 7.36942 8.7128 in
110.631 679.716 20.1604 8.7128 order
135.293 679.716 7.76284 8.7128 to
147.482 679.716 20.4962 8.7128 avoid
172.485 679.716 42.9691 8.7128 detrimental
219.939 679.716 36.1466 8.7128 situations
260.532 679.716 10.939 8.7128 for
275.953 679.716 9.09663 8.7128 an

67.5434 690.261 23.4133 8.7128 issuer.

41.9182 737.163 13.5447 7.7447 (26)
67.5434 736.466 6.37148 8.7128 A
78.7683 736.466 17.5983 8.7128 clear
101.276 736.466 16.7635 8.7128 time
122.876 736.466 17.4928 8.7128 limit
145.214 736.466 25.3132 8.7128 should
175.205 736.466 8.77038 8.7128 be
188.812 736.466 10.2193 8.7128 set
203.835 736.466 10.939 8.7128 for
219.596 736.466 11.7546 8.7128 the
236.207 736.466 27.4434 8.7128 validity
268.523 736.466 7.67648 8.7128 of
280.939 736.466 4.07813 8.7128 a

67.5434 747.295 40.6949 8.7128 prospectus
111.085 747.295 7.36942 8.7128 in
121.404 747.295 20.1604 8.7128 order
144.421 747.295 7.76284 8.7128 to
155.024 747.295 20.4962 8.7128 avoid
178.382 747.295 32.9705 8.7128 outdated
214.156 747.295 47.2391 8.7128 information.

310.643 77.654 13.5447 7.7447 (27)
336.211 76.9578 33.9109 8.7128 Investors
373.176 76.9578 25.3132 8.7128 should
401.58 76.9578 8.77038 8.7128 be
413.543 76.9578 35.4557 8.7128 protected
452.266 76.9578 9.20218 8.7128 by
464.625 76.9578 32.3756 8.7128 ensuring
500.343 76.9578 42.5469 8.7128 publication
546.096 76.9578 7.67648 8.7128 of

336.211 87.7864 27.0788 8.7128 reliable
369.094 87.7864 47.2391 8.7128 information.
421.991 87.7864 14.1151 8.7128 The
441.834 87.7864 24.7758 8.7128 issuers
472.335 87.7864 24.0082 8.7128 whose
502.043 87.7864 34.429 8.7128 securities
542.297 87.7864 11.294 8.7128 are

336.211 98.3876 33.1432 8.7128 admitted
372.609 98.3876 7.76284 8.7128 to
383.608 98.3876 26.7237 8.7128 trading
413.656 98.3876 9.96023 8.7128 on
426.865 98.3876 4.07813 8.7128 a
434.236 98.3876 34.4674 8.7128 regulated
472.164 98.3876 26.3975 8.7128 market
501.816 98.3876 11.294 8.7128 are
516.5 98.3876 26.1672 8.7128 subject
545.981 98.3876 7.76284 8.7128 to

336.211 108.932 9.09663 8.7128 an
348.57 108.932 31.1761 8.7128 ongoing
383.04 108.932 37.3173 8.7128 disclosure
423.634 108.932 38.1041 8.7128 obligation
465.021 108.932 12.5127 8.7128 but
480.782 108.932 11.294 8.7128 are
495.466 108.932 12.7813 8.7128 not
511.454 108.932 31.0706 8.7128 required
546.038 108.932 7.76284 8.7128 to

336.211 119.477 27.7889 8.7128 publish
369.094 119.477 30.1974 8.7128 updated
404.358 119.477 45.1569 8.7128 information
454.477 119.477 35.0143 8.7128 regularly.
494.787 119.477 27.3475 8.7128 Further
527.329 119.477 7.76284 8.7128 to
540.086 119.477 13.597 8.7128 this

336.211 130.021 40.1864 8.7128 obligation,
380.32 130.021 24.7758 8.7128 issuers
409.065 130.021 27.3954 8.7128 should,
440.303 130.021 6.89924 8.7128 at
451.132 130.021 16.6292 8.7128 least
471.655 130.021 34.1987 8.7128 annually,
509.754 130.021 10.9486 8.7128 list
524.608 130.021 8.74159 8.7128 all
537.195 130.021 16.3989 8.7128 rele-

336.211 140.566 16.3029 8.7128 vant
358.095 140.566 45.1569 8.7128 information
408.723 140.566 36.4825 8.7128 published
450.791 140.566 8.20424 8.7128 or
464.568 140.566 20.4098 8.7128 made
490.533 140.566 32.4043 8.7128 available
528.633 140.566 7.76284 8.7128 to
541.898 140.566 11.7546 8.7128 the

336.211 151.111 23.3365 8.7128 public
362.404 151.111 16.5428 8.7128 over
381.851 151.111 11.7546 8.7128 the
396.478 151.111 36.6936 8.7128 preceding
436.165 151.111 10.2289 8.7128 12
449.204 151.111 30.9266 8.7128 months,
482.824 151.111 35.1103 8.7128 including
520.809 151.111 32.9225 8.7128 informa-

336.211 161.712 15.1323 8.7128 tion
354.75 161.712 33.3639 8.7128 provided
391.545 161.712 7.76284 8.7128 to
402.713 161.712 11.7546 8.7128 the
417.907 161.712 27.3379 8.7128 various
448.749 161.712 35.0527 8.7128 reporting
487.358 161.712 49.4816 8.7128 requirements
540.197 161.712 13.501 8.7128 laid

336.211 172.256 21.3886 8.7128 down
360.646 172.256 7.36942 8.7128 in
371.191 172.256 19.9588 8.7128 other
394.322 172.256 45.3008 8.7128 Community
442.626 172.256 40.1576 8.7128 legislation.
485.942 172.256 15.9575 8.7128 This
505.104 172.256 25.3132 8.7128 should
533.395 172.256 20.3139 8.7128 make

336.211 182.801 5.17203 8.7128 it
345.962 182.801 30.2741 8.7128 possible
380.66 182.801 7.76284 8.7128 to
392.906 182.801 24.5072 8.7128 ensure
422.047 182.801 11.7546 8.7128 the
438.374 182.801 42.664 8.7128 publication
485.544 182.801 7.67648 8.7128 of
497.677 182.801 37.7875 8.7128 consistent
539.915 182.801 13.8369 8.7128 and

336.211 193.346 20.5442 8.7128 easily
360.25 193.346 57.1322 8.7128 understandable
420.743 193.346 45.1569 8.7128 information
469.274 193.346 9.96023 8.7128 on
482.598 193.346 4.07813 8.7128 a
490.138 193.346 26.2152 8.7128 regular
519.959 193.346 20.2179 8.7128 basis.
543.601 193.346 10.1234 8.7128 To

336.211 203.89 20.4962 8.7128 avoid
362.007 203.89 33.9396 8.7128 excessive
401.353 203.89 30.111 8.7128 burdens
436.787 203.89 10.939 8.7128 for
452.945 203.89 25.4571 8.7128 certain
483.844 203.89 26.8581 8.7128 issuers,
516.047 203.89 24.7758 8.7128 issuers
546.096 203.89 7.67648 8.7128 of

336.211 214.435 40.9348 8.7128 non-equity
380.773 214.435 34.429 8.7128 securities
418.929 214.435 16.8403 8.7128 with
439.395 214.435 16.7635 8.7128 high
459.862 214.435 37.5092 8.7128 minimum
500.909 214.435 52.8718 8.7128 denomination

336.211 225.036 25.3132 8.7128 should
364.275 225.036 12.7813 8.7128 not
379.866 225.036 8.77038 8.7128 be
391.545 225.036 31.0706 8.7128 required
425.676 225.036 7.76284 8.7128 to
436.278 225.036 18.366 8.7128 meet
457.538 225.036 13.597 8.7128 this
474.035 225.036 40.1864 8.7128 obligation.

310.643 317.805 13.5447 7.7447 (28)
336.211 317.109 5.4599 8.7128 It
344.658 317.109 5.79574 8.7128 is
353.559 317.109 35.5133 8.7128 necessary
392.225 317.109 10.939 8.7128 for
406.173 317.109 11.7546 8.7128 the
421.027 317.109 25.3996 8.7128 annual
449.544 317.109 45.1569 8.7128 information
497.678 317.109 7.76284 8.7128 to
508.45 317.109 8.77038 8.7128 be
520.299 317.109 33.3639 8.7128 provided

336.211 327.938 9.20218 8.7128 by
348.967 327.938 24.7758 8.7128 issuers
377.315 327.938 24.0082 8.7128 whose
404.868 327.938 34.429 8.7128 securities
442.968 327.938 11.294 8.7128 are
457.935 327.938 33.1432 8.7128 admitted
494.56 327.938 7.76284 8.7128 to
505.842 327.938 26.7237 8.7128 trading
536.174 327.938 9.96023 8.7128 on
549.61 327.938 4.07813 8.7128 a

336.211 338.482 34.4674 8.7128 regulated
377.598 338.482 26.3975 8.7128 market
410.764 338.482 7.76284 8.7128 to
425.221 338.482 8.77038 8.7128 be
440.812 338.482 50.4345 8.7128 appropriately
498.13 338.482 39.6682 8.7128 monitored
544.507 338.482 9.20218 8.7128 by

336.211 349.027 31.1089 8.7128 Member
373.97 349.027 21.6381 8.7128 States
402.091 349.027 7.36942 8.7128 in
416.037 349.027 41.9903 8.7128 accordance
464.681 349.027 16.8403 8.7128 with
488.153 349.027 17.368 8.7128 their
512.191 349.027 41.5489 8.7128 obligations

336.211 359.571 21.8492 8.7128 under
363.028 359.571 11.7546 8.7128 the
379.753 359.571 39.1309 8.7128 provisions
423.748 359.571 7.67648 8.7128 of
436.277 359.571 45.3008 8.7128 Community
486.396 359.571 13.8369 8.7128 and
505.105 359.571 30.6388 8.7128 national
540.596 359.571 13.098 8.7128 law

336.211 370.116 41.9616 8.7128 concerning
381.681 370.116 11.7546 8.7128 the
396.931 370.116 38.0849 8.7128 regulation
438.489 370.116 7.67648 8.7128 of
449.487 370.116 36.5113 8.7128 securities,
489.627 370.116 24.7758 8.7128 issuers
517.805 370.116 7.67648 8.7128 of
528.803 370.116 24.7566 8.7128 securi-

336.211 380.717 12.5702 8.7128 ties
351.689 380.717 13.8369 8.7128 and
368.357 380.717 34.429 8.7128 securities
405.833 380.717 31.9246 8.7128 markets.

310.643 473.484 13.5447 7.7447 (29)
336.211 472.788 14.1151 8.7128 The
355.09 472.788 45.3968 8.7128 opportunity
405.152 472.788 7.67648 8.7128 of
417.454 472.788 32.1932 8.7128 allowing
454.306 472.788 24.7758 8.7128 issuers
483.787 472.788 7.76284 8.7128 to
496.147 472.788 43.5928 8.7128 incorporate
544.507 472.788 9.20218 8.7128 by

336.211 483.56 34.0644 8.7128 reference
375.217 483.56 41.405 8.7128 documents
421.253 483.56 40.0232 8.7128 containing
466.099 483.56 11.7546 8.7128 the
482.653 483.56 45.1569 8.7128 information
532.488 483.56 7.76284 8.7128 to
544.904 483.56 8.77038 8.7128 be

336.211 494.161 33.9204 8.7128 disclosed
375.16 494.161 7.36942 8.7128 in
387.689 494.161 4.07813 8.7128 a
396.93 494.161 40.6949 8.7128 prospectus
456.97 494.161 33.3639 8.7128 provided
495.522 494.161 14.7005 8.7128 that
515.365 494.161 11.7546 8.7128 the
532.316 494.161 21.427 8.7128 docu-

336.211 504.705 22.8759 8.7128 ments
363.765 504.705 48.333 8.7128 incorporated
416.888 504.705 9.20218 8.7128 by
430.834 504.705 34.0644 8.7128 reference
469.897 504.705 17.3968 8.7128 have
492.178 504.705 17.7423 8.7128 been
514.742 504.705 38.9198 8.7128 previously

336.211 515.25 16.111 8.7128 filed
357.188 515.25 16.8403 8.7128 with
378.958 515.25 8.20424 8.7128 or
391.998 515.25 32.4811 8.7128 accepted
429.474 515.25 9.20218 8.7128 by
443.534 515.25 11.7546 8.7128 the
460.202 515.25 40.1096 8.7128 competent
505.162 515.25 34.5154 8.7128 authority

336.211 525.795 25.3132 8.7128 should
369.774 525.795 31.4928 8.7128 facilitate
409.744 525.795 11.7546 8.7128 the
429.871 525.795 37.9506 8.7128 procedure
476.304 525.795 7.67648 8.7128 of
492.291 525.795 30.5908 8.7128 drawing
531.354 525.795 9.86428 8.7128 up
549.609 525.795 4.07813 8.7128 a

336.211 536.339 40.6949 8.7128 prospectus
381.227 536.339 13.8369 8.7128 and
399.313 536.339 21.1775 8.7128 lower
424.825 536.339 11.7546 8.7128 the
440.983 536.339 18.6251 8.7128 costs
463.775 536.339 10.939 8.7128 for
478.969 536.339 11.7546 8.7128 the
495.127 536.339 24.7758 8.7128 issuers
524.211 536.339 29.4777 8.7128 without

336.211 546.94 46.2988 8.7128 endangering
385.593 546.94 30.1782 8.7128 investor
418.646 546.94 41.1555 8.7128 protection.

310.643 639.707 13.5447 7.7447 (30)
336.211 639.011 41.9232 8.7128 Differences
381.397 639.011 35.5709 8.7128 regarding
420.459 639.011 11.7546 8.7128 the
435.483 639.011 37.5092 8.7128 efficiency,
476.36 639.011 32.5195 8.7128 methods
512.022 639.011 13.8369 8.7128 and
529.03 639.011 24.6319 8.7128 timing

336.211 649.783 7.67648 8.7128 of
346.87 649.783 11.7546 8.7128 the
361.724 649.783 33.3447 8.7128 checking
398.292 649.783 7.67648 8.7128 of
409.007 649.783 11.7546 8.7128 the
423.861 649.783 45.1569 8.7128 information
471.995 649.783 20.1604 8.7128 given
495.354 649.783 7.36942 8.7128 in
505.842 649.783 4.07813 8.7128 a
513.042 649.783 40.6949 8.7128 prospectus

336.211 660.384 12.7813 8.7128 not
352.199 660.384 16.6772 8.7128 only
372.042 660.384 20.3139 8.7128 make
395.627 660.384 5.17203 8.7128 it
404.132 660.384 19.7957 8.7128 more
427.206 660.384 28.9115 8.7128 difficult
459.409 660.384 10.939 8.7128 for
473.583 660.384 48.6593 8.7128 undertakings
525.515 660.384 7.76284 8.7128 to
536.513 660.384 17.0898 8.7128 raise

336.211 670.929 24.6223 8.7128 capital
364.445 670.929 8.20424 8.7128 or
376.181 670.929 7.76284 8.7128 to
387.462 670.929 24.0274 8.7128 obtain
415.016 670.929 38.0082 8.7128 admission
456.46 670.929 7.76284 8.7128 to
467.685 670.929 26.7237 8.7128 trading
498.017 670.929 9.96023 8.7128 on
511.454 670.929 4.07813 8.7128 a
519.107 670.929 34.4674 8.7128 regulated

336.211 681.474 26.3975 8.7128 market
366.145 681.474 7.36942 8.7128 in
377.144 681.474 19.7957 8.7128 more
400.502 681.474 16.8979 8.7128 than
420.969 681.474 13.9136 8.7128 one
438.431 681.474 31.1089 8.7128 Member
473.185 681.474 18.1933 8.7128 State
494.956 681.474 12.5127 8.7128 but
511.057 681.474 14.7964 8.7128 also
529.313 681.474 24.3057 8.7128 hinder

336.211 692.018 11.7546 8.7128 the
352.085 692.018 40.8773 8.7128 acquisition
397.157 692.018 9.20218 8.7128 by
410.423 692.018 33.623 8.7128 investors
448.069 692.018 40.9156 8.7128 established
493.085 692.018 7.36942 8.7128 in
504.537 692.018 13.9136 8.7128 one
522.51 692.018 31.1089 8.7128 Member

336.211 702.563 18.1933 8.7128 State
359.739 702.563 7.67648 8.7128 of
372.722 702.563 34.429 8.7128 securities
412.635 702.563 26.3207 8.7128 offered
444.328 702.563 9.20218 8.7128 by
458.841 702.563 9.09663 8.7128 an
473.298 702.563 21.331 8.7128 issuer
500.058 702.563 40.9156 8.7128 established
546.321 702.563 7.36942 8.7128 in

336.211 713.164 29.0555 8.7128 another
368.64 713.164 31.1089 8.7128 Member
403.167 713.164 18.1933 8.7128 State
424.711 713.164 8.20424 8.7128 or
436.277 713.164 33.1432 8.7128 admitted
472.675 713.164 7.76284 8.7128 to
483.73 713.164 26.7237 8.7128 trading
513.892 713.164 7.36942 8.7128 in
524.607 713.164 29.0555 8.7128 another

336.211 723.709 31.1089 8.7128 Member
370.511 723.709 20.2755 8.7128 State.
393.927 723.709 21.5133 8.7128 These
418.589 723.709 40.1192 8.7128 differences
461.904 723.709 25.3132 8.7128 should
490.194 723.709 8.77038 8.7128 be
502.101 723.709 39.2364 8.7128 eliminated
544.508 723.709 9.20218 8.7128 by

336.211 734.253 47.5366 8.7128 harmonising
390.865 734.253 11.7546 8.7128 the
409.744 734.253 17.867 8.7128 rules
434.746 734.253 13.8369 8.7128 and
455.61 734.253 41.5298 8.7128 regulations
504.254 734.253 7.36942 8.7128 in
518.711 734.253 20.1604 8.7128 order
545.98 734.253 7.76284 8.7128 to

336.211 744.798 27.6737 8.7128 achieve
368.47 744.798 9.09663 8.7128 an
381.907 744.798 33.172 8.7128 adequate
419.553 744.798 24.3153 8.7128 degree
448.41 744.798 7.67648 8.7128 of
460.373 744.798 43.5448 8.7128 equivalence
508.508 744.798 7.67648 8.7128 of
520.471 744.798 11.7546 8.7128 the
536.629 744.798 17.109 8.7128 safe-

336.211 755.342 24.8526 8.7128 guards
366.543 755.342 31.0706 8.7128 required
403.224 755.342 7.36942 8.7128 in
416.037 755.342 16.9842 8.7128 each
438.544 755.342 31.1089 8.7128 Member
475.169 755.342 18.1933 8.7128 State
498.81 755.342 7.76284 8.7128 to
511.906 755.342 24.5072 8.7128 ensure
541.897 755.342 11.7546 8.7128 the

336.211 765.887 35.686 8.7128 provision
378.278 765.887 7.67648 8.7128 of
392.225 765.887 45.1569 8.7128 information
443.702 765.887 22.9719 8.7128 which
473.183 765.887 5.79574 8.7128 is
485.373 765.887 34.2563 8.7128 sufficient
526.023 765.887 13.8369 8.7128 and
546.206 765.887 7.52295 8.7128 as

336.211 776.488 33.479 8.7128 objective
375.104 776.488 7.52295 8.7128 as
387.86 776.488 30.2741 8.7128 possible
423.352 776.488 10.939 8.7128 for
439.566 776.488 22.1562 8.7128 actual
467.063 776.488 8.20424 8.7128 or
480.557 776.488 33.3063 8.7128 potential
519.109 776.488 34.429 8.7128 securities

336.211 787.033 29.7368 8.7128 holders.

508.727 51.2759 45.0801 8.7128 31.12.2003

41.916 51.2759 4.55791 8.7128 L
49.3996 51.2759 28.3358 8.7128 345/66

223.846 51.2759 27.5298 8.7128 Official
254.347 51.2759 27.098 8.7128 Journal
284.283 51.2759 7.67648 8.7128 of
294.771 51.2759 11.7546 8.7128 the
309.455 51.2759 35.7724 8.7128 European
348.234 51.2759 23.634 8.7128 Union

120.154 52.1989 9.8344 7.7447 EN

41.9182 770.668 2.22617 7.7447 (
44.1859 770.227 2.54582 4.33697 1
46.6804 770.668 2.22617 7.7447 )
53.2003 770.668 42.9626 7.7447 International
101.843 770.668 33.1708 7.7447 disclosure
140.733 770.668 31.6697 7.7447 standards
177.98 770.668 9.72352 7.7447 for
193.401 770.668 41.7258 7.7447 cross-border
240.852 770.668 26.1767 7.7447 offering
272.77 770.668 12.2994 7.7447 and

53.2003 779.172 18.9353 7.7447 initial
74.8001 779.172 23.3023 7.7447 listings
100.652 779.172 8.17969 7.7447 by
111.424 779.172 23.7458 7.7447 foreign
137.843 779.172 23.8738 7.7447 issuers,
164.318 779.172 13.067 7.7447 Part
179.965 779.172 4.19646 7.7447 I,
186.768 779.172 42.9626 7.7447 International
232.235 779.172 43.372 7.7447 Organisation
278.269 779.172 6.82352 7.7447 of

53.2003 787.733 31.5588 7.7447 Securities
87.4424 787.733 47.0482 7.7447 Commissions,
136.822 787.733 35.4738 7.7447 September
174.862 787.733 20.0356 7.7447 1998.

41.9182 78.5044 13.5447 7.7447 (31)
67.5434 77.8082 10.1234 8.7128 To
85.5716 77.8082 31.4928 8.7128 facilitate
125.088 77.8082 39.9753 8.7128 circulation
173.108 77.8082 7.67648 8.7128 of
188.699 77.8082 11.7546 8.7128 the
208.429 77.8082 27.3379 8.7128 various
243.749 77.8082 41.405 8.7128 documents

67.5434 88.5802 28.1823 8.7128 making
98.7819 88.5802 9.86428 8.7128 up
111.765 88.5802 11.7546 8.7128 the
126.619 88.5802 42.7772 8.7128 prospectus,
172.485 88.5802 11.7546 8.7128 the
187.339 88.5802 12.2728 8.7128 use
202.703 88.5802 7.67648 8.7128 of
213.362 88.5802 36.5784 8.7128 electronic
253.162 88.5802 31.9629 8.7128 commu-

67.5434 99.1814 30.5524 8.7128 nication
101.56 99.1814 30.3893 8.7128 facilities
135.463 99.1814 17.2721 8.7128 such
156.157 99.1814 7.52295 8.7128 as
167.099 99.1814 11.7546 8.7128 the
182.292 99.1814 29.4873 8.7128 Internet
215.232 99.1814 25.3132 8.7128 should
243.806 99.1814 8.77038 8.7128 be
256.052 99.1814 28.9211 8.7128 encour-

67.5434 109.726 19.3063 8.7128 aged.
93.0562 109.726 14.1151 8.7128 The
113.409 109.726 40.6949 8.7128 prospectus
160.24 109.726 25.3132 8.7128 should
191.591 109.726 25.0061 8.7128 always
222.773 109.726 8.77038 8.7128 be
237.684 109.726 33.671 8.7128 delivered
277.653 109.726 7.36942 8.7128 in

67.5434 120.271 21.2734 8.7128 paper
91.8088 120.271 20.6593 8.7128 form,
115.281 120.271 13.904 8.7128 free
132.176 120.271 7.67648 8.7128 of
142.607 120.271 24.6991 8.7128 charge
170.387 120.271 7.76284 8.7128 to
180.989 120.271 33.623 8.7128 investors
217.444 120.271 9.96023 8.7128 on
230.2 120.271 29.0651 8.7128 request.

41.9182 161.446 13.5447 7.7447 (32)
67.5434 160.75 14.1151 8.7128 The
84.9489 160.75 40.6949 8.7128 prospectus
128.83 160.75 25.3132 8.7128 should
157.178 160.75 8.77038 8.7128 be
169.197 160.75 16.111 8.7128 filed
188.473 160.75 16.8403 8.7128 with
208.543 160.75 11.7546 8.7128 the
223.567 160.75 29.8039 8.7128 relevant
256.62 160.75 28.3934 8.7128 compe-

67.5434 171.579 14.6141 8.7128 tent
85.0055 171.579 34.5154 8.7128 authority
122.481 171.579 13.8369 8.7128 and
139.206 171.579 8.77038 8.7128 be
150.885 171.579 20.4098 8.7128 made
174.187 171.579 32.4043 8.7128 available
209.565 171.579 7.76284 8.7128 to
220.167 171.579 11.7546 8.7128 the
234.851 171.579 23.3365 8.7128 public
261.158 171.579 9.20218 8.7128 by
273.234 171.579 11.7546 8.7128 the

67.5434 182.123 23.4133 8.7128 issuer,
94.4168 182.123 11.7546 8.7128 the
109.554 182.123 25.8314 8.7128 offeror
138.751 182.123 8.20424 8.7128 or
150.317 182.123 11.7546 8.7128 the
165.454 182.123 25.6107 8.7128 person
194.425 182.123 23.989 8.7128 asking
221.809 182.123 10.939 8.7128 for
236.096 182.123 38.0082 8.7128 admission
277.313 182.123 7.76284 8.7128 to

67.5434 192.668 26.7237 8.7128 trading
100.596 192.668 9.96023 8.7128 on
116.754 192.668 4.07813 8.7128 a
127.129 192.668 34.4674 8.7128 regulated
167.95 192.668 28.4797 8.7128 market,
202.704 192.668 26.1672 8.7128 subject
235.19 192.668 7.76284 8.7128 to
249.136 192.668 35.7724 8.7128 European

67.5434 203.269 23.634 8.7128 Union
94.0196 203.269 39.1309 8.7128 provisions
135.973 203.269 28.2686 8.7128 relating
167.269 203.269 7.76284 8.7128 to
177.813 203.269 15.7176 8.7128 data
196.409 203.269 41.1555 8.7128 protection.

41.9182 244.445 13.5447 7.7447 (33)
67.5434 243.748 5.4599 8.7128 It
76.2178 243.748 5.79574 8.7128 is
85.3452 243.748 14.7964 8.7128 also
103.318 243.748 37.5956 8.7128 necessary,
144.308 243.748 7.36942 8.7128 in
155.024 243.748 20.1604 8.7128 order
178.552 243.748 7.76284 8.7128 to
189.55 243.748 20.4962 8.7128 avoid
213.362 243.748 36.8567 8.7128 loopholes
253.331 243.748 7.36942 8.7128 in
264.047 243.748 21.1103 8.7128 Com-

67.5434 254.577 27.0884 8.7128 munity
97.8751 254.577 38.0753 8.7128 legislation
139.205 254.577 22.9719 8.7128 which
165.568 254.577 23.5764 8.7128 would
192.328 254.577 40.8101 8.7128 undermine
236.494 254.577 23.3365 8.7128 public
263.141 254.577 21.9164 8.7128 confi-

67.5434 265.122 21.6381 8.7128 dence
92.7722 265.122 13.8369 8.7128 and
110.178 265.122 33.8629 8.7128 therefore
147.71 265.122 34.381 8.7128 prejudice
185.866 265.122 11.7546 8.7128 the
201.23 265.122 25.3996 8.7128 proper
230.258 265.122 43.5544 8.7128 functioning
277.428 265.122 7.67648 8.7128 of

67.5434 275.666 31.9342 8.7128 financial
102.411 275.666 31.9246 8.7128 markets,
137.165 275.666 7.76284 8.7128 to
147.767 275.666 39.6682 8.7128 harmonise
190.288 275.666 57.9478 8.7128 advertisements.

41.9182 316.841 13.5447 7.7447 (34)
67.5434 316.145 15.7752 8.7128 Any
86.3661 316.145 15.66 8.7128 new
105.076 316.145 24.5743 8.7128 matter
132.686 316.145 19.8629 8.7128 liable
155.647 316.145 7.76284 8.7128 to
166.363 316.145 34.2083 8.7128 influence
203.668 316.145 11.7546 8.7128 the
218.465 316.145 41.2419 8.7128 assessment
262.631 316.145 7.67648 8.7128 of
273.233 316.145 11.7546 8.7128 the

67.5434 326.974 43.4873 8.7128 investment,
120.723 326.974 24.9582 8.7128 arising
155.533 326.974 16.8499 8.7128 after
182.123 326.974 11.7546 8.7128 the
203.61 326.974 42.5469 8.7128 publication
255.94 326.974 7.67648 8.7128 of
273.231 326.974 11.7546 8.7128 the

67.5434 337.518 40.6949 8.7128 prospectus
111.142 337.518 12.5127 8.7128 but
126.506 337.518 23.6627 8.7128 before
153.096 337.518 11.7546 8.7128 the
167.78 337.518 26.5126 8.7128 closing
197.148 337.518 7.67648 8.7128 of
207.694 337.518 11.7546 8.7128 the
222.378 337.518 17.6271 8.7128 offer
242.844 337.518 8.20424 8.7128 or
253.956 337.518 11.7546 8.7128 the
268.64 337.518 16.4277 8.7128 start

67.5434 348.12 7.67648 8.7128 of
80.129 348.12 26.7237 8.7128 trading
111.878 348.12 9.96023 8.7128 on
126.732 348.12 4.07813 8.7128 a
135.859 348.12 34.4674 8.7128 regulated
175.432 348.12 28.4797 8.7128 market,
208.883 348.12 25.3132 8.7128 should
239.045 348.12 8.77038 8.7128 be
252.821 348.12 32.1165 8.7128 properly

67.5434 358.664 35.2159 8.7128 evaluated
111.142 358.664 9.20218 8.7128 by
128.661 358.664 33.623 8.7128 investors
170.558 358.664 13.8369 8.7128 and
192.611 358.664 33.8629 8.7128 therefore
234.963 358.664 29.7751 8.7128 requires
273.232 358.664 11.7546 8.7128 the

67.5434 369.209 33.0568 8.7128 approval
106.833 369.209 13.8369 8.7128 and
126.789 369.209 52.1521 8.7128 dissemination
185.071 369.209 7.67648 8.7128 of
198.848 369.209 4.07813 8.7128 a
209.166 369.209 44.015 8.7128 supplement
259.341 369.209 7.76284 8.7128 to
273.231 369.209 11.7546 8.7128 the

67.5434 379.753 42.7772 8.7128 prospectus.

41.9182 420.93 13.5447 7.7447 (35)
67.5434 420.233 14.1151 8.7128 The
89.2573 420.233 38.1041 8.7128 obligation
134.897 420.233 10.939 8.7128 for
153.322 420.233 9.09663 8.7128 an
169.99 420.233 21.331 8.7128 issuer
198.904 420.233 7.76284 8.7128 to
214.155 420.233 31.8094 8.7128 translate
253.5 420.233 11.7546 8.7128 the
272.833 420.233 12.2728 8.7128 full

67.5434 431.062 40.6949 8.7128 prospectus
116.415 431.062 15.1323 8.7128 into
139.659 431.062 8.74159 8.7128 all
156.554 431.062 11.7546 8.7128 the
176.51 431.062 29.8039 8.7128 relevant
214.552 431.062 25.4955 8.7128 official
248.229 431.062 36.684 8.7128 languages

67.5434 441.607 43.516 8.7128 discourages
115.734 441.607 46.9417 8.7128 cross-border
167.214 441.607 21.0719 8.7128 offers
192.783 441.607 8.20424 8.7128 or
205.596 441.607 31.2913 8.7128 multiple
241.484 441.607 28.806 8.7128 trading.
274.934 441.607 10.1234 8.7128 To

67.5434 452.208 31.4928 8.7128 facilitate
104.905 452.208 46.9417 8.7128 cross-border
157.574 452.208 23.1542 8.7128 offers,
186.432 452.208 22.8375 8.7128 where
215.177 452.208 11.7546 8.7128 the
232.752 452.208 40.6949 8.7128 prospectus
279.242 452.208 5.79574 8.7128 is

67.5434 462.752 23.7875 8.7128 drawn
94.8131 462.752 9.86428 8.7128 up
108.25 462.752 7.36942 8.7128 in
119.192 462.752 4.07813 8.7128 a
126.789 462.752 33.2392 8.7128 language
163.697 462.752 14.7005 8.7128 that
181.896 462.752 5.79574 8.7128 is
191.194 462.752 39.4187 8.7128 customary
234.112 462.752 7.36942 8.7128 in
245.054 462.752 11.7546 8.7128 the
260.362 462.752 24.5839 8.7128 sphere

67.5434 473.297 7.67648 8.7128 of
78.3154 473.297 48.0452 8.7128 international
129.624 473.297 29.209 8.7128 finance,
162.11 473.297 11.7546 8.7128 the
177.077 473.297 16.1878 8.7128 host
196.354 473.297 8.20424 8.7128 or
207.75 473.297 21.5133 8.7128 home
232.469 473.297 31.1089 8.7128 Member
266.826 473.297 18.1933 8.7128 State

67.5434 483.842 25.3132 8.7128 should
96.0606 483.842 16.6772 8.7128 only
116.074 483.842 8.77038 8.7128 be
128.207 483.842 27.9904 8.7128 entitled
159.559 483.842 7.76284 8.7128 to
170.615 483.842 26.3303 8.7128 require
200.606 483.842 4.07813 8.7128 a
208.033 483.842 35.3214 8.7128 summary
246.698 483.842 7.36942 8.7128 in
257.47 483.842 8.61685 8.7128 its
269.433 483.842 15.66 8.7128 offi-

67.5434 494.386 12.7334 8.7128 cial
83.1909 494.386 43.7751 8.7128 language(s).

41.9182 535.619 13.5447 7.7447 (36)
67.5434 534.923 14.1151 8.7128 The
87.9532 534.923 40.1096 8.7128 competent
134.33 534.923 34.5154 8.7128 authority
175.15 534.923 7.67648 8.7128 of
188.983 534.923 11.7546 8.7128 the
207.069 534.923 16.1878 8.7128 host
229.407 534.923 31.1089 8.7128 Member
266.826 534.923 18.1933 8.7128 State

67.5434 545.695 25.3132 8.7128 should
99.0659 545.695 8.77038 8.7128 be
114.26 545.695 27.9904 8.7128 entitled
148.56 545.695 7.76284 8.7128 to
162.62 545.695 25.8314 8.7128 receive
195.106 545.695 4.07813 8.7128 a
205.538 545.695 36.2714 8.7128 certificate
248.399 545.695 18.5771 8.7128 from
273.232 545.695 11.7546 8.7128 the

67.5434 556.296 40.1096 8.7128 competent
111.822 556.296 34.5154 8.7128 authority
150.602 556.296 7.67648 8.7128 of
162.451 556.296 11.7546 8.7128 the
178.439 556.296 21.5133 8.7128 home
204.121 556.296 31.1089 8.7128 Member
239.556 556.296 18.1933 8.7128 State
261.95 556.296 22.9719 8.7128 which

67.5434 566.841 20.5634 8.7128 states
91.4115 566.841 14.7005 8.7128 that
109.497 566.841 11.7546 8.7128 the
124.691 566.841 40.6949 8.7128 prospectus
168.8 566.841 12.5031 8.7128 has
184.674 566.841 17.7423 8.7128 been
205.877 566.841 23.7875 8.7128 drawn
233.034 566.841 9.86428 8.7128 up
246.357 566.841 7.36942 8.7128 in
257.129 566.841 27.8656 8.7128 accord-

67.5434 577.386 17.0226 8.7128 ance
89.881 577.386 16.8403 8.7128 with
112.049 577.386 13.597 8.7128 this
130.928 577.386 35.6764 8.7128 Directive.
172.088 577.386 7.65729 8.7128 In
184.958 577.386 20.1604 8.7128 order
210.414 577.386 7.76284 8.7128 to
223.397 577.386 24.5072 8.7128 ensure
253.275 577.386 14.7005 8.7128 that
273.232 577.386 11.7546 8.7128 the

67.5434 587.93 33.9013 8.7128 purposes
104.339 587.93 7.67648 8.7128 of
114.827 587.93 13.597 8.7128 this
131.381 587.93 33.5942 8.7128 Directive
168.063 587.93 13.7025 8.7128 will
184.675 587.93 8.77038 8.7128 be
196.41 587.93 16.658 8.7128 fully
215.913 587.93 34.4962 8.7128 achieved,
253.502 587.93 5.17203 8.7128 it
261.61 587.93 5.79574 8.7128 is
270.341 587.93 14.7964 8.7128 also

67.5434 598.475 35.5133 8.7128 necessary
106.38 598.475 7.76284 8.7128 to
117.378 598.475 27.2419 8.7128 include
147.936 598.475 24.2097 8.7128 within
175.49 598.475 8.61685 8.7128 its
187.339 598.475 21.3022 8.7128 scope
211.887 598.475 34.429 8.7128 securities
249.759 598.475 22.8087 8.7128 issued
275.839 598.475 9.20218 8.7128 by

67.5434 609.076 24.7758 8.7128 issuers
95.2104 609.076 34.7073 8.7128 governed
132.856 609.076 9.20218 8.7128 by
144.932 609.076 11.7546 8.7128 the
159.616 609.076 16.5428 8.7128 laws
179.006 609.076 7.67648 8.7128 of
189.494 609.076 18.1549 8.7128 third
210.527 609.076 36.7224 8.7128 countries.

41.9182 650.252 13.5447 7.7447 (37)
67.5434 649.556 6.37148 8.7128 A
79.0524 649.556 25.2364 8.7128 variety
109.554 649.556 7.67648 8.7128 of
122.254 649.556 40.1096 8.7128 competent
167.439 649.556 39.8793 8.7128 authorities
212.512 649.556 7.36942 8.7128 in
225.041 649.556 31.1089 8.7128 Member
261.326 649.556 23.7203 8.7128 States,

67.5434 660.385 25.2652 8.7128 having
96.6843 660.385 31.5695 8.7128 different
132.006 660.385 57.9094 8.7128 responsibilities,
193.747 660.385 16.1014 8.7128 may
213.589 660.385 22.0411 8.7128 create
239.556 660.385 45.4064 8.7128 unnecessary

67.5434 670.929 18.6251 8.7128 costs
95.4935 670.929 13.8369 8.7128 and
118.738 670.929 44.7539 8.7128 overlapping
173.108 670.929 7.67648 8.7128 of
190.173 670.929 55.8272 8.7128 responsibilities
255.542 670.929 29.4777 8.7128 without

67.5434 681.474 36.4921 8.7128 providing
108.137 681.474 13.4818 8.7128 any
125.655 681.474 37.4516 8.7128 additional
167.1 681.474 27.7313 8.7128 benefit.
198.905 681.474 7.65729 8.7128 In
210.527 681.474 16.9842 8.7128 each
231.618 681.474 31.1089 8.7128 Member
266.825 681.474 18.1933 8.7128 State

67.5434 692.019 13.9136 8.7128 one
85.1753 692.019 21.5517 8.7128 single
110.461 692.019 40.1096 8.7128 competent
154.286 692.019 34.5154 8.7128 authority
192.611 692.019 25.3132 8.7128 should
221.526 692.019 8.77038 8.7128 be
233.998 692.019 39.5531 8.7128 designated
277.313 692.019 7.76284 8.7128 to

67.5434 702.563 30.6004 8.7128 approve
102.978 702.563 48.0931 8.7128 prospectuses
155.818 702.563 13.8369 8.7128 and
174.357 702.563 7.76284 8.7128 to
186.773 702.563 27.4338 8.7128 assume
218.919 702.563 50.4633 8.7128 responsibility
274.14 702.563 10.939 8.7128 for

67.5434 713.164 42.5277 8.7128 supervising
114.09 713.164 43.2474 8.7128 compliance
161.203 713.164 16.8403 8.7128 with
181.954 713.164 13.597 8.7128 this
199.416 713.164 35.6764 8.7128 Directive.
239.159 713.164 23.2789 8.7128 Under
266.315 713.164 18.673 8.7128 strict

67.5434 723.709 41.6833 8.7128 conditions,
112.842 723.709 4.07813 8.7128 a
120.666 723.709 31.1089 8.7128 Member
155.59 723.709 18.1933 8.7128 State
177.531 723.709 25.3132 8.7128 should
206.445 723.709 8.77038 8.7128 be
218.974 723.709 29.0651 8.7128 allowed
251.688 723.709 7.76284 8.7128 to
263.14 723.709 21.8396 8.7128 desig-

67.5434 734.254 15.8711 8.7128 nate
87.3295 734.254 19.7957 8.7128 more
111.028 734.254 16.8979 8.7128 than
131.835 734.254 13.9136 8.7128 one
149.637 734.254 40.1096 8.7128 competent
193.632 734.254 36.5976 8.7128 authority,
234.225 734.254 12.5127 8.7128 but
250.609 734.254 16.6772 8.7128 only
271.132 734.254 13.9136 8.7128 one

67.5434 744.798 13.7025 8.7128 will
87.2163 744.798 27.4338 8.7128 assume
120.61 744.798 11.7546 8.7128 the
138.468 744.798 22.185 8.7128 duties
166.646 744.798 10.939 8.7128 for
183.541 744.798 48.0452 8.7128 international
237.627 744.798 47.3543 8.7128 cooperation.

67.5434 755.343 18.3468 8.7128 Such
89.0308 755.343 9.09663 8.7128 an
101.22 755.343 34.5154 8.7128 authority
138.922 755.343 8.20424 8.7128 or
150.261 755.343 39.8793 8.7128 authorities
193.349 755.343 25.3132 8.7128 should
221.64 755.343 8.77038 8.7128 be
233.545 755.343 40.9156 8.7128 established
277.54 755.343 7.52295 8.7128 as

67.5434 765.887 9.09663 8.7128 an
79.6195 765.887 53.3918 8.7128 administrative
136.031 765.887 34.5154 8.7128 authority
173.676 765.887 13.8369 8.7128 and
190.458 765.887 7.36942 8.7128 in
200.89 765.887 17.2721 8.7128 such
221.186 765.887 4.07813 8.7128 a
228.329 765.887 18.5771 8.7128 form
249.817 765.887 14.7005 8.7128 that
267.505 765.887 17.368 8.7128 their

67.5434 776.489 51.6627 8.7128 independence
123.785 776.489 18.5771 8.7128 from
146.803 776.489 36.7895 8.7128 economic
188.077 776.489 22.5209 8.7128 actors
215.063 776.489 5.79574 8.7128 is
225.381 776.489 41.2323 8.7128 guaranteed
271.247 776.489 13.8369 8.7128 and

67.5434 787.033 31.5887 8.7128 conflicts
103.885 787.033 7.67648 8.7128 of
116.357 787.033 27.6257 8.7128 interest
148.9 787.033 11.294 8.7128 are
165.171 787.033 31.2721 8.7128 avoided.
201.343 787.033 14.1151 8.7128 The
220.392 787.033 43.1706 8.7128 designation
268.469 787.033 7.67648 8.7128 of
280.941 787.033 4.07813 8.7128 a

336.213 76.8945 40.1096 8.7128 competent
379.698 76.8945 34.5154 8.7128 authority
417.626 76.8945 10.939 8.7128 for
431.913 76.8945 40.6949 8.7128 prospectus
475.966 76.8945 33.0568 8.7128 approval
512.477 76.8945 25.3132 8.7128 should
540.994 76.8945 12.7813 8.7128 not

336.213 87.4391 28.307 8.7128 exclude
369.492 87.4391 45.272 8.7128 cooperation
419.724 87.4391 31.2049 8.7128 between
455.896 87.4391 14.7005 8.7128 that
475.512 87.4391 34.5154 8.7128 authority
515.028 87.4391 13.8369 8.7128 and
533.738 87.4391 19.9588 8.7128 other

336.213 97.9837 28.7964 8.7128 entities,
369.889 97.9837 16.8403 8.7128 with
391.603 97.9837 4.07813 8.7128 a
400.504 97.9837 17.3776 8.7128 view
422.842 97.9837 7.76284 8.7128 to
435.314 97.9837 48.3138 8.7128 guaranteeing
488.72 97.9837 29.8903 8.7128 efficient
523.531 97.9837 30.1302 8.7128 scrutiny

336.213 108.528 13.8369 8.7128 and
354.185 108.528 33.0568 8.7128 approval
391.491 108.528 7.67648 8.7128 of
403.283 108.528 48.0931 8.7128 prospectuses
455.556 108.528 7.36942 8.7128 in
467.121 108.528 11.7546 8.7128 the
483.166 108.528 27.6257 8.7128 interest
515.028 108.528 7.67648 8.7128 of
526.82 108.528 26.8581 8.7128 issuers,

336.213 119.073 35.7052 8.7128 investors,
376.693 119.073 29.8423 8.7128 markets
411.333 119.073 44.1781 8.7128 participants
460.43 119.073 13.8369 8.7128 and
479.026 119.073 29.8423 8.7128 markets
513.609 119.073 19.4407 8.7128 alike.
537.931 119.073 15.7752 8.7128 Any

336.213 129.675 38.6415 8.7128 delegation
379.187 129.675 7.67648 8.7128 of
391.093 129.675 18.4331 8.7128 tasks
413.714 129.675 28.2686 8.7128 relating
446.428 129.675 7.76284 8.7128 to
458.389 129.675 11.7546 8.7128 the
474.491 129.675 41.5489 8.7128 obligations
520.3 129.675 33.3639 8.7128 provided

336.213 140.22 10.939 8.7128 for
351.463 140.22 7.36942 8.7128 in
363.198 140.22 13.597 8.7128 this
381.113 140.22 33.5942 8.7128 Directive
419.269 140.22 13.8369 8.7128 and
437.412 140.22 7.36942 8.7128 in
449.147 140.22 8.61685 8.7128 its
462.073 140.22 52.5167 8.7128 implementing
518.995 140.22 34.6497 8.7128 measures

336.213 150.764 25.3132 8.7128 should
365.24 150.764 8.77038 8.7128 be
377.826 150.764 35.3694 8.7128 reviewed,
417.229 150.764 7.36942 8.7128 in
428.454 150.764 41.9903 8.7128 accordance
474.377 150.764 16.8403 8.7128 with
495.071 150.764 25.0637 8.7128 Article
524.098 150.764 12.3112 8.7128 31,
540.2 150.764 13.4242 8.7128 five

336.213 161.309 19.124 8.7128 years
359.174 161.309 16.8499 8.7128 after
379.868 161.309 11.7546 8.7128 the
395.459 161.309 15.5928 8.7128 date
414.848 161.309 7.67648 8.7128 of
426.244 161.309 19.4407 8.7128 entry
449.545 161.309 15.1323 8.7128 into
468.425 161.309 18.8649 8.7128 force
491.159 161.309 7.67648 8.7128 of
502.499 161.309 13.597 8.7128 this
519.904 161.309 33.5942 8.7128 Directive

336.213 171.854 13.8369 8.7128 and
354.979 171.854 27.3954 8.7128 should,
387.238 171.854 24.1713 8.7128 except
416.549 171.854 10.939 8.7128 for
432.423 171.854 42.5469 8.7128 publication
479.99 171.854 9.96023 8.7128 on
494.844 171.854 11.7546 8.7128 the
511.626 171.854 29.4873 8.7128 Internet
546.096 171.854 7.67648 8.7128 of

336.213 182.455 35.3406 8.7128 approved
374.992 182.455 50.1754 8.7128 prospectuses,
428.626 182.455 13.8369 8.7128 and
445.804 182.455 11.7546 8.7128 the
460.998 182.455 19.2392 8.7128 filing
483.732 182.455 7.67648 8.7128 of
494.731 182.455 48.0931 8.7128 prospectuses
546.21 182.455 7.52295 8.7128 as

336.213 192.999 40.4359 8.7128 mentioned
380.207 192.999 7.36942 8.7128 in
391.206 192.999 25.0637 8.7128 Article
420.007 192.999 12.3112 8.7128 14,
435.939 192.999 13.7121 8.7128 end
453.231 192.999 18.5579 8.7128 eight
475.512 192.999 19.124 8.7128 years
498.303 192.999 16.8499 8.7128 after
518.826 192.999 11.7546 8.7128 the
534.191 192.999 19.4407 8.7128 entry

336.213 203.544 15.1323 8.7128 into
354.185 203.544 18.8649 8.7128 force
375.956 203.544 7.67648 8.7128 of
386.444 203.544 13.597 8.7128 this
402.885 203.544 35.6764 8.7128 Directive.

310.643 241.723 13.5447 7.7447 (38)
336.211 241.027 6.37148 8.7128 A
346.586 241.027 34.1507 8.7128 common
384.514 241.027 37.5092 8.7128 minimum
426.015 241.027 10.2193 8.7128 set
440.189 241.027 7.67648 8.7128 of
451.754 241.027 27.2803 8.7128 powers
482.993 241.027 10.939 8.7128 for
497.847 241.027 11.7546 8.7128 the
513.608 241.027 40.1096 8.7128 competent

336.211 251.856 39.8793 8.7128 authorities
379.073 251.856 13.7025 8.7128 will
395.57 251.856 36.4921 8.7128 guarantee
435.144 251.856 11.7546 8.7128 the
449.771 251.856 46.721 8.7128 effectiveness
499.436 251.856 7.67648 8.7128 of
509.867 251.856 17.368 8.7128 their
530.221 251.856 23.4229 8.7128 super-

336.211 262.4 24.5743 8.7128 vision.
364.388 262.4 14.1151 8.7128 The
382.19 262.4 16.6963 8.7128 flow
402.43 262.4 7.67648 8.7128 of
413.599 262.4 45.1569 8.7128 information
462.299 262.4 7.76284 8.7128 to
473.638 262.4 11.7546 8.7128 the
489.003 262.4 29.8423 8.7128 markets
522.396 262.4 31.0706 8.7128 required

336.211 272.945 9.20218 8.7128 by
349.364 272.945 33.5942 8.7128 Directive
387.122 272.945 46.5003 8.7128 2001/34/EC
437.581 272.945 25.3132 8.7128 should
466.722 272.945 8.77038 8.7128 be
479.478 272.945 29.2474 8.7128 ensured
512.758 272.945 13.8369 8.7128 and
530.503 272.945 23.183 8.7128 action

336.211 283.546 26.244 8.7128 against
366.032 283.546 32.4619 8.7128 breaches
402.091 283.546 25.3132 8.7128 should
430.835 283.546 8.77038 8.7128 be
443.138 283.546 20.5154 8.7128 taken
467.12 283.546 9.20218 8.7128 by
479.82 283.546 40.1096 8.7128 competent
523.418 283.546 30.2069 8.7128 authori-

336.211 294.091 14.6525 8.7128 ties.

310.643 332.262 13.5447 7.7447 (39)
336.211 331.566 12.3975 8.7128 For
352.765 331.566 11.7546 8.7128 the
368.754 331.566 33.9013 8.7128 purposes
406.796 331.566 7.67648 8.7128 of
418.588 331.566 30.7827 8.7128 carrying
453.739 331.566 12.6374 8.7128 out
470.464 331.566 17.368 8.7128 their
492.178 331.566 24.2673 8.7128 duties,
520.638 331.566 33.0377 8.7128 coopera-

336.211 342.394 15.1323 8.7128 tion
358.038 342.394 31.2049 8.7128 between
396.08 342.394 40.1096 8.7128 competent
442.91 342.394 39.8793 8.7128 authorities
489.626 342.394 7.67648 8.7128 of
503.97 342.394 11.7546 8.7128 the
522.509 342.394 31.1089 8.7128 Member

336.211 352.939 21.6381 8.7128 States
360.703 352.939 5.79574 8.7128 is
369.377 352.939 33.1528 8.7128 required.

310.643 391.109 13.5447 7.7447 (40)
336.211 390.413 35.8396 8.7128 Technical
376.238 390.413 33.4407 8.7128 guidance
413.827 390.413 13.8369 8.7128 and
431.685 390.413 52.5167 8.7128 implementing
488.267 390.413 34.6497 8.7128 measures
526.99 390.413 10.939 8.7128 for
541.9 390.413 11.7546 8.7128 the

336.211 401.241 17.867 8.7128 rules
357.529 401.241 13.501 8.7128 laid
374.424 401.241 21.3886 8.7128 down
399.143 401.241 7.36942 8.7128 in
409.971 401.241 13.597 8.7128 this
426.98 401.241 33.5942 8.7128 Directive
464.171 401.241 16.1014 8.7128 may
483.674 401.241 18.5771 8.7128 from
505.558 401.241 16.7635 8.7128 time
525.798 401.241 7.76284 8.7128 to
536.91 401.241 16.7635 8.7128 time

336.211 411.786 8.77038 8.7128 be
351.178 411.786 35.5133 8.7128 necessary
392.906 411.786 7.76284 8.7128 to
406.795 411.786 15.4969 8.7128 take
428.453 411.786 15.1323 8.7128 into
449.713 411.786 29.6792 8.7128 account
485.543 411.786 52.1713 8.7128 developments
543.826 411.786 9.96023 8.7128 on

336.211 422.331 31.9342 8.7128 financial
372.893 422.331 31.9246 8.7128 markets.
409.461 422.331 14.1151 8.7128 The
428.34 422.331 47.4023 8.7128 Commission
480.216 422.331 25.3132 8.7128 should
510.15 422.331 43.5065 8.7128 accordingly

336.211 432.932 8.77038 8.7128 be
354.183 432.932 44.1206 8.7128 empowered
407.589 432.932 7.76284 8.7128 to
424.484 432.932 21.5709 8.7128 adopt
455.155 432.932 52.5167 8.7128 implementing
516.896 432.932 36.732 8.7128 measures,

336.211 443.476 33.3639 8.7128 provided
372.722 443.476 14.7005 8.7128 that
390.524 443.476 19.1528 8.7128 these
412.862 443.476 9.68196 8.7128 do
425.561 443.476 12.7813 8.7128 not
441.379 443.476 26.7909 8.7128 modify
471.2 443.476 11.7546 8.7128 the
486.111 443.476 31.3968 8.7128 essential
520.581 443.476 33.1144 8.7128 elements

336.211 454.021 7.67648 8.7128 of
347.209 454.021 13.597 8.7128 this
364.218 454.021 33.5942 8.7128 Directive
401.466 454.021 13.8369 8.7128 and
418.644 454.021 33.3639 8.7128 provided
455.496 454.021 14.7005 8.7128 that
473.582 454.021 11.7546 8.7128 the
488.775 454.021 47.4023 8.7128 Commission
539.404 454.021 14.3166 8.7128 acts

336.211 464.566 7.36942 8.7128 in
347.55 464.566 41.9903 8.7128 accordance
393.644 464.566 16.8403 8.7128 with
414.451 464.566 11.7546 8.7128 the
430.211 464.566 36.6648 8.7128 principles
470.975 464.566 10.2193 8.7128 set
485.149 464.566 12.6374 8.7128 out
501.704 464.566 7.36942 8.7128 in
513.044 464.566 13.597 8.7128 this
530.619 464.566 22.9815 8.7128 Direc-

336.211 475.11 15.5929 8.7128 tive,
355.373 475.11 16.8499 8.7128 after
375.67 475.11 39.2268 8.7128 consulting
418.304 475.11 11.7546 8.7128 the
433.555 475.11 35.7724 8.7128 European
472.9 475.11 35.5037 8.7128 Securities
512.02 475.11 41.7505 8.7128 Committee

336.211 485.655 40.9156 8.7128 established
379.979 485.655 9.20218 8.7128 by
392.055 485.655 47.4023 8.7128 Commission
442.118 485.655 32.5771 8.7128 Decision
477.609 485.655 51.6147 8.7128 2001/528/EC
531.582 485.655 2.50445 8.7128 (
534.069 485.239 2.86402 4.87905 1
536.904 485.657 4.5867 8.7128 ).

310.643 523.884 13.5447 7.7447 (41)
336.211 523.188 7.65729 8.7128 In
349.534 523.188 37.2405 8.7128 exercising
392.792 523.188 8.61685 8.7128 its
407.136 523.188 52.5167 8.7128 implementing
465.419 523.188 27.2803 8.7128 powers
498.472 523.188 7.36942 8.7128 in
511.624 523.188 41.9903 8.7128 accordance

336.211 533.96 16.8403 8.7128 with
357.188 533.96 13.597 8.7128 this
374.876 533.96 35.6764 8.7128 Directive,
414.846 533.96 11.7546 8.7128 the
430.777 533.96 47.4023 8.7128 Commission
482.029 533.96 25.3132 8.7128 should
511.339 533.96 26.3975 8.7128 respect
541.897 533.96 11.7546 8.7128 the

336.211 544.561 35.7916 8.7128 following
374.763 544.561 38.747 8.7128 principles:

350.214 573.078 11.7546 8.7128 the
366.598 573.078 17.6655 8.7128 need
388.823 573.078 7.76284 8.7128 to
401.069 573.078 24.5072 8.7128 ensure
430.209 573.078 40.6566 8.7128 confidence
475.452 573.078 7.36942 8.7128 in
487.357 573.078 31.9342 8.7128 financial
523.925 573.078 29.8423 8.7128 markets

350.214 583.679 26.1288 8.7128 among
380.319 583.679 19.8245 8.7128 small
404.017 583.679 33.623 8.7128 investors
441.55 583.679 13.8369 8.7128 and
459.351 583.679 19.8245 8.7128 small
483.05 583.679 13.8369 8.7128 and
500.851 583.679 52.8814 8.7128 medium-sized

350.214 594.224 40.455 8.7128 enterprises
395.513 594.224 25.1117 8.7128 (SMEs)
425.334 594.224 9.20218 8.7128 by
439.224 594.224 40.4167 8.7128 promoting
484.296 594.224 16.7635 8.7128 high
505.897 594.224 35.6285 8.7128 standards
546.094 594.224 7.67648 8.7128 of

350.214 604.769 48.2851 8.7128 transparency
401.522 604.769 7.36942 8.7128 in
411.784 604.769 31.9342 8.7128 financial
446.652 604.769 31.9246 8.7128 markets,

350.214 633.342 11.7546 8.7128 the
366.088 633.342 17.6655 8.7128 need
387.858 633.342 7.76284 8.7128 to
399.65 633.342 28.6237 8.7128 provide
432.42 633.342 33.623 8.7128 investors
470.122 633.342 16.8403 8.7128 with
491.099 633.342 4.07813 8.7128 a
499.263 633.342 17.7327 8.7128 wide
521.147 633.342 20.7649 8.7128 range
546.093 633.342 7.67648 8.7128 of

350.214 643.887 40.1384 8.7128 competing
395.173 643.887 41.405 8.7128 investment
441.323 643.887 50.7607 8.7128 opportunities
496.885 643.887 13.8369 8.7128 and
515.48 643.887 4.07813 8.7128 a
524.324 643.887 16.9554 8.7128 level
546.095 643.887 7.67648 8.7128 of

350.214 654.431 37.3173 8.7128 disclosure
392.622 654.431 13.8369 8.7128 and
411.501 654.431 39.0733 8.7128 protection
455.667 654.431 28.4797 8.7128 tailored
489.23 654.431 7.76284 8.7128 to
502.043 654.431 17.368 8.7128 their
524.607 654.431 28.9691 8.7128 circum-

350.214 664.976 28.8156 8.7128 stances,

350.214 693.55 11.7546 8.7128 the
369.037 693.55 17.6655 8.7128 need
393.698 693.55 7.76284 8.7128 to
408.381 693.55 24.5072 8.7128 ensure
439.961 693.55 14.7005 8.7128 that
461.618 693.55 46.5579 8.7128 independent
515.195 693.55 38.3632 8.7128 regulatory

350.214 704.094 39.8793 8.7128 authorities
394.946 704.094 27.8368 8.7128 enforce
427.545 704.094 11.7546 8.7128 the
444.043 704.094 17.867 8.7128 rules
466.607 704.094 46.5866 8.7128 consistently,
517.802 704.094 35.7916 8.7128 especially

350.214 714.639 7.52295 8.7128 as
360.589 714.639 27.1939 8.7128 regards
390.75 714.639 11.7546 8.7128 the
405.435 714.639 17.3392 8.7128 fight
425.731 714.639 26.244 8.7128 against
454.872 714.639 44.6099 8.7128 white-collar
502.439 714.639 23.2597 8.7128 crime,

350.214 743.213 11.7546 8.7128 the
365.124 743.213 17.6655 8.7128 need
385.932 743.213 10.939 8.7128 for
399.935 743.213 4.07813 8.7128 a
407.135 743.213 16.7635 8.7128 high
427.149 743.213 16.9554 8.7128 level
447.219 743.213 7.67648 8.7128 of
457.934 743.213 48.2851 8.7128 transparency
509.413 743.213 13.8369 8.7128 and
526.308 743.213 27.4818 8.7128 consul-

350.214 753.757 22.0315 8.7128 tation
378.335 753.757 16.8403 8.7128 with
401.353 753.757 8.74159 8.7128 all
416.15 753.757 26.3975 8.7128 market
448.636 753.757 44.1781 8.7128 participants
499.038 753.757 13.8369 8.7128 and
518.937 753.757 16.8403 8.7128 with
541.898 753.757 11.7546 8.7128 the

350.214 764.359 35.7724 8.7128 European
388.994 764.359 40.0712 8.7128 Parliament
431.968 764.359 13.8369 8.7128 and
448.637 764.359 11.7546 8.7128 the
463.321 764.359 31.2049 8.7128 Council,

41.9182 51.2759 45.0801 8.7128 31.12.2003

517.914 51.2759 4.55791 8.7128 L
525.397 51.2759 28.3358 8.7128 345/67

223.846 51.2759 27.5298 8.7128 Official
254.348 51.2759 27.098 8.7128 Journal
284.283 51.2759 7.67648 8.7128 of
294.771 51.2759 11.7546 8.7128 the
309.455 51.2759 35.7724 8.7128 European
348.235 51.2759 23.634 8.7128 Union

120.154 52.1989 9.8344 7.7447 EN

310.643 787.733 2.22617 7.7447 (
312.853 787.292 2.54582 4.33697 1
315.405 787.733 2.22617 7.7447 )
321.867 787.733 8.50381 7.7447 OJ
332.922 787.733 4.05147 7.7447 L
339.612 787.733 15.4894 7.7447 191,
357.583 787.733 37.3758 7.7447 13.7.2001,
397.438 787.733 6.28617 7.7447 p.
406.338 787.733 10.9432 7.7447 45.

81.5463 76.9011 11.7546 8.7128 the
101.219 76.9011 17.6655 8.7128 need
126.845 76.9011 7.76284 8.7128 to
142.38 76.9011 38.5071 8.7128 encourage
188.983 76.9011 40.9252 8.7128 innovation
237.74 76.9011 7.36942 8.7128 in
253.047 76.9011 31.9342 8.7128 financial

81.5463 87.4457 29.8423 8.7128 markets
114.203 87.4457 5.08567 8.7128 if
122.197 87.4457 16.1398 8.7128 they
141.303 87.4457 11.294 8.7128 are
155.533 87.4457 7.76284 8.7128 to
166.135 87.4457 8.77038 8.7128 be
177.814 87.4457 32.1836 8.7128 dynamic
212.852 87.4457 13.8369 8.7128 and
229.577 87.4457 31.9725 8.7128 efficient,

81.5463 112.788 11.7546 8.7128 the
96.9674 112.788 17.6655 8.7128 need
118.285 112.788 7.76284 8.7128 to
129.568 112.788 24.5072 8.7128 ensure
157.802 112.788 32.0109 8.7128 systemic
193.406 112.788 29.4009 8.7128 stability
226.402 112.788 7.67648 8.7128 of
237.628 112.788 11.7546 8.7128 the
253.049 112.788 31.9342 8.7128 financial

81.5463 123.332 25.6874 8.7128 system
110.687 123.332 9.20218 8.7128 by
123.444 123.332 18.6443 8.7128 close
145.611 123.332 13.8369 8.7128 and
162.96 123.332 28.7772 8.7128 reactive
195.503 123.332 42.7964 8.7128 monitoring
241.879 123.332 7.67648 8.7128 of
253.048 123.332 31.9342 8.7128 financial

81.5463 133.877 43.0075 8.7128 innovation,

81.5463 159.219 11.7546 8.7128 the
101.616 159.219 43.0267 8.7128 importance
152.982 159.219 7.67648 8.7128 of
168.799 159.219 32.625 8.7128 reducing
209.846 159.219 11.7546 8.7128 the
229.916 159.219 15.1802 8.7128 cost
253.274 159.219 9.75873 8.7128 of,
271.246 159.219 13.8369 8.7128 and

81.5463 169.763 37.9026 8.7128 increasing
122.537 169.763 22.8663 8.7128 access
148.276 169.763 9.84509 8.7128 to,
160.976 169.763 26.7046 8.7128 capital,

81.5463 195.105 11.7546 8.7128 the
97.1373 195.105 17.6655 8.7128 need
118.625 195.105 7.76284 8.7128 to
130.134 195.105 30.3317 8.7128 balance,
164.321 195.105 9.96023 8.7128 on
177.984 195.105 4.07813 8.7128 a
185.864 195.105 37.3173 8.7128 long-term
226.968 195.105 20.2179 8.7128 basis,
250.95 195.105 11.7546 8.7128 the
266.541 195.105 18.6251 8.7128 costs

81.5463 205.707 13.8369 8.7128 and
99.4047 205.707 29.0939 8.7128 benefits
132.571 205.707 7.76284 8.7128 to
144.363 205.707 26.3975 8.7128 market
174.808 205.707 44.1781 8.7128 participants
223.169 205.707 37.6148 8.7128 (including
264.953 205.707 20.1028 8.7128 SMEs

81.5463 216.251 13.8369 8.7128 and
98.2148 216.251 19.8245 8.7128 small
120.78 216.251 36.1274 8.7128 investors)
159.786 216.251 7.67648 8.7128 of
170.274 216.251 13.4818 8.7128 any
186.602 216.251 52.5167 8.7128 implementing
242.107 216.251 36.732 8.7128 measures,

81.5463 241.593 11.7546 8.7128 the
97.5345 241.593 17.6655 8.7128 need
119.475 241.593 7.76284 8.7128 to
131.38 241.593 21.1583 8.7128 foster
156.666 241.593 11.7546 8.7128 the
172.655 241.593 48.0452 8.7128 international
224.928 241.593 60.0397 8.7128 competitiveness

81.5463 252.138 7.67648 8.7128 of
92.4882 252.138 11.7546 8.7128 the
107.682 252.138 50.492 8.7128 Community's
161.316 252.138 31.9342 8.7128 financial
196.637 252.138 29.8423 8.7128 markets
229.803 252.138 29.4777 8.7128 without
262.63 252.138 22.2618 8.7128 preju-

81.5463 262.682 15.0171 8.7128 dice
102.353 262.682 7.76284 8.7128 to
115.734 262.682 4.07813 8.7128 a
125.485 262.682 50.7223 8.7128 much-needed
182.009 262.682 35.9835 8.7128 extension
223.68 262.682 7.67648 8.7128 of
236.946 262.682 48.0452 8.7128 international

81.5463 273.227 47.3543 8.7128 cooperation,

81.5463 298.569 11.7546 8.7128 the
99.3481 298.569 17.6655 8.7128 need
123.046 298.569 7.76284 8.7128 to
136.71 298.569 27.6737 8.7128 achieve
170.613 298.569 4.07813 8.7128 a
180.704 298.569 16.9554 8.7128 level
203.666 298.569 27.6065 8.7128 playing
237.342 298.569 16.111 8.7128 field
259.454 298.569 10.939 8.7128 for
276.349 298.569 8.74159 8.7128 all

81.5463 309.114 26.3975 8.7128 market
110.915 309.114 44.1781 8.7128 participants
158.141 309.114 9.20218 8.7128 by
170.331 309.114 44.0438 8.7128 establishing
217.387 309.114 45.3008 8.7128 Community
265.522 309.114 19.4311 8.7128 legis-

81.5463 319.715 21.5421 8.7128 lation
105.925 319.715 19.9397 8.7128 every
128.886 319.715 16.7635 8.7128 time
148.559 319.715 5.17203 8.7128 it
156.666 319.715 5.79574 8.7128 is
165.341 319.715 45.7998 8.7128 appropriate,

81.5463 345 11.7546 8.7128 the
97.5911 345 17.6655 8.7128 need
119.531 345 7.76284 8.7128 to
131.437 345 26.3975 8.7128 respect
162.166 345 40.1192 8.7128 differences
206.614 345 7.36942 8.7128 in
218.237 345 30.6388 8.7128 national
253.048 345 31.9342 8.7128 financial

81.5463 355.601 29.8423 8.7128 markets
115.166 355.601 22.8375 8.7128 where
141.927 355.601 19.1528 8.7128 these
164.945 355.601 9.68196 8.7128 do
178.325 355.601 12.7813 8.7128 not
194.822 355.601 26.2248 8.7128 unduly
224.814 355.601 30.7539 8.7128 impinge
259.512 355.601 9.96023 8.7128 on
273.232 355.601 11.7546 8.7128 the

81.5463 366.146 38.0082 8.7128 coherence
122.65 366.146 7.67648 8.7128 of
133.081 366.146 11.7546 8.7128 the
147.766 366.146 21.5517 8.7128 single
172.257 366.146 28.4797 8.7128 market,

81.5463 391.488 11.7546 8.7128 the
96.4003 391.488 17.6655 8.7128 need
117.151 391.488 7.76284 8.7128 to
127.923 391.488 24.5072 8.7128 ensure
155.59 391.488 38.0082 8.7128 coherence
196.807 391.488 16.8403 8.7128 with
216.763 391.488 19.9588 8.7128 other
239.837 391.488 45.3008 8.7128 Community

81.5463 402.033 38.0753 8.7128 legislation
123.217 402.033 7.36942 8.7128 in
134.216 402.033 13.597 8.7128 this
151.394 402.033 17.4544 8.7128 area,
172.597 402.033 7.52295 8.7128 as
183.652 402.033 41.6833 8.7128 imbalances
228.951 402.033 7.36942 8.7128 in
239.95 402.033 45.1569 8.7128 information

81.5463 412.577 13.8369 8.7128 and
98.3847 412.577 4.07813 8.7128 a
105.528 412.577 15.0267 8.7128 lack
123.613 412.577 7.67648 8.7128 of
134.272 412.577 48.2851 8.7128 transparency
185.695 412.577 16.1014 8.7128 may
204.857 412.577 37.9986 8.7128 jeopardise
246.018 412.577 11.7546 8.7128 the
260.815 412.577 24.1233 8.7128 opera-

81.5463 423.122 15.1323 8.7128 tion
100.88 423.122 7.67648 8.7128 of
112.728 423.122 11.7546 8.7128 the
128.83 423.122 29.8423 8.7128 markets
162.847 423.122 13.8369 8.7128 and
180.876 423.122 22.1754 8.7128 above
207.352 423.122 8.74159 8.7128 all
220.279 423.122 19.9588 8.7128 harm
244.544 423.122 40.551 8.7128 consumers

81.5463 433.666 13.8369 8.7128 and
98.2148 433.666 19.8245 8.7128 small
120.78 433.666 35.7052 8.7128 investors.

41.9182 467.021 13.5447 7.7447 (42)
67.5434 466.325 14.1151 8.7128 The
86.3661 466.325 35.7724 8.7128 European
126.903 466.325 40.0712 8.7128 Parliament
171.578 466.325 25.3132 8.7128 should
201.399 466.325 8.77038 8.7128 be
214.836 466.325 20.1604 8.7128 given
239.782 466.325 4.07813 8.7128 a
248.513 466.325 24.2385 8.7128 period
277.427 466.325 7.67648 8.7128 of

67.5434 477.153 18.9705 8.7128 three
90.1075 477.153 28.8444 8.7128 months
122.254 477.153 18.5771 8.7128 from
144.194 477.153 11.7546 8.7128 the
159.502 477.153 14.6141 8.7128 first
177.531 477.153 47.8149 8.7128 transmission
228.726 477.153 7.67648 8.7128 of
239.782 477.153 17.6367 8.7128 draft
260.815 477.153 24.1617 8.7128 imple-

67.5434 487.698 31.2529 8.7128 menting
103.035 487.698 34.6497 8.7128 measures
141.968 487.698 7.76284 8.7128 to
153.931 487.698 20.3715 8.7128 allow
178.422 487.698 5.17203 8.7128 it
187.89 487.698 7.76284 8.7128 to
199.796 487.698 31.4736 8.7128 examine
235.627 487.698 19.3927 8.7128 them
259.268 487.698 13.8369 8.7128 and
277.297 487.698 7.76284 8.7128 to

67.5434 498.299 15.1419 8.7128 give
87.1597 498.299 8.61685 8.7128 its
100.029 498.299 31.6943 8.7128 opinion.
136.031 498.299 35.7532 8.7128 However,
176.228 498.299 7.36942 8.7128 in
187.907 498.299 24.3824 8.7128 urgent
216.708 498.299 13.8369 8.7128 and
234.85 498.299 16.3317 8.7128 duly
255.43 498.299 29.5544 8.7128 justified

67.5434 508.844 20.976 8.7128 cases,
94.5301 508.844 13.597 8.7128 this
114.146 508.844 24.2385 8.7128 period
144.478 508.844 16.1014 8.7128 may
166.589 508.844 8.77038 8.7128 be
181.387 508.844 39.198 8.7128 shortened.
226.629 508.844 7.45578 8.7128 If,
240.009 508.844 24.2097 8.7128 within
270.341 508.844 14.7005 8.7128 that

67.5434 519.388 26.3207 8.7128 period,
98.7253 519.388 4.07813 8.7128 a
107.57 519.388 37.941 8.7128 resolution
150.26 519.388 5.79574 8.7128 is
160.863 519.388 24.6511 8.7128 passed
190.231 519.388 9.20218 8.7128 by
204.177 519.388 11.7546 8.7128 the
220.788 519.388 35.7724 8.7128 European
261.438 519.388 23.538 8.7128 Parlia-

67.5434 529.933 21.5133 8.7128 ment,
95.7775 529.933 11.7546 8.7128 the
114.373 529.933 47.4023 8.7128 Commission
168.346 529.933 25.3132 8.7128 should
200.322 529.933 41.5873 8.7128 re-examine
248.852 529.933 11.7546 8.7128 the
267.448 529.933 17.6367 8.7128 draft

67.5434 540.477 36.732 8.7128 measures.

41.9182 573.83 13.5447 7.7447 (43)
67.5434 573.134 31.1089 8.7128 Member
103.091 573.134 21.6381 8.7128 States
129.115 573.134 25.3132 8.7128 should
158.709 573.134 10.7951 8.7128 lay
173.903 573.134 21.3886 8.7128 down
199.586 573.134 4.07813 8.7128 a
208.033 573.134 25.6874 8.7128 system
238.024 573.134 7.67648 8.7128 of
250.043 573.134 35.0911 8.7128 sanctions

67.5434 583.963 10.939 8.7128 for
81.4906 583.963 32.4619 8.7128 breaches
117.095 583.963 7.67648 8.7128 of
127.754 583.963 11.7546 8.7128 the
142.608 583.963 30.6388 8.7128 national
176.285 583.963 39.1309 8.7128 provisions
218.409 583.963 30.2645 8.7128 adopted
251.632 583.963 33.3639 8.7128 pursuant

67.5434 594.507 7.76284 8.7128 to
78.4853 594.507 13.597 8.7128 this
95.3802 594.507 33.5942 8.7128 Directive
132.459 594.507 13.8369 8.7128 and
149.523 594.507 25.3132 8.7128 should
177.984 594.507 15.4969 8.7128 take
196.75 594.507 8.74159 8.7128 all
208.713 594.507 11.7546 8.7128 the
223.793 594.507 34.6497 8.7128 measures
261.722 594.507 23.2405 8.7128 neces-

67.5434 605.109 15.1706 8.7128 sary
85.6858 605.109 7.76284 8.7128 to
96.3446 605.109 24.5072 8.7128 ensure
123.898 605.109 14.7005 8.7128 that
141.53 605.109 19.1528 8.7128 these
163.641 605.109 35.0911 8.7128 sanctions
201.628 605.109 11.294 8.7128 are
215.971 605.109 29.5161 8.7128 applied.
248.514 605.109 14.1151 8.7128 The
265.635 605.109 19.4119 8.7128 sanc-

67.5434 615.653 18.5771 8.7128 tions
89.4271 615.653 16.1206 8.7128 thus
108.874 615.653 33.3639 8.7128 provided
145.669 615.653 10.939 8.7128 for
159.956 615.653 25.3132 8.7128 should
188.53 615.653 8.77038 8.7128 be
200.662 615.653 32.9417 8.7128 effective,
237.173 615.653 47.93 8.7128 proportional

67.5434 626.198 13.8369 8.7128 and
84.2119 626.198 39.15 8.7128 dissuasive.

41.9182 659.55 13.5447 7.7447 (44)
67.5434 658.854 35.235 8.7128 Provision
105.813 658.854 25.3132 8.7128 should
134.103 658.854 8.77038 8.7128 be
145.952 658.854 20.4098 8.7128 made
169.424 658.854 10.939 8.7128 for
183.428 658.854 11.7546 8.7128 the
198.282 658.854 17.867 8.7128 right
219.372 658.854 7.67648 8.7128 of
230.03 658.854 26.9828 8.7128 judicial
260.249 658.854 24.5935 8.7128 review

67.5434 669.682 7.67648 8.7128 of
78.1456 669.682 34.2179 8.7128 decisions
115.394 669.682 20.5154 8.7128 taken
138.866 669.682 9.20218 8.7128 by
151.111 669.682 31.1089 8.7128 Member
185.299 669.682 23.3845 8.7128 States'
211.662 669.682 40.1096 8.7128 competent
254.75 669.682 30.2069 8.7128 authori-

67.5434 680.227 12.5702 8.7128 ties
83.0211 680.227 7.36942 8.7128 in
93.2826 680.227 26.3975 8.7128 respect
122.651 680.227 7.67648 8.7128 of
133.139 680.227 11.7546 8.7128 the
147.823 680.227 41.9232 8.7128 application
192.669 680.227 7.67648 8.7128 of
203.157 680.227 13.597 8.7128 this
219.598 680.227 35.6764 8.7128 Directive.

41.9182 713.578 13.5447 7.7447 (45)
67.5434 712.882 7.65729 8.7128 In
78.5985 712.882 41.9903 8.7128 accordance
124.125 712.882 16.8403 8.7128 with
144.421 712.882 11.7546 8.7128 the
159.672 712.882 33.22 8.7128 principle
196.524 712.882 7.67648 8.7128 of
207.579 712.882 59.5695 8.7128 proportionality,
270.567 712.882 5.17203 8.7128 it
279.242 712.882 5.79574 8.7128 is

67.5434 723.711 35.5133 8.7128 necessary
108.08 723.711 13.8369 8.7128 and
126.903 723.711 43.7176 8.7128 appropriate
175.717 723.711 10.939 8.7128 for
191.591 723.711 11.7546 8.7128 the
208.373 723.711 47.1048 8.7128 achievement
260.646 723.711 7.67648 8.7128 of
273.233 723.711 11.7546 8.7128 the

67.5434 734.255 18.6634 8.7128 basic
90.8444 734.255 33.479 8.7128 objective
129.114 734.255 7.67648 8.7128 of
141.359 734.255 32.3756 8.7128 ensuring
178.494 734.255 11.7546 8.7128 the
194.936 734.255 42.9595 8.7128 completion
242.446 734.255 7.67648 8.7128 of
254.692 734.255 4.07813 8.7128 a
263.423 734.255 21.5517 8.7128 single

67.5434 744.8 34.429 8.7128 securities
105.586 744.8 26.3975 8.7128 market
135.464 744.8 7.76284 8.7128 to
146.689 744.8 10.7951 8.7128 lay
160.919 744.8 21.3886 8.7128 down
185.695 744.8 17.867 8.7128 rules
207.069 744.8 9.96023 8.7128 on
220.506 744.8 4.07813 8.7128 a
228.046 744.8 21.5517 8.7128 single
253.162 744.8 31.9725 8.7128 passport

67.5434 755.345 10.939 8.7128 for
82.7371 755.345 26.8581 8.7128 issuers.
113.919 755.345 15.9575 8.7128 This
134.216 755.345 33.5942 8.7128 Directive
172.258 755.345 17.0802 8.7128 does
193.576 755.345 12.7813 8.7128 not
210.584 755.345 9.39409 8.7128 go
224.247 755.345 27.856 8.7128 beyond
256.337 755.345 18.5675 8.7128 what
279.242 755.345 5.79574 8.7128 is

67.5434 765.889 35.5133 8.7128 necessary
107.173 765.889 7.36942 8.7128 in
118.626 765.889 20.1604 8.7128 order
142.834 765.889 7.76284 8.7128 to
154.57 765.889 27.6737 8.7128 achieve
186.545 765.889 11.7546 8.7128 the
202.363 765.889 36.9239 8.7128 objectives
243.41 765.889 30.1398 8.7128 pursued
277.653 765.889 7.36942 8.7128 in

67.5434 776.49 41.9903 8.7128 accordance
113.296 776.49 16.8403 8.7128 with
133.819 776.49 11.7546 8.7128 the
149.24 776.49 18.1549 8.7128 third
171.124 776.49 38.1713 8.7128 paragraph
213.135 776.49 7.67648 8.7128 of
224.417 776.49 25.0637 8.7128 Article
253.218 776.49 5.11445 8.7128 5
262.006 776.49 7.67648 8.7128 of
273.232 776.49 11.7546 8.7128 the

67.5434 787.035 25.7642 8.7128 Treaty.

310.643 77.654 13.5447 7.7447 (46)
336.211 76.9578 14.1151 8.7128 The
353.446 76.9578 41.2419 8.7128 assessment
397.611 76.9578 20.4098 8.7128 made
421.083 76.9578 9.20218 8.7128 by
433.329 76.9578 11.7546 8.7128 the
448.183 76.9578 47.4023 8.7128 Commission
498.415 76.9578 7.67648 8.7128 of
509.074 76.9578 11.7546 8.7128 the
523.928 76.9578 29.6888 8.7128 applica-

336.211 87.7864 15.1323 8.7128 tion
355.43 87.7864 7.67648 8.7128 of
367.109 87.7864 13.597 8.7128 this
384.854 87.7864 33.5942 8.7128 Directive
422.783 87.7864 25.3132 8.7128 should
452.093 87.7864 19.9684 8.7128 focus
476.076 87.7864 7.36942 8.7128 in
487.584 87.7864 36.0219 8.7128 particular
527.895 87.7864 9.96023 8.7128 on
541.898 87.7864 11.7546 8.7128 the

336.211 98.3876 28.0096 8.7128 process
368.754 98.3876 7.67648 8.7128 of
380.943 98.3876 33.0568 8.7128 approval
418.645 98.3876 7.67648 8.7128 of
430.778 98.3876 48.0931 8.7128 prospectuses
483.447 98.3876 9.20218 8.7128 by
497.223 98.3876 11.7546 8.7128 the
513.608 98.3876 40.1096 8.7128 competent

336.211 108.932 39.8889 8.7128 authorities
379.422 108.932 7.67744 8.7128 of
390.252 108.932 11.7565 8.7128 the
405.277 108.932 31.1137 8.7128 Member
439.696 108.932 23.7261 8.7128 States,
466.598 108.932 13.8388 8.7128 and
483.665 108.932 19.7986 8.7128 more
506.685 108.932 33.7746 8.7128 generally
543.828 108.932 9.96119 8.7128 on

336.211 119.477 11.7546 8.7128 the
354.921 119.477 41.9232 8.7128 application
403.792 119.477 7.67648 8.7128 of
418.249 119.477 11.7546 8.7128 the
436.958 119.477 53.6874 8.7128 home-country
497.508 119.477 35.3022 8.7128 principle,
539.916 119.477 13.8369 8.7128 and

336.211 130.021 30.6388 8.7128 whether
372.666 130.021 8.20424 8.7128 or
386.555 130.021 12.7813 8.7128 not
404.981 130.021 35.379 8.7128 problems
445.971 130.021 7.67648 8.7128 of
459.238 130.021 30.1782 8.7128 investor
495.126 130.021 39.0733 8.7128 protection
539.915 130.021 13.8369 8.7128 and

336.211 140.566 26.3975 8.7128 market
366.089 140.566 35.427 8.7128 efficiency
405.208 140.566 22.2426 8.7128 might
431.004 140.566 20.6881 8.7128 result
455.213 140.566 18.5771 8.7128 from
477.21 140.566 13.597 8.7128 this
494.331 140.566 44.0054 8.7128 application;
541.898 140.566 11.7546 8.7128 the

336.211 151.111 47.4023 8.7128 Commission
389.391 151.111 25.3132 8.7128 should
420.516 151.111 14.7964 8.7128 also
441.209 151.111 31.4736 8.7128 examine
478.798 151.111 11.7546 8.7128 the
496.543 151.111 43.5544 8.7128 functioning
546.095 151.111 7.67648 8.7128 of

336.211 161.712 25.0637 8.7128 Article
364.275 161.712 12.3112 8.7128 10.

310.643 188.942 13.5447 7.7447 (47)
336.211 188.246 12.3975 8.7128 For
352.369 188.246 22.5209 8.7128 future
378.675 188.246 52.1713 8.7128 developments
434.52 188.246 7.67648 8.7128 of
445.859 188.246 13.597 8.7128 this
463.208 188.246 35.6764 8.7128 Directive,
502.838 188.246 50.8951 8.7128 consideration

336.211 199.075 25.3132 8.7128 should
368.47 199.075 8.77038 8.7128 be
384.401 199.075 20.1604 8.7128 given
411.784 199.075 7.76284 8.7128 to
426.581 199.075 11.7546 8.7128 the
445.461 199.075 24.5743 8.7128 matter
477.153 199.075 7.67648 8.7128 of
491.837 199.075 31.5791 8.7128 deciding
530.616 199.075 22.9719 8.7128 which

336.211 209.619 33.0568 8.7128 approval
375.671 209.619 43.0746 8.7128 mechanism
425.165 209.619 25.3132 8.7128 should
456.744 209.619 8.77038 8.7128 be
471.938 209.619 30.2645 8.7128 adopted
508.506 209.619 7.76284 8.7128 to
522.623 209.619 30.9746 8.7128 enhance

336.211 220.164 25.8889 8.7128 further
366.883 220.164 11.7546 8.7128 the
383.438 220.164 30.8211 8.7128 uniform
418.929 220.164 41.9232 8.7128 application
465.588 220.164 7.67648 8.7128 of
477.891 220.164 45.249 8.7128 Community
527.839 220.164 25.841 8.7128 legisla-

336.211 230.708 15.1323 8.7128 tion
356.338 230.708 9.96023 8.7128 on
371.192 230.708 50.1754 8.7128 prospectuses,
426.413 230.708 35.1103 8.7128 including
466.609 230.708 11.7546 8.7128 the
483.448 230.708 30.2741 8.7128 possible
518.598 230.708 35.1199 8.7128 establish-

336.211 241.31 19.4311 8.7128 ment
358.492 241.31 7.67648 8.7128 of
368.98 241.31 4.07813 8.7128 a
375.953 241.31 35.7724 8.7128 European
414.676 241.31 35.6716 8.7128 Securities
453.285 241.31 18.5771 8.7128 Unit.

310.643 268.539 13.5447 7.7447 (48)
336.211 267.843 15.9575 8.7128 This
359.455 267.843 33.5942 8.7128 Directive
400.559 267.843 29.8423 8.7128 respects
437.694 267.843 11.7546 8.7128 the
456.8 267.843 47.2871 8.7128 fundamental
511.227 267.843 21.3118 8.7128 rights
539.914 267.843 13.8369 8.7128 and

336.211 278.671 32.2028 8.7128 observes
372.95 278.671 11.7546 8.7128 the
389.334 278.671 36.6648 8.7128 principles
430.664 278.671 40.0904 8.7128 recognised
475.454 278.671 7.36942 8.7128 in
487.416 278.671 36.0219 8.7128 particular
528.123 278.671 9.20218 8.7128 by
541.899 278.671 11.7546 8.7128 the

336.211 289.216 27.9904 8.7128 Charter
367.166 289.216 7.67648 8.7128 of
377.654 289.216 48.7456 8.7128 Fundamental
429.247 289.216 23.7203 8.7128 Rights
455.894 289.216 7.67648 8.7128 of
466.382 289.216 11.7546 8.7128 the
481.066 289.216 35.7724 8.7128 European
519.789 289.216 25.7162 8.7128 Union.

310.643 316.445 13.5447 7.7447 (49)
336.211 315.748 14.1151 8.7128 The
354.58 315.748 34.6497 8.7128 measures
393.473 315.748 35.5133 8.7128 necessary
433.216 315.748 10.939 8.7128 for
448.296 315.748 11.7546 8.7128 the
464.284 315.748 59.9053 8.7128 implementation
528.349 315.748 7.67648 8.7128 of
540.085 315.748 13.597 8.7128 this

336.211 326.577 33.5942 8.7128 Directive
373.459 326.577 25.3132 8.7128 should
402.09 326.577 8.77038 8.7128 be
414.279 326.577 30.2645 8.7128 adopted
447.899 326.577 7.36942 8.7128 in
458.784 326.577 41.9903 8.7128 accordance
504.311 326.577 16.8403 8.7128 with
524.607 326.577 29.1226 8.7128 Council

336.211 337.178 32.5771 8.7128 Decision
373.743 337.178 51.6147 8.7128 1999/468/EC
430.268 337.178 7.67648 8.7128 of
442.855 337.178 10.2289 8.7128 28
457.992 337.178 16.4373 8.7128 June
479.422 337.178 20.4578 8.7128 1999
504.764 337.178 22.6168 8.7128 laying
532.431 337.178 21.3886 8.7128 down

336.211 347.723 11.7546 8.7128 the
351.519 347.723 41.3954 8.7128 procedures
396.478 347.723 10.939 8.7128 for
410.878 347.723 11.7546 8.7128 the
426.129 347.723 29.3721 8.7128 exercise
459.239 347.723 7.67648 8.7128 of
470.351 347.723 52.5167 8.7128 implementing
526.422 347.723 27.2803 8.7128 powers

336.211 358.267 35.8396 8.7128 conferred
374.991 358.267 9.96023 8.7128 on
387.747 358.267 11.7546 8.7128 the
402.431 358.267 47.4023 8.7128 Commission
452.039 358.267 2.50445 8.7128 (
454.529 357.794 2.86402 4.87905 1
457.364 358.268 4.5867 8.7128 ),

310.643 416.848 20.7179 7.7447 HAVE
333.943 416.848 36.2755 7.7447 ADOPTED
372.72 416.848 16.7347 7.7447 THIS
391.996 416.848 40.4379 7.7447 DIRECTIVE:

412.576 458.403 34.2541 7.7447 CHAPTER
449.425 458.403 2.34559 7.7447 I

387.064 483.687 37.8535 7.91528 GENERAL
427.542 483.687 49.8885 7.91528 PROVISIONS

416.772 525.645 22.7991 8.74159 Article
442.454 525.645 5.11445 8.74159 1

393.811 552.023 32.9801 8.90472 Purpose
429.642 552.023 14.806 8.90472 and
447.331 552.023 23.1638 8.90472 scope

310.642 578.861 7.1967 8.7128 1.
332.186 578.861 14.1151 8.7128 The
351.292 578.861 30.4564 8.7128 purpose
386.67 578.861 7.67648 8.7128 of
399.199 578.861 13.597 8.7128 this
417.681 578.861 33.5942 8.7128 Directive
456.347 578.861 5.79574 8.7128 is
467.062 578.861 7.76284 8.7128 to
479.648 578.861 39.6682 8.7128 harmonise
524.21 578.861 29.2282 8.7128 require-

310.642 589.405 22.8759 8.7128 ments
338.423 589.405 10.939 8.7128 for
354.297 589.405 11.7546 8.7128 the
371.078 589.405 30.5908 8.7128 drawing
406.74 589.405 11.9465 8.7128 up,
423.691 589.405 33.0568 8.7128 approval
461.79 589.405 13.8369 8.7128 and
480.557 589.405 43.7943 8.7128 distribution
529.314 589.405 7.67648 8.7128 of
541.9 589.405 11.7546 8.7128 the

310.642 600.007 40.6949 8.7128 prospectus
355.432 600.007 7.76284 8.7128 to
367.224 600.007 8.77038 8.7128 be
380.093 600.007 36.4825 8.7128 published
420.687 600.007 20.6401 8.7128 when
445.519 600.007 34.429 8.7128 securities
484.185 600.007 11.294 8.7128 are
499.719 600.007 26.3207 8.7128 offered
530.107 600.007 7.76284 8.7128 to
541.899 600.007 11.7546 8.7128 the

310.642 610.551 23.3365 8.7128 public
337.175 610.551 8.20424 8.7128 or
348.514 610.551 33.1432 8.7128 admitted
384.799 610.551 7.76284 8.7128 to
395.684 610.551 26.7237 8.7128 trading
425.619 610.551 9.96023 8.7128 on
438.658 610.551 4.07813 8.7128 a
445.915 610.551 34.642 8.7128 regulated
483.674 610.551 26.3975 8.7128 market
513.269 610.551 29.0843 8.7128 situated
545.528 610.551 8.20424 8.7128 or

310.642 621.096 35.8684 8.7128 operating
349.479 621.096 24.2097 8.7128 within
376.635 621.096 4.07813 8.7128 a
383.665 621.096 31.1089 8.7128 Member
417.682 621.096 20.2755 8.7128 State.

310.642 647.742 7.1967 8.7128 2.
332.186 647.742 15.9575 8.7128 This
351.066 647.742 33.5942 8.7128 Directive
387.748 647.742 17.1665 8.7128 shall
407.705 647.742 12.7813 8.7128 not
423.296 647.742 20.7745 8.7128 apply
446.994 647.742 9.84509 8.7128 to:

311.662 669.002 9.08703 8.7128 (a)
325.552 669.002 18.5099 8.7128 units
349.477 669.002 22.8087 8.7128 issued
377.654 669.002 9.20218 8.7128 by
392.281 669.002 35.0143 8.7128 collective
432.817 669.002 41.405 8.7128 investment
479.591 669.002 48.6593 8.7128 undertakings
533.735 669.002 19.9588 8.7128 other

325.552 679.546 16.8979 8.7128 than
345.338 679.546 11.7546 8.7128 the
359.966 679.546 39.9945 8.7128 closed-end
402.771 679.546 18.2316 8.7128 type;

310.926 700.863 9.82589 8.7128 (b)
325.553 700.863 40.9348 8.7128 non-equity
370.512 700.863 34.429 8.7128 securities
409.065 700.863 22.8087 8.7128 issued
435.881 700.863 9.20218 8.7128 by
449.034 700.863 4.07813 8.7128 a
457.085 700.863 31.1089 8.7128 Member
492.292 700.863 18.1933 8.7128 State
514.46 700.863 8.20424 8.7128 or
526.649 700.863 9.20218 8.7128 by
539.802 700.863 13.9136 8.7128 one

325.552 711.408 7.67648 8.7128 of
336.607 711.408 4.07813 8.7128 a
344.147 711.408 31.1089 8.7128 Member
378.788 711.408 23.3845 8.7128 State's
405.492 711.408 30.3893 8.7128 regional
439.453 711.408 8.20424 8.7128 or
451.075 711.408 17.6559 8.7128 local
472.165 711.408 41.9616 8.7128 authorities,
517.692 711.408 9.20218 8.7128 by
530.335 711.408 23.3365 8.7128 public

325.552 721.952 48.0452 8.7128 international
377.428 721.952 24.2481 8.7128 bodies
405.435 721.952 7.67648 8.7128 of
416.888 721.952 22.9719 8.7128 which
443.761 721.952 13.9136 8.7128 one
461.506 721.952 8.20424 8.7128 or
473.469 721.952 19.7957 8.7128 more
497.111 721.952 31.1089 8.7128 Member
532.092 721.952 21.6381 8.7128 States

325.552 732.497 11.294 8.7128 are
342.277 732.497 36.7895 8.7128 members,
384.402 732.497 9.20218 8.7128 by
398.915 732.497 11.7546 8.7128 the
416.037 732.497 35.7724 8.7128 European
457.254 732.497 27.098 8.7128 Central
489.626 732.497 18.8937 8.7128 Bank
513.892 732.497 8.20424 8.7128 or
527.385 732.497 9.20218 8.7128 by
541.898 732.497 11.7546 8.7128 the

325.552 743.042 25.4379 8.7128 central
353.899 743.042 22.0027 8.7128 banks
378.675 743.042 7.67648 8.7128 of
389.163 743.042 11.7546 8.7128 the
403.847 743.042 31.1089 8.7128 Member
437.921 743.042 23.7203 8.7128 States;

311.719 764.358 8.98148 8.7128 (c)
325.552 764.358 23.1638 8.7128 shares
351.632 764.358 7.36942 8.7128 in
361.894 764.358 11.7546 8.7128 the
376.578 764.358 24.6223 8.7128 capital
404.131 764.358 7.67648 8.7128 of
414.619 764.358 25.4379 8.7128 central
442.967 764.358 22.0027 8.7128 banks
467.743 764.358 7.67648 8.7128 of
478.231 764.358 11.7546 8.7128 the
492.915 764.358 31.1089 8.7128 Member
526.989 764.358 23.7203 8.7128 States;

508.727 51.2759 45.0801 8.7128 31.12.2003

41.916 51.2759 4.55791 8.7128 L
49.3996 51.2759 28.3358 8.7128 345/68

223.846 51.2759 27.5298 8.7128 Official
254.347 51.2759 27.098 8.7128 Journal
284.283 51.2759 7.67648 8.7128 of
294.771 51.2759 11.7546 8.7128 the
309.455 51.2759 35.7724 8.7128 European
348.234 51.2759 23.634 8.7128 Union

120.154 52.1989 9.8344 7.7447 EN

310.643 787.733 2.22617 7.7447 (
312.853 787.292 2.54582 4.33697 1
315.405 787.733 2.22617 7.7447 )
321.867 787.733 8.50381 7.7447 OJ
332.922 787.733 4.05147 7.7447 L
339.612 787.733 15.4894 7.7447 184,
357.583 787.733 37.3758 7.7447 17.7.1999,
397.438 787.733 6.28617 7.7447 p.
406.338 787.733 10.9432 7.7447 23.

42.3717 76.9011 9.74913 8.7128 (d)
56.885 76.9011 34.429 8.7128 securities
95.4939 76.9011 59.1761 8.7128 unconditionally
158.596 76.9011 13.8369 8.7128 and
176.397 76.9011 41.7409 8.7128 irrevocably
222.32 76.9011 41.2323 8.7128 guaranteed
267.732 76.9011 9.20218 8.7128 by
280.941 76.9011 4.07813 8.7128 a

56.885 87.4457 31.1089 8.7128 Member
92.3197 87.4457 18.1933 8.7128 State
114.771 87.4457 8.20424 8.7128 or
127.243 87.4457 9.20218 8.7128 by
140.68 87.4457 13.9136 8.7128 one
158.879 87.4457 7.67648 8.7128 of
170.727 87.4457 4.07813 8.7128 a
179.061 87.4457 31.1089 8.7128 Member
214.552 87.4457 23.3845 8.7128 State's
242.106 87.4457 30.3893 8.7128 regional
276.86 87.4457 8.20424 8.7128 or

56.885 97.9903 17.6559 8.7128 local
77.3515 97.9903 41.9616 8.7128 authorities;

43.052 126.904 8.96229 8.7128 (e)
56.885 126.904 34.429 8.7128 securities
95.8912 126.904 22.8087 8.7128 issued
123.104 126.904 9.20218 8.7128 by
136.711 126.904 44.8882 8.7128 associations
185.865 126.904 16.8403 8.7128 with
207.182 126.904 17.1473 8.7128 legal
228.783 126.904 21.4845 8.7128 status
254.635 126.904 8.20424 8.7128 or
267.222 126.904 17.8766 8.7128 non-

56.885 137.448 52.1809 8.7128 profit-making
111.993 137.448 26.3303 8.7128 bodies,
141.248 137.448 40.0904 8.7128 recognised
184.449 137.448 9.20218 8.7128 by
196.582 137.448 4.07813 8.7128 a
203.668 137.448 31.1089 8.7128 Member
237.799 137.448 20.2755 8.7128 State,
261.101 137.448 16.8403 8.7128 with
280.943 137.448 4.07813 8.7128 a

56.885 147.993 17.3776 8.7128 view
79.6765 147.993 7.76284 8.7128 to
92.6594 147.993 17.368 8.7128 their
115.507 147.993 35.8492 8.7128 obtaining
156.724 147.993 11.7546 8.7128 the
173.789 147.993 24.1329 8.7128 means
203.214 147.993 35.5133 8.7128 necessary
244.148 147.993 7.76284 8.7128 to
257.131 147.993 27.6737 8.7128 achieve

56.885 158.594 17.368 8.7128 their
77.2383 158.594 70.0575 8.7128 non-profit-making
150.092 158.594 39.0061 8.7128 objectives;

44.3561 187.508 7.74365 8.7128 (f)
56.885 187.508 40.9348 8.7128 non-equity
102.978 187.508 34.429 8.7128 securities
142.722 187.508 22.8087 8.7128 issued
170.672 187.508 7.36942 8.7128 in
183.201 187.508 4.07813 8.7128 a
192.441 187.508 42.259 8.7128 continuous
239.781 187.508 8.20424 8.7128 or
253.161 187.508 31.7518 8.7128 repeated

56.885 198.052 28.9691 8.7128 manner
88.7472 198.052 9.20218 8.7128 by
100.823 198.052 21.1007 8.7128 credit
124.862 198.052 42.259 8.7128 institutions
169.935 198.052 33.3639 8.7128 provided
206.219 198.052 14.7005 8.7128 that
223.795 198.052 19.1528 8.7128 these
245.849 198.052 36.5113 8.7128 securities:

61.8172 217.782 7.35983 8.7128 (i)
74.0065 217.782 11.294 8.7128 are
88.2367 217.782 12.7813 8.7128 not
103.828 217.782 51.1254 8.7128 subordinated,
157.801 217.782 41.808 8.7128 convertible
202.59 217.782 8.20424 8.7128 or
213.645 217.782 52.1521 8.7128 exchangeable;

59.3789 237.511 9.71075 8.7128 (ii)
74.0065 237.511 9.68196 8.7128 do
88.1235 237.511 12.7813 8.7128 not
105.358 237.511 15.1419 8.7128 give
125.201 237.511 4.07813 8.7128 a
133.819 237.511 17.867 8.7128 right
156.383 237.511 7.76284 8.7128 to
168.572 237.511 34.9376 8.7128 subscribe
208.145 237.511 7.76284 8.7128 to
220.335 237.511 8.20424 8.7128 or
233.091 237.511 27.1651 8.7128 acquire
265.01 237.511 19.9588 8.7128 other

74.0055 248.056 19.5942 8.7128 types
98.1576 248.056 7.67648 8.7128 of
110.29 248.056 34.5106 8.7128 securities
149.466 248.056 13.8369 8.7128 and
167.835 248.056 14.7005 8.7128 that
187.112 248.056 16.1398 8.7128 they
207.862 248.056 11.294 8.7128 are
223.85 248.056 12.7813 8.7128 not
241.085 248.056 23.039 8.7128 linked
268.695 248.056 7.76284 8.7128 to
280.941 248.056 4.07813 8.7128 a

74.0055 258.6 36.281 8.7128 derivative
113.352 258.6 43.2858 8.7128 instrument;

56.9973 278.33 12.0617 8.7128 (iii)
74.0055 278.33 40.2631 8.7128 materialise
117.263 278.33 35.2638 8.7128 reception
155.533 278.33 7.67648 8.7128 of
166.021 278.33 35.8492 8.7128 repayable
204.857 278.33 32.769 8.7128 deposits;

57.3946 298.06 11.745 8.7128 (iv)
74.0065 298.06 11.294 8.7128 are
91.5818 298.06 29.209 8.7128 covered
127.073 298.06 9.20218 8.7128 by
142.437 298.06 4.07813 8.7128 a
152.699 298.06 27.2419 8.7128 deposit
186.093 298.06 36.4921 8.7128 guarantee
228.954 298.06 27.9424 8.7128 scheme
263.142 298.06 21.8492 8.7128 under

74.0055 308.661 33.5942 8.7128 Directive
111.254 308.661 36.2714 8.7128 94/19/EC
150.997 308.661 7.67648 8.7128 of
162.052 308.661 11.7546 8.7128 the
177.302 308.661 35.7724 8.7128 European
216.648 308.661 40.0712 8.7128 Parliament
260.19 308.661 13.8369 8.7128 and
277.425 308.661 7.67648 8.7128 of

74.0055 319.205 11.7546 8.7128 the
88.6897 319.205 29.1226 8.7128 Council
120.609 319.205 9.96023 8.7128 on
133.422 319.205 66.6318 8.7128 deposit-guarantee
203.044 319.205 31.3872 8.7128 schemes
236.834 319.205 2.50445 8.7128 (
239.379 318.732 2.86402 4.87905 1
242.214 319.207 4.5867 8.7128 );

42.5979 348.12 9.46126 8.7128 (g)
56.8848 348.12 48.4098 8.7128 non-fungible
109.895 348.12 23.1638 8.7128 shares
137.732 348.12 7.67648 8.7128 of
149.977 348.12 24.6223 8.7128 capital
179.346 348.12 24.0082 8.7128 whose
207.976 348.12 19.0856 8.7128 main
231.731 348.12 30.4564 8.7128 purpose
266.882 348.12 5.79574 8.7128 is
277.313 348.12 7.76284 8.7128 to

56.8848 358.665 28.6237 8.7128 provide
88.6904 358.665 11.7546 8.7128 the
103.658 358.665 24.2097 8.7128 holder
130.985 358.665 16.8403 8.7128 with
151.055 358.665 4.07813 8.7128 a
158.312 358.665 17.867 8.7128 right
179.459 358.665 7.76284 8.7128 to
190.288 358.665 27.1364 8.7128 occupy
220.619 358.665 9.09663 8.7128 an
232.865 358.665 40.7429 8.7128 apartment,
276.803 358.665 8.20424 8.7128 or

56.8848 369.209 19.9588 8.7128 other
81.2067 369.209 18.5771 8.7128 form
104.111 369.209 7.67648 8.7128 of
116.074 369.209 42.1343 8.7128 immovable
162.507 369.209 32.6058 8.7128 property
199.586 369.209 8.20424 8.7128 or
212.172 369.209 4.07813 8.7128 a
220.619 369.209 15.1515 8.7128 part
240.179 369.209 26.647 8.7128 thereof
271.248 369.209 13.8369 8.7128 and

56.8848 379.754 22.8375 8.7128 where
82.7372 379.754 11.7546 8.7128 the
97.3648 379.754 23.1638 8.7128 shares
123.445 379.754 25.8505 8.7128 cannot
152.076 379.754 8.77038 8.7128 be
163.755 379.754 15.4585 8.7128 sold
181.897 379.754 9.96023 8.7128 on
194.654 379.754 29.4777 8.7128 without
227.026 379.754 13.597 8.7128 this
243.524 379.754 17.867 8.7128 right
264.331 379.754 20.5922 8.7128 being

56.8848 390.298 20.1604 8.7128 given
80.0159 390.298 11.9465 8.7128 up;

42.0874 419.212 9.98902 8.7128 (h)
56.8848 419.212 34.429 8.7128 securities
94.5869 419.212 31.9821 8.7128 included
129.681 419.212 7.36942 8.7128 in
140.169 419.212 9.09663 8.7128 an
152.415 419.212 17.6271 8.7128 offer
173.109 419.212 22.8375 8.7128 where
199.245 419.212 11.7546 8.7128 the
214.156 419.212 16.9938 8.7128 total
234.113 419.212 50.8951 8.7128 consideration

56.8848 429.813 7.67648 8.7128 of
68.2239 429.813 11.7546 8.7128 the
83.7582 429.813 17.6271 8.7128 offer
105.076 429.813 5.79574 8.7128 is
114.6 429.813 13.1748 8.7128 less
131.439 429.813 16.8979 8.7128 than
152.075 429.813 16.6292 8.7128 EUR
173.562 429.813 5.11445 8.7128 2
181.046 429.813 15.3434 8.7128 500
198.735 429.813 17.4256 8.7128 000,
219.881 429.813 22.9719 8.7128 which
246.698 429.813 17.4928 8.7128 limit
267.959 429.813 17.1665 8.7128 shall

56.8848 440.358 8.77038 8.7128 be
68.5636 440.358 37.1542 8.7128 calculated
108.591 440.358 16.5428 8.7128 over
128.094 440.358 4.07813 8.7128 a
135.067 440.358 24.2385 8.7128 period
162.223 440.358 7.67648 8.7128 of
172.711 440.358 10.2289 8.7128 12
185.807 440.358 30.9266 8.7128 months;

44.6955 469.271 7.35983 8.7128 (i)
56.8848 469.271 76.832 8.7128 bostadsobligationer
137.052 469.271 22.8087 8.7128 issued
163.359 469.271 38.4688 8.7128 repeatedly
205.427 469.271 9.20218 8.7128 by
218.126 469.271 21.1007 8.7128 credit
242.846 469.271 42.259 8.7128 institutions

56.8848 479.816 7.36942 8.7128 in
67.3162 479.816 28.8732 8.7128 Sweden
99.2916 479.816 24.0082 8.7128 whose
126.335 479.816 19.0856 8.7128 main
148.503 479.816 30.4564 8.7128 purpose
182.066 479.816 5.79574 8.7128 is
190.967 479.816 7.76284 8.7128 to
201.739 479.816 19.6326 8.7128 grant
224.474 479.816 35.5997 8.7128 mortgage
263.254 479.816 21.8972 8.7128 loans,

56.8848 490.36 33.3639 8.7128 provided
93.113 490.36 14.7005 8.7128 that

61.8169 510.09 7.35983 8.7128 (i)
74.0062 510.09 11.7546 8.7128 the
88.6904 510.09 76.832 8.7128 bostadsobligationer
168.234 510.09 22.8087 8.7128 issued
193.917 510.09 11.294 8.7128 are
208.147 510.09 7.67648 8.7128 of
218.635 510.09 11.7546 8.7128 the
233.319 510.09 19.1144 8.7128 same
255.317 510.09 22.4921 8.7128 series;

59.3787 529.819 9.71075 8.7128 (ii)
74.0062 529.819 11.7546 8.7128 the
91.1843 529.819 76.832 8.7128 bostadsobligationer
173.222 529.819 11.294 8.7128 are
190.004 529.819 22.8087 8.7128 issued
218.181 529.819 9.96023 8.7128 on
233.488 529.819 11.8889 8.7128 tap
250.723 529.819 24.6991 8.7128 during
280.941 529.819 4.07813 8.7128 a

74.0053 540.364 32.4907 8.7128 specified
109.44 540.364 25.9369 8.7128 issuing
138.354 540.364 26.3207 8.7128 period;

56.9971 560.094 12.0617 8.7128 (iii)
74.0053 560.094 11.7546 8.7128 the
90.5596 560.094 21.1199 8.7128 terms
116.469 560.094 13.8369 8.7128 and
135.064 560.094 39.601 8.7128 conditions
179.343 560.094 7.67648 8.7128 of
191.759 560.094 11.7546 8.7128 the
208.37 560.094 76.832 8.7128 bostadsobligationer

74.0053 570.695 11.294 8.7128 are
88.2355 570.695 12.7813 8.7128 not
103.826 570.695 31.1953 8.7128 changed
138.014 570.695 24.6991 8.7128 during
165.681 570.695 11.7546 8.7128 the
180.365 570.695 25.9369 8.7128 issuing
209.223 570.695 26.3207 8.7128 period;

57.3943 590.424 11.745 8.7128 (iv)
74.0062 590.424 11.7546 8.7128 the
89.5971 590.424 19.4023 8.7128 sums
112.672 590.424 30.514 8.7128 deriving
147.199 590.424 18.5771 8.7128 from
169.48 590.424 11.7546 8.7128 the
185.127 590.424 18.0685 8.7128 issue
207.011 590.424 7.67648 8.7128 of
218.407 590.424 11.7546 8.7128 the
234.054 590.424 14.6141 8.7128 said
252.423 590.424 32.7978 8.7128 bostads-

74.0053 600.969 49.0143 8.7128 obligationer,
126.052 600.969 7.36942 8.7128 in
136.37 600.969 41.9903 8.7128 accordance
181.442 600.969 16.8403 8.7128 with
201.285 600.969 11.7546 8.7128 the
216.026 600.969 26.2152 8.7128 articles
245.28 600.969 7.67648 8.7128 of
255.826 600.969 29.209 8.7128 associa-

74.0053 611.513 15.1323 8.7128 tion
93.2243 611.513 7.67648 8.7128 of
104.96 611.513 11.7546 8.7128 the
120.89 611.513 23.4133 8.7128 issuer,
148.557 611.513 11.294 8.7128 are
164.092 611.513 24.0658 8.7128 placed
192.326 611.513 7.36942 8.7128 in
203.835 611.513 21.1871 8.7128 assets
229.12 611.513 22.9719 8.7128 which
256.333 611.513 28.6237 8.7128 provide

74.0053 622.058 34.2563 8.7128 sufficient
111.764 622.058 32.9993 8.7128 coverage
148.503 622.058 10.939 8.7128 for
162.903 622.058 11.7546 8.7128 the
178.211 622.058 27.8176 8.7128 liability
209.62 622.058 30.514 8.7128 deriving
243.807 622.058 18.5771 8.7128 from
265.862 622.058 19.1432 8.7128 secu-

74.0053 632.603 20.2659 8.7128 rities;

44.7511 661.516 7.29266 8.7128 (j)
56.8838 661.516 40.9348 8.7128 non-equity
102.977 661.516 34.429 8.7128 securities
142.72 661.516 22.8087 8.7128 issued
170.67 661.516 7.36942 8.7128 in
183.199 661.516 4.07813 8.7128 a
192.44 661.516 42.259 8.7128 continuous
239.78 661.516 8.20424 8.7128 or
253.16 661.516 31.7518 8.7128 repeated

56.8838 672.117 28.9691 8.7128 manner
89.3131 672.117 9.20218 8.7128 by
101.899 672.117 21.1007 8.7128 credit
126.561 672.117 42.259 8.7128 institutions
172.144 672.117 22.8375 8.7128 where
198.564 672.117 11.7546 8.7128 the
213.814 672.117 16.9938 8.7128 total
234.111 672.117 50.8951 8.7128 consideration

56.8838 682.662 7.67648 8.7128 of
67.6558 682.662 11.7546 8.7128 the
82.6231 682.662 17.6271 8.7128 offer
103.374 682.662 5.79574 8.7128 is
112.331 682.662 13.1748 8.7128 less
128.602 682.662 16.8979 8.7128 than
148.672 682.662 16.6292 8.7128 EUR
170.16 682.662 10.2289 8.7128 50
182.745 682.662 15.3434 8.7128 000
200.434 682.662 17.4256 8.7128 000,
221.015 682.662 22.9719 8.7128 which
247.264 682.662 17.4928 8.7128 limit
267.958 682.662 17.1665 8.7128 shall

56.8838 693.207 8.77038 8.7128 be
70.1497 693.207 37.1542 8.7128 calculated
111.877 693.207 16.5428 8.7128 over
132.967 693.207 4.07813 8.7128 a
141.528 693.207 24.2385 8.7128 period
170.329 693.207 7.67648 8.7128 of
182.461 693.207 10.2289 8.7128 12
197.146 693.207 30.9266 8.7128 months,
232.409 693.207 33.3639 8.7128 provided
270.338 693.207 14.7005 8.7128 that

56.8838 703.751 19.1528 8.7128 these
78.9383 703.751 36.5113 8.7128 securities:

59.3787 723.481 7.35983 8.7128 (i)
71.568 723.481 11.294 8.7128 are
85.8549 723.481 12.7813 8.7128 not
101.446 723.481 51.1254 8.7128 subordinated,
155.419 723.481 41.808 8.7128 convertible
200.152 723.481 8.20424 8.7128 or
211.264 723.481 52.1521 8.7128 exchangeable;

56.998 743.21 9.71075 8.7128 (ii)
71.568 743.21 9.68196 8.7128 do
85.9681 743.21 12.7813 8.7128 not
103.43 743.21 15.1419 8.7128 give
123.5 743.21 4.07813 8.7128 a
132.401 743.21 17.867 8.7128 right
155.136 743.21 7.76284 8.7128 to
167.665 743.21 34.9376 8.7128 subscribe
207.408 743.21 7.76284 8.7128 to
219.88 743.21 8.20424 8.7128 or
232.863 743.21 27.1651 8.7128 acquire
265.01 743.21 19.9588 8.7128 other

71.568 753.755 19.5942 8.7128 types
93.9622 753.755 7.67648 8.7128 of
104.394 753.755 34.429 8.7128 securities
141.756 753.755 13.8369 8.7128 and
158.368 753.755 14.7005 8.7128 that
175.887 753.755 16.1398 8.7128 they
194.879 753.755 11.294 8.7128 are
209.053 753.755 12.7813 8.7128 not
224.587 753.755 23.039 8.7128 linked
250.326 753.755 7.76284 8.7128 to
260.871 753.755 4.07813 8.7128 a
267.731 753.755 17.2049 8.7128 deri-

71.568 764.356 21.9739 8.7128 vative
96.5703 764.356 43.2858 8.7128 instrument.

310.643 76.8946 7.1967 8.7128 3.
332.187 76.8946 62.9375 8.7128 Notwithstanding
400.051 76.8946 38.1713 8.7128 paragraph
443.422 76.8946 17.0226 8.7128 2(b),
465.364 76.8946 11.8314 8.7128 (d),
482.089 76.8946 12.0713 8.7128 (h),
499.154 76.8946 7.35983 8.7128 (i)
511.513 76.8946 13.8369 8.7128 and
530.279 76.8946 9.3749 8.7128 (j),
544.622 76.8946 9.09663 8.7128 an

310.643 87.4392 23.4133 8.7128 issuer,
338.084 87.4392 9.09663 8.7128 an
351.123 87.4392 25.8314 8.7128 offeror
380.888 87.4392 8.20424 8.7128 or
393.021 87.4392 4.07813 8.7128 a
401.071 87.4392 25.6107 8.7128 person
430.609 87.4392 23.989 8.7128 asking
458.559 87.4392 10.939 8.7128 for
473.413 87.4392 38.0082 8.7128 admission
515.254 87.4392 7.76284 8.7128 to
526.933 87.4392 26.7237 8.7128 trading

310.643 97.9839 9.96023 8.7128 on
323.513 97.9839 4.07813 8.7128 a
330.599 97.9839 34.642 8.7128 regulated
368.244 97.9839 26.3975 8.7128 market
397.612 97.9839 17.1665 8.7128 shall
417.739 97.9839 8.77038 8.7128 be
429.531 97.9839 27.9904 8.7128 entitled
460.543 97.9839 7.76284 8.7128 to
471.202 97.9839 18.769 8.7128 draw
493.029 97.9839 9.86428 8.7128 up
505.898 97.9839 4.07813 8.7128 a
513.041 97.9839 40.6949 8.7128 prospectus

310.643 108.528 7.36942 8.7128 in
321.188 108.528 41.9903 8.7128 accordance
366.487 108.528 16.8403 8.7128 with
386.557 108.528 13.597 8.7128 this
403.339 108.528 33.5942 8.7128 Directive
440.304 108.528 20.6401 8.7128 when
464.172 108.528 34.429 8.7128 securities
501.931 108.528 11.294 8.7128 are
516.501 108.528 26.3207 8.7128 offered
545.982 108.528 7.76284 8.7128 to

310.643 119.073 11.7546 8.7128 the
325.271 119.073 23.3365 8.7128 public
351.577 119.073 8.20424 8.7128 or
362.632 119.073 33.1432 8.7128 admitted
398.634 119.073 7.76284 8.7128 to
409.179 119.073 28.806 8.7128 trading.

416.773 178.506 22.7991 8.74159 Article
442.455 178.506 5.11445 8.74159 2

409.119 213.275 45.8958 8.90472 Definitions

310.643 248.447 7.1967 8.7128 1.
332.187 248.447 12.3975 8.7128 For
348.969 248.447 11.7546 8.7128 the
365.071 248.447 33.9013 8.7128 purposes
403.34 248.447 7.67648 8.7128 of
415.246 248.447 13.597 8.7128 this
433.218 248.447 35.6764 8.7128 Directive,
473.472 248.447 11.7546 8.7128 the
489.573 248.447 35.7916 8.7128 following
529.6 248.447 24.0466 8.7128 defini-

310.643 258.991 18.5771 8.7128 tions
332.018 258.991 17.1665 8.7128 shall
351.974 258.991 22.8567 8.7128 apply:

314.271 285.807 9.08703 8.7128 (a)
328.161 285.807 37.6531 8.7128 securities
372.78 285.807 24.1329 8.7128 means
403.735 285.807 43.7559 8.7128 transferable
454.363 285.807 34.429 8.7128 securities
495.807 285.807 7.52295 8.7128 as
510.15 285.807 27.4914 8.7128 defined
544.507 285.807 9.20218 8.7128 by

328.161 296.408 25.0637 8.7128 Article
357.075 296.408 15.2378 8.7128 1(4)
376.011 296.408 7.67648 8.7128 of
387.351 296.408 33.5942 8.7128 Directive
424.883 296.408 40.9252 8.7128 93/22/EEC
469.615 296.408 16.8403 8.7128 with
490.251 296.408 11.7546 8.7128 the
505.785 296.408 36.4825 8.7128 exception
546.095 296.408 7.67648 8.7128 of

328.161 306.953 25.9369 8.7128 money
358.606 306.953 26.3975 8.7128 market
389.561 306.953 44.6483 8.7128 instruments
438.716 306.953 7.52295 8.7128 as
450.792 306.953 27.4914 8.7128 defined
482.824 306.953 9.20218 8.7128 by
496.6 306.953 25.0637 8.7128 Article
526.365 306.953 15.2378 8.7128 1(5)
546.094 306.953 7.67648 8.7128 of

328.161 317.498 33.5942 8.7128 Directive
366.826 317.498 43.0075 8.7128 93/22/EEC,
414.79 317.498 25.2652 8.7128 having
445.065 317.498 4.07813 8.7128 a
454.079 317.498 32.2316 8.7128 maturity
491.271 317.498 7.67648 8.7128 of
503.743 317.498 13.1748 8.7128 less
521.716 317.498 16.8979 8.7128 than
543.486 317.498 10.2289 8.7128 12

328.161 328.042 30.9266 8.7128 months.
362.518 328.042 12.3975 8.7128 For
378.506 328.042 19.1528 8.7128 these
401.241 328.042 44.6483 8.7128 instruments
449.432 328.042 30.6388 8.7128 national
483.563 328.042 38.0753 8.7128 legislation
525.234 328.042 16.1014 8.7128 may
544.906 328.042 8.77038 8.7128 be

328.161 338.587 39.9753 8.7128 applicable;

313.534 365.459 9.82589 8.7128 (b)
328.162 365.459 24.6703 8.7128 equity
355.886 365.459 36.0411 8.7128 securities
395.005 365.459 24.1329 8.7128 means
421.992 365.459 23.1638 8.7128 shares
448.128 365.459 13.8369 8.7128 and
464.853 365.459 19.9588 8.7128 other
487.815 365.459 43.7559 8.7128 transferable
534.531 365.459 19.1432 8.7128 secu-

328.161 376.004 18.1837 8.7128 rities
351.349 376.004 38.44 8.7128 equivalent
394.834 376.004 7.76284 8.7128 to
407.42 376.004 23.1638 8.7128 shares
435.541 376.004 7.36942 8.7128 in
447.843 376.004 42.4701 8.7128 companies,
495.241 376.004 7.52295 8.7128 as
507.6 376.004 15.305 8.7128 well
527.84 376.004 7.52295 8.7128 as
540.199 376.004 13.4818 8.7128 any

328.161 386.548 19.9588 8.7128 other
353.504 386.548 16.1494 8.7128 type
374.991 386.548 7.67648 8.7128 of
387.974 386.548 43.7559 8.7128 transferable
437.072 386.548 34.429 8.7128 securities
476.985 386.548 23.0102 8.7128 giving
505.559 386.548 11.7546 8.7128 the
522.68 386.548 17.867 8.7128 right
545.981 386.548 7.76284 8.7128 to

328.161 397.093 27.1651 8.7128 acquire
359.967 397.093 13.4818 8.7128 any
377.882 397.093 7.67648 8.7128 of
389.958 397.093 11.7546 8.7128 the
406.172 397.093 59.4064 8.7128 aforementioned
470.011 397.093 34.429 8.7128 securities
509.017 397.093 7.52295 8.7128 as
520.98 397.093 4.07813 8.7128 a
529.483 397.093 24.2289 8.7128 conse-

328.161 407.638 26.4455 8.7128 quence
358.039 407.638 7.67648 8.7128 of
368.924 407.638 17.368 8.7128 their
389.675 407.638 20.5922 8.7128 being
413.713 407.638 37.0486 8.7128 converted
454.08 407.638 8.20424 8.7128 or
465.533 407.638 11.7546 8.7128 the
480.67 407.638 21.3118 8.7128 rights
505.332 407.638 35.8396 8.7128 conferred
544.508 407.638 9.20218 8.7128 by

328.161 418.239 19.3927 8.7128 them
351.009 418.239 20.5922 8.7128 being
375.161 418.239 36.1946 8.7128 exercised,
415.018 418.239 33.3639 8.7128 provided
451.869 418.239 14.7005 8.7128 that
470.012 418.239 34.429 8.7128 securities
508.111 418.239 7.67648 8.7128 of
519.166 418.239 11.7546 8.7128 the
534.417 418.239 19.268 8.7128 latter

328.161 428.784 16.1494 8.7128 type
347.267 428.784 11.294 8.7128 are
361.61 428.784 22.8087 8.7128 issued
387.35 428.784 9.20218 8.7128 by
399.482 428.784 11.7546 8.7128 the
414.223 428.784 21.331 8.7128 issuer
438.545 428.784 7.67648 8.7128 of
449.091 428.784 11.7546 8.7128 the
463.831 428.784 40.3879 8.7128 underlying
507.26 428.784 23.1638 8.7128 shares
533.397 428.784 8.20424 8.7128 or
544.508 428.784 9.20218 8.7128 by

328.161 439.328 9.09663 8.7128 an
340.124 439.328 21.3502 8.7128 entity
364.389 439.328 37.3365 8.7128 belonging
404.643 439.328 7.76284 8.7128 to
415.245 439.328 11.7546 8.7128 the
429.929 439.328 22.5209 8.7128 group
455.385 439.328 7.67648 8.7128 of
465.873 439.328 11.7546 8.7128 the
480.557 439.328 14.6141 8.7128 said
498.019 439.328 23.4133 8.7128 issuer;

314.328 466.144 8.98148 8.7128 (c)
328.161 466.144 42.5469 8.7128 non-equity
376.522 466.144 36.0411 8.7128 securities
418.533 466.144 24.1329 8.7128 means
448.411 466.144 8.74159 8.7128 all
462.925 466.144 34.429 8.7128 securities
503.291 466.144 14.7005 8.7128 that
523.814 466.144 11.294 8.7128 are
540.992 466.144 12.7813 8.7128 not

328.161 476.689 23.0582 8.7128 equity
354.241 476.689 36.5113 8.7128 securities;

313.648 503.561 9.74913 8.7128 (d)
328.161 503.561 19.2392 8.7128 offer
351.349 503.561 7.67648 8.7128 of
362.914 503.561 34.429 8.7128 securities
401.467 503.561 7.76284 8.7128 to
413.202 503.561 11.7546 8.7128 the
428.963 503.561 24.9486 8.7128 public
457.934 503.561 24.1329 8.7128 means
486.055 503.561 4.07813 8.7128 a
494.105 503.561 59.6175 8.7128 communication

328.161 514.106 7.76284 8.7128 to
338.706 514.106 29.0555 8.7128 persons
370.511 514.106 7.36942 8.7128 in
380.773 514.106 13.4818 8.7128 any
397.101 514.106 18.5771 8.7128 form
418.417 514.106 13.8369 8.7128 and
435.086 514.106 9.20218 8.7128 by
447.105 514.106 13.4818 8.7128 any
463.433 514.106 26.2152 8.7128 means,
492.517 514.106 39.2652 8.7128 presenting
534.699 514.106 19.0377 8.7128 suffi-

328.161 524.65 18.1165 8.7128 cient
349.535 524.65 45.1569 8.7128 information
397.839 524.65 9.96023 8.7128 on
410.936 524.65 11.7546 8.7128 the
425.903 524.65 21.1199 8.7128 terms
450.225 524.65 7.67648 8.7128 of
460.997 524.65 11.7546 8.7128 the
476.021 524.65 17.6271 8.7128 offer
496.828 524.65 13.8369 8.7128 and
513.836 524.65 11.7546 8.7128 the
528.803 524.65 24.7566 8.7128 securi-

328.161 535.195 12.5702 8.7128 ties
344.206 535.195 7.76284 8.7128 to
355.431 535.195 8.77038 8.7128 be
367.733 535.195 28.403 8.7128 offered,
399.595 535.195 8.38655 8.7128 so
411.388 535.195 7.52295 8.7128 as
422.386 535.195 7.76284 8.7128 to
433.554 535.195 24.1521 8.7128 enable
461.278 535.195 9.09663 8.7128 an
473.863 535.195 30.1782 8.7128 investor
507.54 535.195 7.76284 8.7128 to
518.709 535.195 23.7107 8.7128 decide
546.036 535.195 7.76284 8.7128 to

328.161 545.739 33.5558 8.7128 purchase
366.543 545.739 8.20424 8.7128 or
379.413 545.739 34.9376 8.7128 subscribe
419.099 545.739 7.76284 8.7128 to
431.459 545.739 19.1528 8.7128 these
455.327 545.739 36.5928 8.7128 securities.
496.714 545.739 15.9575 8.7128 This
517.407 545.739 36.281 8.7128 definition

328.161 556.341 17.1665 8.7128 shall
348.288 556.341 14.7964 8.7128 also
366.09 556.341 8.77038 8.7128 be
377.938 556.341 37.893 8.7128 applicable
418.985 556.341 7.76284 8.7128 to
429.757 556.341 11.7546 8.7128 the
444.611 556.341 27.1939 8.7128 placing
475 556.341 7.67648 8.7128 of
485.658 556.341 34.429 8.7128 securities
523.304 556.341 30.3125 8.7128 through

328.161 566.885 31.9342 8.7128 financial
363.029 566.885 55.2611 8.7128 intermediaries;

314.328 593.701 8.96229 8.7128 (e)
328.161 593.701 33.6997 8.7128 qualified
364.786 593.701 35.235 8.7128 investors
402.885 593.701 26.2152 8.7128 means:

333.093 612.41 7.35983 8.7128 (i)
345.282 612.41 17.1473 8.7128 legal
368.187 612.41 26.7142 8.7128 entities
400.673 612.41 22.9719 8.7128 which
429.474 612.41 11.294 8.7128 are
446.596 612.41 39.4475 8.7128 authorised
491.781 612.41 8.20424 8.7128 or
505.729 612.41 34.4674 8.7128 regulated
546.039 612.41 7.76284 8.7128 to

345.282 622.954 28 8.7128 operate
376.181 622.954 7.36942 8.7128 in
386.443 622.954 11.7546 8.7128 the
401.07 622.954 31.9342 8.7128 financial
435.938 622.954 31.9246 8.7128 markets,
470.636 622.954 37.1925 8.7128 including:
510.776 622.954 21.1007 8.7128 credit
534.815 622.954 18.8841 8.7128 insti-

345.282 633.499 28.355 8.7128 tutions,
378.562 633.499 41.405 8.7128 investment
424.938 633.499 21.5133 8.7128 firms,
451.415 633.499 19.9588 8.7128 other
476.417 633.499 39.4475 8.7128 authorised
520.922 633.499 8.20424 8.7128 or
534.132 633.499 19.4407 8.7128 regu-

345.282 644.044 17.9246 8.7128 lated
372.099 644.044 31.9342 8.7128 financial
412.977 644.044 44.3413 8.7128 institutions,
466.213 644.044 35.9739 8.7128 insurance
511.229 644.044 42.4701 8.7128 companies,

345.282 654.645 35.0143 8.7128 collective
384.458 654.645 41.405 8.7128 investment
429.985 654.645 31.3872 8.7128 schemes
465.476 654.645 13.8369 8.7128 and
483.391 654.645 17.368 8.7128 their
505.048 654.645 48.6497 8.7128 management

345.282 665.189 42.4701 8.7128 companies,
394.891 665.189 29.7176 8.7128 pension
431.686 665.189 20.8129 8.7128 funds
459.523 665.189 13.8369 8.7128 and
480.387 665.189 17.368 8.7128 their
505.048 665.189 48.6497 8.7128 management

345.282 675.734 42.4701 8.7128 companies,
391.319 675.734 43.4297 8.7128 commodity
438.206 675.734 27.8464 8.7128 dealers,
469.672 675.734 7.52295 8.7128 as
480.727 675.734 15.305 8.7128 well
499.607 675.734 7.52295 8.7128 as
510.662 675.734 26.7142 8.7128 entities
540.993 675.734 12.7813 8.7128 not

345.282 686.279 8.38655 8.7128 so
356.622 686.279 39.4475 8.7128 authorised
399.143 686.279 8.20424 8.7128 or
410.368 686.279 34.4674 8.7128 regulated
448.014 686.279 24.0082 8.7128 whose
475.057 686.279 36.2234 8.7128 corporate
514.404 686.279 30.4564 8.7128 purpose
547.911 686.279 5.79574 8.7128 is

345.282 696.823 21.3886 8.7128 solely
369.435 696.823 7.76284 8.7128 to
380.037 696.823 21.9739 8.7128 invest
404.869 696.823 7.36942 8.7128 in
415.187 696.823 36.5113 8.7128 securities;

330.656 715.532 9.71075 8.7128 (ii)
345.283 715.532 30.6388 8.7128 national
382.475 715.532 13.8369 8.7128 and
402.885 715.532 30.3893 8.7128 regional
440.02 715.532 50.9718 8.7128 governments,
497.622 715.532 25.4379 8.7128 central
529.712 715.532 24.085 8.7128 banks,

345.282 726.076 48.0452 8.7128 international
399.029 726.076 13.8369 8.7128 and
418.476 726.076 51.2885 8.7128 supranational
475.398 726.076 42.259 8.7128 institutions
523.248 726.076 17.2721 8.7128 such
546.21 726.076 7.52295 8.7128 as

345.282 736.621 11.7546 8.7128 the
359.852 736.621 48.333 8.7128 International
410.935 736.621 35.9451 8.7128 Monetary
449.714 736.621 20.9088 8.7128 Fund,
473.356 736.621 11.7546 8.7128 the
487.927 736.621 35.8981 8.7128 European
526.649 736.621 27.098 8.7128 Central

345.282 747.222 20.976 8.7128 Bank,
369.094 747.222 11.7546 8.7128 the
383.778 747.222 35.7724 8.7128 European
422.501 747.222 41.6929 8.7128 Investment
466.95 747.222 18.8937 8.7128 Bank
488.72 747.222 13.8369 8.7128 and
505.389 747.222 19.9588 8.7128 other
528.237 747.222 25.4571 8.7128 similar

345.282 757.767 48.0452 8.7128 international
396.251 757.767 52.2864 8.7128 organisations;

328.274 776.475 12.0617 8.7128 (iii)
345.282 776.475 19.9588 8.7128 other
370.455 776.475 17.1473 8.7128 legal
392.849 776.475 26.7142 8.7128 entities
424.882 776.475 22.9719 8.7128 which
453.173 776.475 9.68196 8.7128 do
467.97 776.475 12.7813 8.7128 not
485.885 776.475 18.366 8.7128 meet
509.47 776.475 14.451 8.7128 two
529.086 776.475 7.67648 8.7128 of
541.899 776.475 11.7546 8.7128 the

345.282 787.02 18.9705 8.7128 three
367.224 787.02 26.0521 8.7128 criteria
396.421 787.02 10.2193 8.7128 set
409.461 787.02 12.6374 8.7128 out
424.938 787.02 7.36942 8.7128 in
435.257 787.02 38.1713 8.7128 paragraph
476.53 787.02 9.82589 8.7128 (f);

41.9182 51.2759 45.0801 8.7128 31.12.2003

517.914 51.2759 4.55791 8.7128 L
525.397 51.2759 28.3358 8.7128 345/69

223.846 51.2759 27.5298 8.7128 Official
254.348 51.2759 27.098 8.7128 Journal
284.283 51.2759 7.67648 8.7128 of
294.771 51.2759 11.7546 8.7128 the
309.455 51.2759 35.7724 8.7128 European
348.235 51.2759 23.634 8.7128 Union

120.154 52.1989 9.8344 7.7447 EN

41.9182 787.733 2.22617 7.7447 (
44.1859 787.292 2.54582 4.33697 1
46.6804 787.733 2.22617 7.7447 )
53.2003 787.733 8.50381 7.7447 OJ
64.2552 787.733 4.05146 7.7447 L
70.9448 787.733 15.4894 7.7447 135,
88.9163 787.733 37.3758 7.7447 31.5.1994,
128.771 787.733 6.28617 7.7447 p.
137.615 787.733 6.39705 7.7447 5.

60.0032 76.9011 11.745 8.7128 (iv)
76.6151 76.9011 25.4571 8.7128 certain
105.416 76.9011 26.4647 8.7128 natural
135.181 76.9011 31.1377 8.7128 persons:
169.538 76.9011 26.1672 8.7128 subject
198.963 76.9011 7.76284 8.7128 to
209.905 76.9011 26.6182 8.7128 mutual
239.726 76.9011 45.1665 8.7128 recognition,

76.6141 87.4457 4.07813 8.7128 a
86.9323 87.4457 31.1089 8.7128 Member
124.351 87.4457 18.1933 8.7128 State
148.786 87.4457 16.1014 8.7128 may
171.124 87.4457 26.2344 8.7128 choose
203.553 87.4457 7.76284 8.7128 to
217.5 87.4457 34.7073 8.7128 authorise
258.547 87.4457 26.4647 8.7128 natural

76.6141 97.9903 29.0555 8.7128 persons
110.517 97.9903 16.61 8.7128 who
132.061 97.9903 11.294 8.7128 are
148.389 97.9903 29.5449 8.7128 resident
182.916 97.9903 7.36942 8.7128 in
195.219 97.9903 11.7546 8.7128 the
212 97.9903 31.1089 8.7128 Member
248.115 97.9903 18.1933 8.7128 State
271.246 97.9903 13.8369 8.7128 and

76.6141 108.535 16.61 8.7128 who
96.5135 108.535 34.2467 8.7128 expressly
134.159 108.535 12.1672 8.7128 ask
149.637 108.535 7.76284 8.7128 to
160.692 108.535 8.77038 8.7128 be
172.824 108.535 40.3783 8.7128 considered
216.536 108.535 7.52295 8.7128 as
227.421 108.535 32.0877 8.7128 qualified
262.913 108.535 22.0507 8.7128 inves-

76.6141 119.079 14.4702 8.7128 tors
94.8698 119.079 5.08567 8.7128 if
103.827 119.079 19.1528 8.7128 these
126.902 119.079 29.0555 8.7128 persons
159.785 119.079 18.366 8.7128 meet
182.066 119.079 6.89924 8.7128 at
192.838 119.079 16.6292 8.7128 least
213.304 119.079 14.451 8.7128 two
231.617 119.079 7.67648 8.7128 of
243.069 119.079 11.7546 8.7128 the
258.717 119.079 26.0521 8.7128 criteria

76.6141 129.682 10.2193 8.7128 set
89.6536 129.682 12.6374 8.7128 out
105.131 129.682 7.36942 8.7128 in
115.393 129.682 38.1713 8.7128 paragraph
156.666 129.682 7.1967 8.7128 2;

62.3839 147.597 9.39409 8.7128 (v)
76.6141 147.597 25.4571 8.7128 certain
104.961 147.597 22.185 8.7128 SMEs:
129.964 147.597 26.1672 8.7128 subject
158.991 147.597 7.76284 8.7128 to
169.479 147.597 26.6182 8.7128 mutual
198.848 147.597 45.1665 8.7128 recognition,
246.925 147.597 4.07813 8.7128 a
253.842 147.597 31.1089 8.7128 Member

76.6141 158.198 18.1933 8.7128 State
98.2148 158.198 16.1014 8.7128 may
117.718 158.198 26.2344 8.7128 choose
147.313 158.198 7.76284 8.7128 to
158.424 158.198 34.7073 8.7128 authorise
196.637 158.198 20.1028 8.7128 SMEs
220.109 158.198 22.9719 8.7128 which
246.641 158.198 17.3968 8.7128 have
267.562 158.198 17.368 8.7128 their

76.6141 168.742 36.1946 8.7128 registered
120.042 168.742 20.6881 8.7128 office
147.822 168.742 7.36942 8.7128 in
162.279 168.742 14.7005 8.7128 that
184.049 168.742 31.1089 8.7128 Member
222.319 168.742 18.1933 8.7128 State
247.547 168.742 13.8369 8.7128 and
268.411 168.742 16.61 8.7128 who

76.6141 179.287 34.2467 8.7128 expressly
113.749 179.287 12.1672 8.7128 ask
128.716 179.287 7.76284 8.7128 to
139.319 179.287 8.77038 8.7128 be
150.997 179.287 40.3783 8.7128 considered
194.255 179.287 7.52295 8.7128 as
204.63 179.287 32.0877 8.7128 qualified
239.724 179.287 35.7052 8.7128 investors;

46.9637 204.629 7.74365 8.7128 (f)
59.4927 204.629 21.4366 8.7128 small
86.536 204.629 13.8369 8.7128 and
106.096 204.629 52.8814 8.7128 medium-sized
164.718 204.629 42.0671 8.7128 enterprises
212.682 204.629 24.1329 8.7128 means
242.559 204.629 42.4701 8.7128 companies,

59.4927 215.174 25.0541 8.7128 which,
91.0718 215.174 36.7895 8.7128 according
134.386 215.174 7.76284 8.7128 to
148.503 215.174 17.368 8.7128 their
172.428 215.174 12.6758 8.7128 last
191.421 215.174 25.3996 8.7128 annual
223.226 215.174 8.20424 8.7128 or
237.853 215.174 47.3351 8.7128 consolidated

59.4927 225.775 35.2063 8.7128 accounts,
98.1591 225.775 18.366 8.7128 meet
120.043 225.775 6.89924 8.7128 at
130.474 225.775 16.6292 8.7128 least
150.544 225.775 14.451 8.7128 two
168.459 225.775 7.67648 8.7128 of
179.571 225.775 11.7546 8.7128 the
194.821 225.775 35.7916 8.7128 following
234.054 225.775 18.9705 8.7128 three
256.618 225.775 28.1343 8.7128 criteria:

59.4927 236.319 9.09663 8.7128 an
71.9085 236.319 28.1631 8.7128 average
103.657 236.319 29.564 8.7128 number
136.654 236.319 7.67648 8.7128 of
147.596 236.319 39.5914 8.7128 employees
190.571 236.319 24.6991 8.7128 during
218.691 236.319 11.7546 8.7128 the
233.885 236.319 31.9342 8.7128 financial
269.263 236.319 15.6792 8.7128 year

59.4927 246.864 7.67648 8.7128 of
72.8728 246.864 13.1748 8.7128 less
91.8088 246.864 16.8979 8.7128 than
114.486 246.864 17.4256 8.7128 250,
137.674 246.864 4.07813 8.7128 a
147.595 246.864 16.9938 8.7128 total
170.33 246.864 28.2494 8.7128 balance
204.404 246.864 19.1528 8.7128 sheet
229.406 246.864 12.7813 8.7128 not
247.945 246.864 36.8759 8.7128 exceeding

59.4927 257.409 16.6292 8.7128 EUR
80.9801 257.409 10.2289 8.7128 43
93.5667 257.409 15.3434 8.7128 000
111.255 257.409 15.3434 8.7128 000
135.407 257.409 13.8369 8.7128 and
158.028 257.409 9.09663 8.7128 an
176 257.409 25.3996 8.7128 annual
210.243 257.409 11.793 8.7128 net
230.88 257.409 32.5195 8.7128 turnover
272.323 257.409 12.7813 8.7128 not

59.4927 267.953 36.8759 8.7128 exceeding
99.4056 267.953 16.6292 8.7128 EUR
120.95 267.953 10.2289 8.7128 50
133.536 267.953 15.3434 8.7128 000
151.225 267.953 17.4256 8.7128 000;

45.1492 293.295 9.46126 8.7128 (g)
59.4927 293.295 22.7128 8.7128 credit
87.9533 293.295 40.4263 8.7128 institution
133.99 293.295 24.1329 8.7128 means
163.755 293.295 9.09663 8.7128 an
178.552 293.295 45.2145 8.7128 undertaking
229.464 293.295 7.52295 8.7128 as
242.674 293.295 27.4914 8.7128 defined
275.84 293.295 9.20218 8.7128 by

59.4927 303.897 25.0637 8.7128 Article
89.3705 303.897 24.3248 8.7128 1(1)(a)
118.342 303.897 7.67648 8.7128 of
130.644 303.897 33.5942 8.7128 Directive
169.14 303.897 46.5003 8.7128 2000/12/EC
220.335 303.897 7.67648 8.7128 of
232.638 303.897 11.7546 8.7128 the
249.135 303.897 35.7724 8.7128 European

59.4927 314.441 40.0712 8.7128 Parliament
103.205 314.441 13.8369 8.7128 and
120.61 314.441 7.67648 8.7128 of
131.836 314.441 11.7546 8.7128 the
147.314 314.441 29.1226 8.7128 Council
180.027 314.441 7.67648 8.7128 of
191.253 314.441 10.2289 8.7128 20
205.086 314.441 23.7779 8.7128 March
232.583 314.441 20.4578 8.7128 2000
256.622 314.441 28.2686 8.7128 relating

59.4927 324.986 7.76284 8.7128 to
70.2647 324.986 11.7546 8.7128 the
85.1187 324.986 23.3653 8.7128 taking
111.595 324.986 9.86428 8.7128 up
124.578 324.986 13.8369 8.7128 and
141.473 324.986 26.6182 8.7128 pursuit
171.237 324.986 7.67648 8.7128 of
181.896 324.986 11.7546 8.7128 the
196.807 324.986 31.3488 8.7128 business
231.164 324.986 7.67648 8.7128 of
241.823 324.986 21.1007 8.7128 credit
266.145 324.986 18.8841 8.7128 insti-

59.4927 335.53 26.2728 8.7128 tutions
88.0665 335.53 2.50445 8.7128 (
90.5607 335.06 2.86402 4.87905 1
93.3953 335.534 4.5867 8.7128 );

44.6957 360.876 9.98902 8.7128 (h)
59.4931 360.876 24.5551 8.7128 issuer
88.4641 360.876 24.1329 8.7128 means
116.981 360.876 4.07813 8.7128 a
125.542 360.876 17.1473 8.7128 legal
147.142 360.876 21.3502 8.7128 entity
172.938 360.876 22.9719 8.7128 which
200.492 360.876 21.5133 8.7128 issues
226.401 360.876 8.20424 8.7128 or
238.987 360.876 33.9684 8.7128 proposes
277.313 360.876 7.76284 8.7128 to

59.4931 371.477 18.0685 8.7128 issue
80.4134 371.477 36.5113 8.7128 securities;

47.2472 396.819 7.35983 8.7128 (i)
59.4931 396.819 27.2227 8.7128 person
90.3353 396.819 28.1823 8.7128 making
122.141 396.819 9.09663 8.7128 an
134.897 396.819 19.2392 8.7128 offer
157.745 396.819 10.7087 8.7128 (or
172.145 396.819 31.5599 8.7128 offeror)
207.296 396.819 24.1329 8.7128 means
235.02 396.819 4.07813 8.7128 a
242.786 396.819 17.1473 8.7128 legal
263.65 396.819 21.3502 8.7128 entity

59.4931 407.364 8.20424 8.7128 or
70.5482 407.364 37.2213 8.7128 individual
110.688 407.364 22.9719 8.7128 which
136.655 407.364 21.0719 8.7128 offers
160.58 407.364 34.429 8.7128 securities
197.999 407.364 7.76284 8.7128 to
208.601 407.364 11.7546 8.7128 the
223.285 407.364 25.4187 8.7128 public;

47.3604 432.706 7.29266 8.7128 (j)
59.4931 432.706 36.0795 8.7128 regulated
100.314 432.706 28.0096 8.7128 market
133.027 432.706 24.1329 8.7128 means
161.772 432.706 4.07813 8.7128 a
170.559 432.706 26.3975 8.7128 market
201.628 432.706 7.52295 8.7128 as
213.817 432.706 27.4914 8.7128 defined
245.963 432.706 9.20218 8.7128 by
259.853 432.706 25.0637 8.7128 Article

59.4931 443.307 20.3523 8.7128 1(13)
82.6242 443.307 7.67648 8.7128 of
93.1122 443.307 33.5942 8.7128 Directive
129.794 443.307 43.0075 8.7128 93/22/EEC;

45.093 468.649 9.65317 8.7128 (k)
59.4931 468.649 31.061 8.7128 offering
95.1542 468.649 45.8286 8.7128 programme
145.669 468.649 24.1329 8.7128 means
174.414 468.649 4.07813 8.7128 a
183.088 468.649 16.4181 8.7128 plan
204.122 468.649 22.9719 8.7128 which
231.845 468.649 23.5764 8.7128 would
259.966 468.649 25.0157 8.7128 permit

59.4931 479.194 11.7546 8.7128 the
74.4037 479.194 31.1377 8.7128 issuance
108.761 479.194 7.67648 8.7128 of
119.476 479.194 40.9348 8.7128 non-equity
163.642 479.194 36.5113 8.7128 securities,
203.441 479.194 35.1103 8.7128 including
241.824 479.194 32.6538 8.7128 warrants
277.655 479.194 7.36942 8.7128 in

59.4931 489.738 13.4818 8.7128 any
76.7277 489.738 20.6593 8.7128 form,
101.106 489.738 25.2652 8.7128 having
130.247 489.738 4.07813 8.7128 a
138.127 489.738 25.4571 8.7128 similar
167.381 489.738 16.1494 8.7128 type
187.337 489.738 24.8046 8.7128 and/or
215.911 489.738 19.3543 8.7128 class,
238.986 489.738 7.36942 8.7128 in
250.154 489.738 4.07813 8.7128 a
258.034 489.738 27.0212 8.7128 contin-

59.4931 500.283 18.1357 8.7128 uous
80.4134 500.283 8.20424 8.7128 or
91.5251 500.283 31.7518 8.7128 repeated
126.279 500.283 28.9691 8.7128 manner
158.142 500.283 24.6991 8.7128 during
185.809 500.283 4.07813 8.7128 a
192.782 500.283 32.4907 8.7128 specified
228.273 500.283 25.9369 8.7128 issuing
257.131 500.283 26.3207 8.7128 period;

47.3604 525.681 7.34063 8.7128 (l)
59.4931 525.681 36.0411 8.7128 securities
101.674 525.681 22.8087 8.7128 issued
130.532 525.681 7.36942 8.7128 in
143.969 525.681 4.07813 8.7128 a
154.061 525.681 42.259 8.7128 continuous
202.308 525.681 8.20424 8.7128 or
216.539 525.681 31.7518 8.7128 repeated
254.467 525.681 30.5812 8.7128 manner

59.4931 536.226 24.1329 8.7128 means
86.593 536.226 21.5133 8.7128 issues
111.085 536.226 9.96023 8.7128 on
123.954 536.226 11.8889 8.7128 tap
138.865 536.226 8.20424 8.7128 or
150.091 536.226 6.89924 8.7128 at
160.013 536.226 16.6292 8.7128 least
179.629 536.226 14.451 8.7128 two
197.034 536.226 30.5812 8.7128 separate
230.711 536.226 21.5133 8.7128 issues
255.203 536.226 7.67648 8.7128 of
265.862 536.226 19.1432 8.7128 secu-

59.4931 546.771 18.1837 8.7128 rities
82.2279 546.771 7.67648 8.7128 of
94.304 546.771 4.07813 8.7128 a
102.864 546.771 25.4571 8.7128 similar
132.799 546.771 16.1494 8.7128 type
153.493 546.771 24.8046 8.7128 and/or
182.747 546.771 17.2721 8.7128 class
204.404 546.771 16.5428 8.7128 over
225.437 546.771 4.07813 8.7128 a
233.998 546.771 24.2385 8.7128 period
262.742 546.771 7.67648 8.7128 of
274.818 546.771 10.2289 8.7128 12

59.4931 557.315 30.9266 8.7128 months;

42.0886 582.657 12.647 8.7128 (m)
59.494 582.657 23.1254 8.7128 home
85.4607 582.657 31.1089 8.7128 Member
119.535 582.657 19.8053 8.7128 State
142.156 582.657 26.2152 8.7128 means:

64.3686 600.629 7.35983 8.7128 (i)
76.6145 600.629 10.939 8.7128 for
91.1845 600.629 8.74159 8.7128 all
103.544 600.629 45.3008 8.7128 Community
152.415 600.629 24.7758 8.7128 issuers
180.932 600.629 7.67648 8.7128 of
192.215 600.629 34.429 8.7128 securities
230.484 600.629 22.9719 8.7128 which
257.244 600.629 11.294 8.7128 are
272.324 600.629 12.7813 8.7128 not

76.6145 611.173 40.4359 8.7128 mentioned
120.893 611.173 7.36942 8.7128 in
132.233 611.173 11.793 8.7128 (ii),
148.05 611.173 11.7546 8.7128 the
163.754 611.173 31.1089 8.7128 Member
198.905 611.173 18.1933 8.7128 State
221.016 611.173 22.8375 8.7128 where
247.946 611.173 11.7546 8.7128 the
263.65 611.173 21.331 8.7128 issuer

76.6145 621.718 12.5031 8.7128 has
91.979 621.718 8.61685 8.7128 its
103.431 621.718 36.1946 8.7128 registered
142.721 621.718 22.7704 8.7128 office;

61.9879 639.69 9.71075 8.7128 (ii)
76.6155 639.69 10.939 8.7128 for
90.9024 639.69 13.4818 8.7128 any
107.797 639.69 21.5133 8.7128 issues
132.686 639.69 7.67648 8.7128 of
143.741 639.69 40.9348 8.7128 non-equity
188.134 639.69 34.429 8.7128 securities
226.12 639.69 24.0082 8.7128 whose
253.56 639.69 31.5407 8.7128 denomi-

76.6145 650.234 24.2289 8.7128 nation
104.905 650.234 12.2056 8.7128 per
121.29 650.234 15.0651 8.7128 unit
140.452 650.234 32.817 8.7128 amounts
177.247 650.234 7.76284 8.7128 to
189.039 650.234 6.89924 8.7128 at
200.038 650.234 16.6292 8.7128 least
220.732 650.234 16.6292 8.7128 EUR
242.219 650.234 5.11445 8.7128 1
249.759 650.234 17.4256 8.7128 000,
271.247 650.234 13.8369 8.7128 and

76.6145 660.835 10.939 8.7128 for
90.7882 660.835 13.4818 8.7128 any
107.57 660.835 21.5133 8.7128 issues
132.346 660.835 7.67648 8.7128 of
143.288 660.835 40.9348 8.7128 non-equity
187.567 660.835 34.429 8.7128 securities
225.438 660.835 23.0102 8.7128 giving
251.915 660.835 11.7546 8.7128 the
267.052 660.835 17.867 8.7128 right

76.6145 671.38 7.76284 8.7128 to
88.6906 671.38 27.1651 8.7128 acquire
120.553 671.38 13.4818 8.7128 any
138.468 671.38 43.7559 8.7128 transferable
186.659 671.38 34.429 8.7128 securities
225.665 671.38 8.20424 8.7128 or
238.308 671.38 7.76284 8.7128 to
250.441 671.38 25.8314 8.7128 receive
280.942 671.38 4.07813 8.7128 a

76.6145 681.925 16.4756 8.7128 cash
100.993 681.925 31.4544 8.7128 amount,
140.282 681.925 7.52295 8.7128 as
155.647 681.925 4.07813 8.7128 a
167.665 681.925 47.7765 8.7128 consequence
223.453 681.925 7.67648 8.7128 of
238.931 681.925 17.368 8.7128 their
264.33 681.925 20.5922 8.7128 being

76.6145 692.469 37.0486 8.7128 converted
116.925 692.469 8.20424 8.7128 or
128.377 692.469 11.7546 8.7128 the
143.457 692.469 21.3118 8.7128 rights
168.12 692.469 35.8396 8.7128 conferred
207.239 692.469 9.20218 8.7128 by
219.712 692.469 19.3927 8.7128 them
242.389 692.469 20.5922 8.7128 being
266.314 692.469 18.5483 8.7128 exer-

76.6145 703.014 20.5442 8.7128 cised,
100.54 703.014 33.3639 8.7128 provided
137.335 703.014 14.7005 8.7128 that
155.365 703.014 11.7546 8.7128 the
170.558 703.014 21.331 8.7128 issuer
195.334 703.014 7.67648 8.7128 of
206.276 703.014 11.7546 8.7128 the
221.47 703.014 40.9348 8.7128 non-equity
265.862 703.014 19.1432 8.7128 secu-

76.6145 713.558 18.1837 8.7128 rities
98.8389 713.558 5.79574 8.7128 is
108.647 713.558 12.7813 8.7128 not
125.315 713.558 11.7546 8.7128 the
141.076 713.558 21.331 8.7128 issuer
166.475 713.558 7.67648 8.7128 of
178.041 713.558 11.7546 8.7128 the
193.802 713.558 40.3879 8.7128 underlying
238.25 713.558 34.429 8.7128 securities
276.859 713.558 8.20424 8.7128 or

76.6145 724.16 9.09663 8.7128 an
89.7106 724.16 21.3502 8.7128 entity
115.167 724.16 37.3365 8.7128 belonging
156.554 724.16 7.76284 8.7128 to
168.29 724.16 11.7546 8.7128 the
184.107 724.16 22.5209 8.7128 group
210.753 724.16 7.67648 8.7128 of
222.376 724.16 11.7546 8.7128 the
238.193 724.16 19.268 8.7128 latter
261.551 724.16 23.4133 8.7128 issuer,

76.6145 734.704 11.7546 8.7128 the
92.6027 734.704 31.1089 8.7128 Member
127.981 734.704 18.1933 8.7128 State
150.375 734.704 22.8375 8.7128 where
177.588 734.704 11.7546 8.7128 the
193.576 734.704 21.331 8.7128 issuer
219.146 734.704 12.5031 8.7128 has
235.871 734.704 8.61685 8.7128 its
248.627 734.704 36.1946 8.7128 registered

76.6145 745.249 22.7704 8.7128 office,
105.359 745.249 8.20424 8.7128 or
119.589 745.249 22.8375 8.7128 where
148.56 745.249 11.7546 8.7128 the
166.362 745.249 34.429 8.7128 securities
206.955 745.249 17.8574 8.7128 were
230.937 745.249 8.20424 8.7128 or
245.167 745.249 11.294 8.7128 are
262.516 745.249 7.76284 8.7128 to
276.236 745.249 8.77038 8.7128 be

76.6145 755.794 33.1432 8.7128 admitted
114.034 755.794 7.76284 8.7128 to
126.053 755.794 26.7237 8.7128 trading
157.178 755.794 9.96023 8.7128 on
171.408 755.794 4.07813 8.7128 a
179.855 755.794 34.4674 8.7128 regulated
218.805 755.794 26.3975 8.7128 market
249.534 755.794 8.20424 8.7128 or
262.063 755.794 22.8375 8.7128 where

345.284 76.8933 11.7546 8.7128 the
359.968 76.8933 34.429 8.7128 securities
397.387 76.8933 11.294 8.7128 are
411.674 76.8933 26.3207 8.7128 offered
440.871 76.8933 7.76284 8.7128 to
451.416 76.8933 11.7546 8.7128 the
466.1 76.8933 25.4187 8.7128 public,
494.504 76.8933 6.89924 8.7128 at
504.255 76.8933 11.7546 8.7128 the
518.939 76.8933 24.1713 8.7128 choice
546.096 76.8933 7.67648 8.7128 of

345.284 87.4379 11.7546 8.7128 the
360.421 87.4379 23.4133 8.7128 issuer,
387.238 87.4379 11.7546 8.7128 the
402.375 87.4379 25.8314 8.7128 offeror
431.459 87.4379 8.20424 8.7128 or
443.024 87.4379 11.7546 8.7128 the
458.161 87.4379 25.6107 8.7128 person
487.076 87.4379 23.989 8.7128 asking
514.403 87.4379 10.939 8.7128 for
528.633 87.4379 25.1501 8.7128 admis-

345.284 97.9825 17.8382 8.7128 sion,
367.451 97.9825 7.52295 8.7128 as
379.357 97.9825 11.7546 8.7128 the
395.515 97.9825 15.4489 8.7128 case
415.414 97.9825 16.1014 8.7128 may
435.88 97.9825 10.8526 8.7128 be.
451.188 97.9825 14.1151 8.7128 The
469.784 97.9825 19.1144 8.7128 same
493.255 97.9825 25.6107 8.7128 regime
523.417 97.9825 17.1665 8.7128 shall
544.905 97.9825 8.77038 8.7128 be

345.284 108.527 37.893 8.7128 applicable
386.501 108.527 7.76284 8.7128 to
397.442 108.527 40.9348 8.7128 non-equity
441.721 108.527 34.429 8.7128 securities
479.537 108.527 7.36942 8.7128 in
490.195 108.527 4.07813 8.7128 a
497.566 108.527 32.7018 8.7128 currency
533.737 108.527 19.9588 8.7128 other

345.284 119.072 16.8979 8.7128 than
365.978 119.072 19.1144 8.7128 euro,
388.939 119.072 33.3639 8.7128 provided
426.13 119.072 14.7005 8.7128 that
444.612 119.072 11.7546 8.7128 the
460.203 119.072 19.623 8.7128 value
483.732 119.072 7.67648 8.7128 of
495.128 119.072 17.2721 8.7128 such
516.218 119.072 37.5092 8.7128 minimum

345.284 129.674 52.8718 8.7128 denomination
400.902 129.674 5.79574 8.7128 is
409.633 129.674 23.0294 8.7128 nearly
435.598 129.674 38.44 8.7128 equivalent
477.043 129.674 7.76284 8.7128 to
487.645 129.674 16.6292 8.7128 EUR
509.132 129.674 5.11445 8.7128 1
516.616 129.674 17.4256 8.7128 000;

328.275 149.856 12.0617 8.7128 (iii)
345.284 149.856 10.939 8.7128 for
361.612 149.856 8.74159 8.7128 all
375.785 149.856 24.7758 8.7128 issuers
406.06 149.856 7.67648 8.7128 of
419.156 149.856 34.429 8.7128 securities
459.182 149.856 48.333 8.7128 incorporated
513.043 149.856 7.36942 8.7128 in
525.912 149.856 4.07813 8.7128 a
535.493 149.856 18.1549 8.7128 third

345.284 160.401 31.3584 8.7128 country,
380.038 160.401 22.9719 8.7128 which
406.571 160.401 11.294 8.7128 are
421.368 160.401 12.7813 8.7128 not
437.413 160.401 40.4359 8.7128 mentioned
481.238 160.401 7.36942 8.7128 in
492.01 160.401 11.793 8.7128 (ii),
507.318 160.401 11.7546 8.7128 the
522.511 160.401 31.1089 8.7128 Member

345.284 170.946 18.1933 8.7128 State
366.374 170.946 22.8375 8.7128 where
392.34 170.946 11.7546 8.7128 the
407.025 170.946 34.429 8.7128 securities
444.557 170.946 11.294 8.7128 are
458.9 170.946 32.5963 8.7128 intended
494.448 170.946 7.76284 8.7128 to
505.05 170.946 8.77038 8.7128 be
516.786 170.946 26.3207 8.7128 offered
545.983 170.946 7.76284 8.7128 to

345.284 181.547 11.7546 8.7128 the
360.024 181.547 23.3365 8.7128 public
386.387 181.547 10.939 8.7128 for
400.278 181.547 11.7546 8.7128 the
415.019 181.547 14.6141 8.7128 first
432.594 181.547 16.7635 8.7128 time
452.38 181.547 16.8499 8.7128 after
472.223 181.547 11.7546 8.7128 the
487.02 181.547 15.5928 8.7128 date
505.559 181.547 7.67648 8.7128 of
516.161 181.547 19.4407 8.7128 entry
538.612 181.547 15.1323 8.7128 into

345.284 192.091 18.8649 8.7128 force
368.528 192.091 7.67648 8.7128 of
380.491 192.091 13.597 8.7128 this
398.463 192.091 33.5942 8.7128 Directive
436.619 192.091 8.20424 8.7128 or
449.205 192.091 22.8375 8.7128 where
476.589 192.091 11.7546 8.7128 the
492.747 192.091 14.6141 8.7128 first
511.739 192.091 41.9232 8.7128 application

345.284 202.636 10.939 8.7128 for
361.725 202.636 38.0082 8.7128 admission
405.153 202.636 7.76284 8.7128 to
418.419 202.636 26.7237 8.7128 trading
450.735 202.636 9.96023 8.7128 on
466.157 202.636 4.07813 8.7128 a
475.851 202.636 34.4674 8.7128 regulated
515.991 202.636 26.3975 8.7128 market
547.91 202.636 5.79574 8.7128 is

345.284 213.181 22.4921 8.7128 made,
371.987 213.181 6.89924 8.7128 at
383.156 213.181 11.7546 8.7128 the
399.2 213.181 24.1713 8.7128 choice
427.718 213.181 7.67648 8.7128 of
439.566 213.181 11.7546 8.7128 the
455.611 213.181 23.4133 8.7128 issuer,
483.391 213.181 11.7546 8.7128 the
499.436 213.181 25.8314 8.7128 offeror
529.485 213.181 8.20424 8.7128 or
541.9 213.181 11.7546 8.7128 the

345.284 223.725 25.6107 8.7128 person
376.635 223.725 23.989 8.7128 asking
406.4 223.725 10.939 8.7128 for
423.068 223.725 40.0904 8.7128 admission,
468.821 223.725 7.52295 8.7128 as
482.087 223.725 11.7546 8.7128 the
499.662 223.725 15.4489 8.7128 case
520.922 223.725 16.1014 8.7128 may
542.806 223.725 10.8526 8.7128 be,

345.284 234.27 26.1672 8.7128 subject
376.126 234.27 7.76284 8.7128 to
388.542 234.27 4.07813 8.7128 a
397.329 234.27 41.8752 8.7128 subsequent
443.876 234.27 29.3433 8.7128 election
477.95 234.27 9.20218 8.7128 by
491.839 234.27 24.7758 8.7128 issuers
521.321 234.27 32.3756 8.7128 incorpo-

345.284 244.871 18.8554 8.7128 rated
368.925 244.871 7.36942 8.7128 in
381.058 244.871 4.07813 8.7128 a
389.902 244.871 18.1549 8.7128 third
412.864 244.871 29.2762 8.7128 country
446.938 244.871 5.08567 8.7128 if
456.745 244.871 11.7546 8.7128 the
473.299 244.871 21.5133 8.7128 home
499.549 244.871 31.1089 8.7128 Member
535.493 244.871 18.1933 8.7128 State

345.284 255.416 14.2111 8.7128 was
362.348 255.416 12.7813 8.7128 not
377.939 255.416 42.4317 8.7128 determined
423.295 255.416 9.20218 8.7128 by
435.371 255.416 17.368 8.7128 their
455.724 255.416 26.2536 8.7128 choice;

313.366 285.236 10.0274 8.7128 (n)
328.163 285.236 17.7998 8.7128 host
349.197 285.236 31.1089 8.7128 Member
383.78 285.236 19.8053 8.7128 State
406.911 285.236 24.1329 8.7128 means
434.352 285.236 11.7546 8.7128 the
449.546 285.236 18.1933 8.7128 State
471.09 285.236 22.8375 8.7128 where
497.453 285.236 9.09663 8.7128 an
509.868 285.236 17.6271 8.7128 offer
530.845 285.236 7.76284 8.7128 to
541.9 285.236 11.7546 8.7128 the

328.163 295.78 23.3365 8.7128 public
356.113 295.78 5.79574 8.7128 is
366.545 295.78 20.4098 8.7128 made
391.49 295.78 8.20424 8.7128 or
404.303 295.78 38.0082 8.7128 admission
446.768 295.78 7.76284 8.7128 to
459.07 295.78 26.7237 8.7128 trading
490.422 295.78 5.79574 8.7128 is
500.853 295.78 27.5969 8.7128 sought,
532.999 295.78 20.6401 8.7128 when

328.163 306.382 31.5695 8.7128 different
362.633 306.382 18.5771 8.7128 from
384.007 306.382 11.7546 8.7128 the
398.634 306.382 21.5133 8.7128 home
423.013 306.382 31.1089 8.7128 Member
457.087 306.382 20.2755 8.7128 State;

313.423 336.202 9.95064 8.7128 (o)
328.164 336.202 36.6264 8.7128 collective
369.381 336.202 41.405 8.7128 investment
415.304 336.202 45.2145 8.7128 undertaking
465.195 336.202 19.9588 8.7128 other
489.743 336.202 16.8979 8.7128 than
511.174 336.202 11.7546 8.7128 the
527.502 336.202 26.2823 8.7128 closed-

328.163 346.747 13.7121 8.7128 end
344.717 346.747 17.7615 8.7128 type
365.411 346.747 24.1329 8.7128 means
392.341 346.747 15.0651 8.7128 unit
410.314 346.747 20.6689 8.7128 trusts
433.786 346.747 13.8369 8.7128 and
450.511 346.747 41.405 8.7128 investment
494.733 346.747 42.4701 8.7128 companies:

330.658 366.986 7.35983 8.7128 (i)
342.847 366.986 11.7546 8.7128 the
360.139 366.986 22.7896 8.7128 object
388.429 366.986 7.67648 8.7128 of
401.525 366.986 22.9719 8.7128 which
430.099 366.986 5.79574 8.7128 is
441.382 366.986 11.7546 8.7128 the
458.673 366.986 35.0143 8.7128 collective
499.266 366.986 41.405 8.7128 investment
546.097 366.986 7.67648 8.7128 of

342.847 377.53 24.6223 8.7128 capital
371.479 377.53 33.3639 8.7128 provided
408.783 377.53 9.20218 8.7128 by
421.936 377.53 11.7546 8.7128 the
437.64 377.53 25.4187 8.7128 public,
467.065 377.53 13.8369 8.7128 and
484.81 377.53 22.9719 8.7128 which
511.797 377.53 28 8.7128 operate
543.83 377.53 9.96023 8.7128 on

342.847 388.075 11.7546 8.7128 the
357.531 388.075 33.22 8.7128 principle
393.816 388.075 7.67648 8.7128 of
404.304 388.075 54.9732 8.7128 risk-spreading;

328.277 408.257 9.71075 8.7128 (ii)
342.847 408.257 11.7546 8.7128 the
357.645 408.257 18.5099 8.7128 units
379.132 408.257 7.67648 8.7128 of
389.678 408.257 22.9719 8.7128 which
415.758 408.257 13.3763 8.7128 are,
432.255 408.257 6.89924 8.7128 at
442.121 408.257 11.7546 8.7128 the
456.861 408.257 29.4009 8.7128 holder's
489.177 408.257 29.0651 8.7128 request,
521.324 408.257 32.1932 8.7128 repurch-

342.847 418.858 16.2166 8.7128 ased
364.391 418.858 8.20424 8.7128 or
377.885 418.858 38.2768 8.7128 redeemed,
421.596 418.858 27.8176 8.7128 directly
454.819 418.858 8.20424 8.7128 or
468.369 418.858 37.2693 8.7128 indirectly,
511.061 418.858 12.6374 8.7128 out
528.977 418.858 7.67648 8.7128 of
541.903 418.858 11.7546 8.7128 the

342.847 429.403 21.1871 8.7128 assets
366.83 429.403 7.67648 8.7128 of
377.318 429.403 19.1528 8.7128 these
399.372 429.403 50.7415 8.7128 undertakings;

313.367 459.223 9.99862 8.7128 (p)
328.164 459.223 20.122 8.7128 units
351.806 459.223 7.67648 8.7128 of
362.917 459.223 4.07813 8.7128 a
370.571 459.223 35.0143 8.7128 collective
409.236 459.223 41.405 8.7128 investment
454.139 459.223 46.8265 8.7128 undertaking
504.597 459.223 20.6881 8.7128 mean
528.806 459.223 24.7566 8.7128 securi-

328.164 469.768 12.5702 8.7128 ties
343.868 469.768 22.8087 8.7128 issued
369.835 469.768 9.20218 8.7128 by
382.137 469.768 4.07813 8.7128 a
389.395 469.768 35.0143 8.7128 collective
427.607 469.768 41.405 8.7128 investment
472.169 469.768 45.2145 8.7128 undertaking
520.587 469.768 7.52295 8.7128 as
531.189 469.768 22.3194 8.7128 repre-

328.164 480.369 27.0596 8.7128 senting
360.026 480.369 11.7546 8.7128 the
376.581 480.369 21.3118 8.7128 rights
402.774 480.369 7.67648 8.7128 of
415.133 480.369 11.7546 8.7128 the
431.687 480.369 44.2779 8.7128 participants
480.785 480.369 7.36942 8.7128 in
492.974 480.369 17.2721 8.7128 such
515.028 480.369 9.09663 8.7128 an
528.918 480.369 24.7471 8.7128 under-

328.164 490.914 23.3653 8.7128 taking
354.414 490.914 16.5428 8.7128 over
373.917 490.914 8.61685 8.7128 its
385.369 490.914 23.2693 8.7128 assets;

313.651 520.734 9.68196 8.7128 (q)
328.164 520.734 36.281 8.7128 approval
369.098 520.734 24.1329 8.7128 means
397.843 520.734 11.7546 8.7128 the
414.34 520.734 29.2378 8.7128 positive
448.3 520.734 10.8718 8.7128 act
463.834 520.734 6.89924 8.7128 at
475.4 520.734 11.7546 8.7128 the
491.898 520.734 33.1432 8.7128 outcome
529.656 520.734 7.67648 8.7128 of
541.902 520.734 11.7546 8.7128 the

328.164 531.279 30.1302 8.7128 scrutiny
363.882 531.279 7.67648 8.7128 of
377.091 531.279 11.7546 8.7128 the
394.44 531.279 50.4633 8.7128 completeness
450.398 531.279 7.67648 8.7128 of
463.55 531.279 11.7546 8.7128 the
480.899 531.279 40.6949 8.7128 prospectus
527.162 531.279 9.20218 8.7128 by
541.903 531.279 11.7546 8.7128 the

328.164 541.88 21.5133 8.7128 home
354.301 541.88 31.1089 8.7128 Member
390.132 541.88 23.3845 8.7128 State's
418.082 541.88 40.1096 8.7128 competent
462.814 541.88 34.5154 8.7128 authority
502.047 541.88 35.1103 8.7128 including
541.903 541.88 11.7546 8.7128 the

328.164 552.424 43.3241 8.7128 consistency
374.824 552.424 7.67648 8.7128 of
385.766 552.424 11.7546 8.7128 the
400.959 552.424 45.1569 8.7128 information
449.433 552.424 20.1604 8.7128 given
473.075 552.424 13.8369 8.7128 and
490.253 552.424 8.61685 8.7128 its
502.216 552.424 51.4036 8.7128 comprehensi-

328.164 562.969 21.1391 8.7128 bility;

315.068 592.789 8.27141 8.7128 (r)
328.164 592.789 17.9054 8.7128 base
350.502 592.789 42.307 8.7128 prospectus
397.275 592.789 24.1329 8.7128 means
425.793 592.789 4.07813 8.7128 a
434.353 592.789 40.6949 8.7128 prospectus
479.482 592.789 40.0232 8.7128 containing
524.044 592.789 8.74159 8.7128 all
537.197 592.789 16.3989 8.7128 rele-

328.164 603.39 16.3029 8.7128 vant
348.858 603.39 45.1569 8.7128 information
398.408 603.39 7.52295 8.7128 as
410.371 603.39 32.4907 8.7128 specified
447.392 603.39 7.36942 8.7128 in
459.241 603.39 28.5085 8.7128 Articles
492.237 603.39 7.1967 8.7128 5,
503.916 603.39 5.11445 8.7128 7
513.441 603.39 13.8369 8.7128 and
531.696 603.39 10.2289 8.7128 16
546.324 603.39 7.36942 8.7128 in

328.164 613.935 15.4489 8.7128 case
347.441 613.935 18.9705 8.7128 there
370.289 613.935 5.79574 8.7128 is
379.927 613.935 4.07813 8.7128 a
387.807 613.935 46.0973 8.7128 supplement,
437.698 613.935 41.9616 8.7128 concerning
483.564 613.935 11.7546 8.7128 the
499.155 613.935 21.331 8.7128 issuer
524.327 613.935 13.8369 8.7128 and
541.902 613.935 11.7546 8.7128 the

328.164 624.48 34.429 8.7128 securities
368.985 624.48 7.76284 8.7128 to
382.931 624.48 8.77038 8.7128 be
398.011 624.48 26.3207 8.7128 offered
430.554 624.48 7.76284 8.7128 to
444.5 624.48 11.7546 8.7128 the
462.586 624.48 23.3365 8.7128 public
492.237 624.48 8.20424 8.7128 or
506.694 624.48 33.1432 8.7128 admitted
546.04 624.48 7.76284 8.7128 to

328.164 635.024 28.806 8.7128 trading,
360.48 635.024 15.9191 8.7128 and,
379.813 635.024 6.89924 8.7128 at
390.188 635.024 11.7546 8.7128 the
405.438 635.024 24.1713 8.7128 choice
433.162 635.024 7.67648 8.7128 of
444.217 635.024 11.7546 8.7128 the
459.467 635.024 23.4133 8.7128 issuer,
486.397 635.024 11.7546 8.7128 the
501.649 635.024 16.514 8.7128 final
521.548 635.024 21.1199 8.7128 terms
546.097 635.024 7.67648 8.7128 of

328.164 645.569 11.7546 8.7128 the
342.848 645.569 31.5311 8.7128 offering.

310.646 685.085 7.1967 8.7128 2.
332.19 685.085 12.3975 8.7128 For
348.462 685.085 11.7546 8.7128 the
364.109 685.085 33.9013 8.7128 purposes
401.811 685.085 7.67648 8.7128 of
413.264 685.085 38.1713 8.7128 paragraph
455.502 685.085 25.8218 8.7128 1(e)(iv)
485.21 685.085 11.7546 8.7128 the
500.857 685.085 26.0521 8.7128 criteria
530.962 685.085 11.294 8.7128 are
546.213 685.085 7.52295 8.7128 as

310.646 695.629 29.4969 8.7128 follows:

311.44 725.506 9.08703 8.7128 (a)
325.33 725.506 11.7546 8.7128 the
340.014 725.506 30.1782 8.7128 investor
373.067 725.506 12.5031 8.7128 has
388.431 725.506 25.6203 8.7128 carried
417.119 725.506 12.6374 8.7128 out
432.597 725.506 45.2528 8.7128 transactions
480.618 725.506 7.67648 8.7128 of
491.106 725.506 4.07813 8.7128 a
498.079 725.506 38.5935 8.7128 significant
539.637 725.506 14.048 8.7128 size

325.33 736.051 9.96023 8.7128 on
339.39 736.051 34.429 8.7128 securities
378.17 736.051 29.8423 8.7128 markets
412.073 736.051 6.89924 8.7128 at
423.128 736.051 9.09663 8.7128 an
436.395 736.051 28.1631 8.7128 average
468.937 736.051 36.8279 8.7128 frequency
510.098 736.051 9.75873 8.7128 of,
523.931 736.051 6.89924 8.7128 at
534.986 736.051 18.7114 8.7128 least,

325.33 746.595 10.2289 8.7128 10
338.426 746.595 12.2056 8.7128 per
353.619 746.595 26.9253 8.7128 quarter
383.555 746.595 16.5428 8.7128 over
403.058 746.595 11.7546 8.7128 the
417.742 746.595 32.2028 8.7128 previous
452.893 746.595 15.8135 8.7128 four
471.545 746.595 32.4523 8.7128 quarters;

310.76 776.472 9.82589 8.7128 (b)
325.33 776.472 11.7546 8.7128 the
344.492 776.472 14.048 8.7128 size
365.923 776.472 7.67648 8.7128 of
380.89 776.472 11.7546 8.7128 the
399.996 776.472 35.3694 8.7128 investor's
442.63 776.472 34.429 8.7128 securities
484.584 776.472 33.3159 8.7128 portfolio
525.121 776.472 28.4989 8.7128 exceeds

325.33 787.017 16.6292 8.7128 EUR
346.817 787.017 12.3112 8.7128 0,5
362.011 787.017 29.0459 8.7128 million;

508.727 51.2759 45.0801 8.7128 31.12.2003

41.916 51.2759 4.55791 8.7128 L
49.3996 51.2759 28.3358 8.7128 345/70

223.846 51.2759 27.5298 8.7128 Official
254.347 51.2759 27.098 8.7128 Journal
284.283 51.2759 7.67648 8.7128 of
294.771 51.2759 11.7546 8.7128 the
309.455 51.2759 35.7724 8.7128 European
348.234 51.2759 23.634 8.7128 Union

120.154 52.1989 9.8344 7.7447 EN

41.9182 779.172 2.22617 7.7447 (
44.1859 778.788 2.54582 4.33697 1
46.6804 779.172 2.22617 7.7447 )
53.2003 779.172 8.50381 7.7447 OJ
65.1056 779.172 4.05146 7.7447 L
72.5893 779.172 15.4894 7.7447 126,
91.4674 779.172 37.3758 7.7447 26.5.2000,
132.172 779.172 6.28617 7.7447 p.
141.867 779.172 6.39705 7.7447 1.
151.675 779.172 29.8614 7.7447 Directive
185.067 779.172 6.68705 7.7447 as
195.158 779.172 11.2673 7.7447 last
209.728 779.172 30.3305 7.7447 amended
243.402 779.172 8.17969 7.7447 by
255.025 779.172 29.8614 7.7447 Directive

53.2003 787.733 41.3335 7.7447 2000/28/EC
97.0235 787.733 10.73 7.7447 (OJ
110.346 787.733 4.05147 7.7447 L
116.98 787.733 15.4894 7.7447 275,
135.007 787.733 41.922 7.7447 27.10.2000,
179.398 787.733 6.28617 7.7447 p.
188.242 787.733 13.1694 7.7447 37).

42.8819 76.9011 8.98148 8.7128 (c)
56.6583 76.9011 11.7546 8.7128 the
72.3625 76.9011 30.1782 8.7128 investor
106.493 76.9011 22.9815 8.7128 works
133.31 76.9011 8.20424 8.7128 or
145.443 76.9011 12.5031 8.7128 has
161.827 76.9011 28.2303 8.7128 worked
193.973 76.9011 10.939 8.7128 for
208.771 76.9011 6.89924 8.7128 at
219.599 76.9011 16.6292 8.7128 least
240.122 76.9011 13.9136 8.7128 one
257.924 76.9011 15.6792 8.7128 year
277.597 76.9011 7.36942 8.7128 in

56.6583 87.4457 11.7546 8.7128 the
75.8207 87.4457 31.9342 8.7128 financial
115.167 87.4457 22.3961 8.7128 sector
144.874 87.4457 7.36942 8.7128 in
159.615 87.4457 4.07813 8.7128 a
171.068 87.4457 45.4927 8.7128 professional
223.794 87.4457 30.8594 8.7128 position
261.949 87.4457 22.9719 8.7128 which

56.6583 97.9903 29.7751 8.7128 requires
89.5415 97.9903 40.7237 8.7128 knowledge
133.083 97.9903 7.67648 8.7128 of
143.571 97.9903 34.429 8.7128 securities
181.047 97.9903 43.4873 8.7128 investment.

41.9185 122.878 7.1967 8.7128 3.

63.5192 122.878 12.3975 8.7128 For
82.5683 122.878 11.7546 8.7128 the
100.994 122.878 33.9013 8.7128 purposes
141.53 122.878 7.67648 8.7128 of
155.761 122.878 41.6161 8.7128 paragraphs
204.235 122.878 25.8218 8.7128 1(e)(iv)
236.777 122.878 13.8369 8.7128 and
257.187 122.878 9.39409 8.7128 (v)
273.232 122.878 11.7546 8.7128 the

41.9185 133.423 35.7916 8.7128 following
80.5274 133.423 17.1665 8.7128 shall
100.484 133.423 22.8567 8.7128 apply:

41.9185 153.549 17.6847 8.7128 Each
68.1116 153.549 40.1096 8.7128 competent
116.586 153.549 34.5154 8.7128 authority
159.561 153.549 17.1665 8.7128 shall
185.073 153.549 24.5072 8.7128 ensure
218.07 153.549 14.7005 8.7128 that
241.144 153.549 43.7176 8.7128 appropriate

41.9185 164.093 46.5195 8.7128 mechanisms
92.3204 164.093 11.294 8.7128 are
107.571 164.093 7.36942 8.7128 in
118.853 164.093 19.3255 8.7128 place
142.155 164.093 10.939 8.7128 for
156.952 164.093 4.07813 8.7128 a
164.947 164.093 27.501 8.7128 register
196.469 164.093 7.67648 8.7128 of
207.978 164.093 26.4647 8.7128 natural
238.366 164.093 29.0555 8.7128 persons
271.25 164.093 13.8369 8.7128 and

41.9185 174.638 20.1028 8.7128 SMEs
65.4469 174.638 40.3783 8.7128 considered
109.215 174.638 7.52295 8.7128 as
120.157 174.638 32.0877 8.7128 qualified
155.762 174.638 35.7052 8.7128 investors,
194.824 174.638 23.3653 8.7128 taking
221.641 174.638 15.1323 8.7128 into
240.123 174.638 29.6792 8.7128 account
273.233 174.638 11.7546 8.7128 the

41.9185 185.183 17.6655 8.7128 need
65.73 185.183 7.76284 8.7128 to
79.563 185.183 24.5072 8.7128 ensure
110.292 185.183 9.09663 8.7128 an
125.486 185.183 33.172 8.7128 adequate
164.888 185.183 16.9554 8.7128 level
188.019 185.183 7.67648 8.7128 of
201.739 185.183 15.7176 8.7128 data
223.509 185.183 41.1555 8.7128 protection.
270.849 185.183 14.1151 8.7128 The

41.9185 195.727 27.501 8.7128 register
73.2136 195.727 17.1665 8.7128 shall
93.8508 195.727 8.77038 8.7128 be
106.21 195.727 32.4043 8.7128 available
142.268 195.727 7.76284 8.7128 to
153.551 195.727 8.74159 8.7128 all
165.797 195.727 26.8581 8.7128 issuers.
196.242 195.727 17.6847 8.7128 Each
217.616 195.727 26.4647 8.7128 natural
247.664 195.727 25.6107 8.7128 person
276.805 195.727 8.20424 8.7128 or

41.9185 206.329 16.658 8.7128 SME
64.0863 206.329 29.2858 8.7128 wishing
98.9538 206.329 7.76284 8.7128 to
112.05 206.329 8.77038 8.7128 be
126.337 206.329 40.3783 8.7128 considered
172.146 206.329 7.52295 8.7128 as
185.129 206.329 4.07813 8.7128 a
194.654 206.329 32.0877 8.7128 qualified
232.299 206.329 30.1782 8.7128 investor
267.96 206.329 17.1665 8.7128 shall

41.9185 216.874 27.501 8.7128 register
73.441 216.874 13.8369 8.7128 and
91.0729 216.874 16.9842 8.7128 each
111.993 216.874 36.1946 8.7128 registered
152.19 216.874 30.1782 8.7128 investor
186.208 216.874 16.1014 8.7128 may
206.107 216.874 23.7107 8.7128 decide
233.717 216.874 7.76284 8.7128 to
245.226 216.874 12.7526 8.7128 opt
261.724 216.874 12.6374 8.7128 out
278.108 216.874 6.89924 8.7128 at

41.9185 227.419 13.4818 8.7128 any
58.303 227.419 34.0932 8.7128 moment.

41.9185 252.307 7.1967 8.7128 4.

63.5192 252.307 7.65729 8.7128 In
75.8217 252.307 20.1604 8.7128 order
100.711 252.307 7.76284 8.7128 to
113.126 252.307 15.4969 8.7128 take
133.366 252.307 29.6792 8.7128 account
167.724 252.307 7.67648 8.7128 of
180.026 252.307 33.479 8.7128 technical
218.352 252.307 52.1713 8.7128 developments
275.161 252.307 9.96023 8.7128 on

41.9185 262.851 31.9342 8.7128 financial
79.1101 262.851 29.8423 8.7128 markets
114.034 262.851 13.8369 8.7128 and
132.97 262.851 7.76284 8.7128 to
145.84 262.851 24.5072 8.7128 ensure
175.604 262.851 30.8211 8.7128 uniform
211.549 262.851 41.9232 8.7128 application
258.662 262.851 7.67648 8.7128 of
271.418 262.851 13.597 8.7128 this

41.9185 273.396 35.6764 8.7128 Directive,
81.1511 273.396 11.7546 8.7128 the
96.2881 273.396 47.4023 8.7128 Commission
146.86 273.396 19.2488 8.7128 shall,
169.367 273.396 7.36942 8.7128 in
180.139 273.396 41.9903 8.7128 accordance
225.552 273.396 16.8403 8.7128 with
245.792 273.396 11.7546 8.7128 the
260.929 273.396 24.0178 8.7128 proce-

41.9185 283.941 16.8307 8.7128 dure
63.8022 283.941 10.2193 8.7128 set
78.9393 283.941 12.6374 8.7128 out
96.5146 283.941 7.36942 8.7128 in
108.874 283.941 25.0637 8.7128 Article
138.979 283.941 22.4345 8.7128 24(2),
166.363 283.941 21.5709 8.7128 adopt
192.782 283.941 52.5167 8.7128 implementing
250.328 283.941 34.6497 8.7128 measures

41.9185 294.485 41.9616 8.7128 concerning
87.0476 294.485 11.7546 8.7128 the
101.902 294.485 39.7258 8.7128 definitions
144.65 294.485 29.1226 8.7128 referred
176.966 294.485 7.76284 8.7128 to
187.738 294.485 7.36942 8.7128 in
198.169 294.485 38.1713 8.7128 paragraph
239.614 294.485 7.1967 8.7128 1,
249.819 294.485 35.1103 8.7128 including

41.9185 305.086 41.6737 8.7128 adjustment
89.2018 305.086 7.67648 8.7128 of
102.468 305.086 11.7546 8.7128 the
119.986 305.086 25.0733 8.7128 figures
150.829 305.086 17.013 8.7128 used
173.506 305.086 10.939 8.7128 for
190.117 305.086 11.7546 8.7128 the
207.579 305.086 36.281 8.7128 definition
249.533 305.086 7.67648 8.7128 of
262.856 305.086 22.185 8.7128 SMEs,

41.9185 315.631 23.3653 8.7128 taking
69.6421 315.631 15.1323 8.7128 into
89.0319 315.631 29.6792 8.7128 account
122.992 315.631 45.3008 8.7128 Community
172.487 315.631 38.0753 8.7128 legislation
214.838 315.631 13.8369 8.7128 and
232.924 315.631 52.0945 8.7128 recommenda-

41.9185 326.176 18.5771 8.7128 tions
68.2248 326.176 7.52295 8.7128 as
83.4751 326.176 15.305 8.7128 well
106.493 326.176 7.52295 8.7128 as
121.8 326.176 36.7895 8.7128 economic
166.305 326.176 52.1713 8.7128 developments
226.175 326.176 13.8369 8.7128 and
247.719 326.176 37.3173 8.7128 disclosure

41.9185 336.72 34.6497 8.7128 measures
82.3985 336.72 28.2686 8.7128 relating
116.586 336.72 7.76284 8.7128 to
130.079 336.72 11.7546 8.7128 the
147.711 336.72 42.758 8.7128 registration
196.355 336.72 7.67648 8.7128 of
209.735 336.72 37.2213 8.7128 individual
252.823 336.72 32.0877 8.7128 qualified

41.9185 347.265 35.7052 8.7128 investors.

148.104 386.516 22.7991 8.74159 Article
173.787 386.516 5.11445 8.74159 3

92.2618 411.136 43.3529 8.90472 Obligation
138.638 411.136 8.57847 8.90472 to
150.091 411.136 29.9863 8.90472 publish
183.087 411.136 4.23166 8.90472 a
190.117 411.136 44.514 8.90472 prospectus

41.9185 436.216 7.1967 8.7128 1.

63.5192 436.216 31.1089 8.7128 Member
97.5931 436.216 21.6381 8.7128 States
122.085 436.216 17.1665 8.7128 shall
142.098 436.216 12.7813 8.7128 not
157.633 436.216 20.3715 8.7128 allow
180.821 436.216 13.4818 8.7128 any
197.205 436.216 17.6271 8.7128 offer
217.672 436.216 7.67648 8.7128 of
228.16 436.216 34.429 8.7128 securities
265.635 436.216 7.76284 8.7128 to
276.237 436.216 8.77038 8.7128 be

41.9185 446.761 20.4098 8.7128 made
65.73 446.761 7.76284 8.7128 to
76.8417 446.761 11.7546 8.7128 the
92.0929 446.761 23.3365 8.7128 public
118.91 446.761 24.2097 8.7128 within
146.577 446.761 17.368 8.7128 their
167.497 446.761 36.4249 8.7128 territories
207.524 446.761 29.4777 8.7128 without
240.407 446.761 18.8074 8.7128 prior
262.745 446.761 22.2618 8.7128 publi-

41.9185 457.305 23.183 8.7128 cation
67.9984 457.305 7.67648 8.7128 of
78.4864 457.305 4.07813 8.7128 a
85.4595 457.305 42.7772 8.7128 prospectus.

41.9185 482.193 7.1967 8.7128 2.

63.5192 482.193 14.1151 8.7128 The
81.1511 482.193 38.1041 8.7128 obligation
122.652 482.193 7.76284 8.7128 to
133.707 482.193 27.7889 8.7128 publish
164.946 482.193 4.07813 8.7128 a
172.429 482.193 40.6949 8.7128 prospectus
216.538 482.193 17.1665 8.7128 shall
237.005 482.193 12.7813 8.7128 not
253.106 482.193 20.7745 8.7128 apply
277.315 482.193 7.76284 8.7128 to

41.9185 492.738 11.7546 8.7128 the
56.6026 492.738 35.7916 8.7128 following
95.2115 492.738 19.5942 8.7128 types
117.662 492.738 7.67648 8.7128 of
128.15 492.738 19.7094 8.7128 offer:

42.7687 512.864 9.08703 8.7128 (a)
56.6583 512.864 9.09663 8.7128 an
69.074 512.864 17.6271 8.7128 offer
89.9378 512.864 7.67648 8.7128 of
100.823 512.864 34.429 8.7128 securities
138.695 512.864 36.3577 8.7128 addressed
178.268 512.864 21.3886 8.7128 solely
202.873 512.864 7.76284 8.7128 to
213.872 512.864 32.0877 8.7128 qualified
249.306 512.864 35.7052 8.7128 investors;

56.6583 523.408 24.8046 8.7128 and/or

42.0883 543.534 9.82589 8.7128 (b)
56.6583 543.534 9.09663 8.7128 an
69.7544 543.534 17.6271 8.7128 offer
91.4116 543.534 7.67648 8.7128 of
102.977 543.534 34.429 8.7128 securities
141.586 543.534 36.3577 8.7128 addressed
181.896 543.534 7.76284 8.7128 to
193.632 543.534 20.5922 8.7128 fewer
218.294 543.534 16.8979 8.7128 than
239.215 543.534 15.3434 8.7128 100
258.548 543.534 26.4647 8.7128 natural

56.6583 554.079 8.20424 8.7128 or
69.9818 554.079 17.1473 8.7128 legal
92.3194 554.079 29.0555 8.7128 persons
126.45 554.079 12.2056 8.7128 per
143.912 554.079 31.1089 8.7128 Member
180.253 554.079 20.2755 8.7128 State,
205.653 554.079 19.9588 8.7128 other
230.825 554.079 16.8979 8.7128 than
252.822 554.079 32.0877 8.7128 qualified

56.6583 564.623 35.7052 8.7128 investors;
95.2105 564.623 24.8046 8.7128 and/or

42.8819 584.749 8.98148 8.7128 (c)
56.6583 584.749 9.09663 8.7128 an
70.4913 584.749 17.6271 8.7128 offer
92.8289 584.749 7.67648 8.7128 of
105.188 584.749 34.429 8.7128 securities
144.477 584.749 36.3577 8.7128 addressed
185.524 584.749 7.76284 8.7128 to
197.997 584.749 33.623 8.7128 investors
236.322 584.749 16.61 8.7128 who
257.639 584.749 27.1651 8.7128 acquire

56.6583 595.294 34.429 8.7128 securities
95.0973 595.294 10.939 8.7128 for
109.781 595.294 4.07813 8.7128 a
117.719 595.294 16.9938 8.7128 total
138.413 595.294 50.8951 8.7128 consideration
193.123 595.294 7.67648 8.7128 of
204.519 595.294 6.89924 8.7128 at
215.234 595.294 16.6292 8.7128 least
235.644 595.294 16.6292 8.7128 EUR
257.131 595.294 10.2289 8.7128 50
269.718 595.294 15.3434 8.7128 000

56.6583 605.838 12.2056 8.7128 per
71.852 605.838 32.2604 8.7128 investor,
107.003 605.838 10.939 8.7128 for
120.779 605.838 16.9842 8.7128 each
140.736 605.838 30.5812 8.7128 separate
174.356 605.838 19.7094 8.7128 offer;
196.921 605.838 24.8046 8.7128 and/or

42.145 625.908 9.74913 8.7128 (d)
56.6583 625.908 9.09663 8.7128 an
68.6211 625.908 17.6271 8.7128 offer
89.031 625.908 7.67648 8.7128 of
99.4624 625.908 34.429 8.7128 securities
136.881 625.908 24.0082 8.7128 whose
163.698 625.908 52.8718 8.7128 denomination
219.316 625.908 12.2056 8.7128 per
234.453 625.908 15.0651 8.7128 unit
252.369 625.908 32.817 8.7128 amounts

56.6583 636.509 7.76284 8.7128 to
67.2605 636.509 6.89924 8.7128 at
77.0115 636.509 16.6292 8.7128 least
96.5146 636.509 16.6292 8.7128 EUR
118.002 636.509 10.2289 8.7128 50
130.589 636.509 17.4256 8.7128 000;
150.829 636.509 24.8046 8.7128 and/or

42.8819 656.578 8.96229 8.7128 (e)
56.6583 656.578 9.09663 8.7128 an
69.074 656.578 17.6271 8.7128 offer
89.9944 656.578 7.67648 8.7128 of
100.88 656.578 34.429 8.7128 securities
138.808 656.578 16.8403 8.7128 with
158.992 656.578 4.07813 8.7128 a
166.419 656.578 16.9938 8.7128 total
186.602 656.578 50.8951 8.7128 consideration
240.803 656.578 7.67648 8.7128 of
251.745 656.578 13.1748 8.7128 less
268.129 656.578 16.8979 8.7128 than

56.6583 667.123 16.6292 8.7128 EUR
78.1457 667.123 15.3434 8.7128 100
95.8343 667.123 17.4256 8.7128 000,
116.131 667.123 22.9719 8.7128 which
142.097 667.123 17.4928 8.7128 limit
162.506 667.123 17.1665 8.7128 shall
182.52 667.123 8.77038 8.7128 be
194.199 667.123 37.1542 8.7128 calculated
234.282 667.123 16.5428 8.7128 over
253.729 667.123 4.07813 8.7128 a
260.759 667.123 24.2385 8.7128 period

56.6583 677.724 7.67648 8.7128 of
67.1463 677.724 10.2289 8.7128 12
80.2424 677.724 30.9266 8.7128 months.

41.9185 702.555 35.7532 8.7128 However,
84.6093 702.555 13.4818 8.7128 any
104.906 702.555 41.8752 8.7128 subsequent
153.55 702.555 21.024 8.7128 resale
181.443 702.555 7.67648 8.7128 of
195.787 702.555 34.429 8.7128 securities
237.174 702.555 22.9719 8.7128 which
267.051 702.555 17.8574 8.7128 were

41.9185 713.157 38.9198 8.7128 previously
85.6869 713.157 11.7546 8.7128 the
102.241 713.157 26.1672 8.7128 subject
133.253 713.157 7.67648 8.7128 of
145.612 713.157 13.9136 8.7128 one
164.265 713.157 8.20424 8.7128 or
177.248 713.157 19.7957 8.7128 more
201.797 713.157 7.67648 8.7128 of
214.156 713.157 11.7546 8.7128 the
230.71 713.157 19.5942 8.7128 types
255.089 713.157 7.67648 8.7128 of
267.448 713.157 17.6271 8.7128 offer

41.9185 723.701 40.4359 8.7128 mentioned
87.0476 723.701 7.36942 8.7128 in
99.1802 723.701 13.597 8.7128 this
117.492 723.701 38.1713 8.7128 paragraph
160.637 723.701 17.1665 8.7128 shall
182.464 723.701 8.77038 8.7128 be
195.958 723.701 32.4427 8.7128 regarded
233.262 723.701 7.52295 8.7128 as
245.508 723.701 4.07813 8.7128 a
254.353 723.701 30.5812 8.7128 separate

41.9185 734.246 17.6271 8.7128 offer
62.669 734.246 13.8369 8.7128 and
79.6206 734.246 11.7546 8.7128 the
94.5312 734.246 36.281 8.7128 definition
133.991 734.246 10.2193 8.7128 set
147.315 734.246 12.6374 8.7128 out
163.075 734.246 7.36942 8.7128 in
173.62 734.246 25.0637 8.7128 Article
201.911 734.246 24.9869 8.7128 2(1)(d)
229.975 734.246 17.1665 8.7128 shall
250.215 734.246 20.7745 8.7128 apply
274.14 734.246 10.939 8.7128 for

41.9185 744.79 11.7546 8.7128 the
56.9989 744.79 30.4564 8.7128 purpose
90.7323 744.79 7.67648 8.7128 of
101.561 744.79 31.5791 8.7128 deciding
136.485 744.79 30.6388 8.7128 whether
170.502 744.79 14.7005 8.7128 that
188.475 744.79 21.024 8.7128 resale
212.797 744.79 5.79574 8.7128 is
221.811 744.79 9.09663 8.7128 an
234.17 744.79 17.6271 8.7128 offer
254.977 744.79 7.67648 8.7128 of
265.863 744.79 19.1432 8.7128 secu-

41.9185 755.335 18.1837 8.7128 rities
63.8022 755.335 7.76284 8.7128 to
75.0847 755.335 11.7546 8.7128 the
90.4492 755.335 25.4187 8.7128 public.
119.533 755.335 14.1151 8.7128 The
137.279 755.335 38.7566 8.7128 placement
179.63 755.335 7.67648 8.7128 of
190.798 755.335 34.429 8.7128 securities
228.954 755.335 30.3125 8.7128 through
262.914 755.335 22.0987 8.7128 finan-

41.9185 765.88 12.7334 8.7128 cial
62.6124 765.88 53.1788 8.7128 intermediaries
123.843 765.88 17.1665 8.7128 shall
148.789 765.88 8.77038 8.7128 be
165.456 765.88 26.1672 8.7128 subject
199.472 765.88 7.76284 8.7128 to
215.007 765.88 42.5469 8.7128 publication
265.465 765.88 7.67648 8.7128 of
280.943 765.88 4.07813 8.7128 a

41.9185 776.481 40.6949 8.7128 prospectus
86.4239 776.481 5.08567 8.7128 if
95.2681 776.481 18.9321 8.7128 none
117.946 776.481 7.67648 8.7128 of
129.285 776.481 11.7546 8.7128 the
144.876 776.481 39.601 8.7128 conditions
188.134 776.481 9.08703 8.7128 (a)
201.004 776.481 7.76284 8.7128 to
212.456 776.481 8.96229 8.7128 (e)
225.213 776.481 11.294 8.7128 are
240.406 776.481 14.4126 8.7128 met
258.549 776.481 10.939 8.7128 for
273.233 776.481 11.7546 8.7128 the

41.9185 787.025 16.514 8.7128 final
61.3083 787.025 40.8389 8.7128 placement.

310.644 76.8867 7.1967 8.7128 3.
332.188 76.8867 31.1089 8.7128 Member
366.943 76.8867 21.6381 8.7128 States
392.115 76.8867 17.1665 8.7128 shall
412.752 76.8867 24.5072 8.7128 ensure
440.929 76.8867 14.7005 8.7128 that
459.185 76.8867 13.4818 8.7128 any
476.25 76.8867 38.0082 8.7128 admission
517.694 76.8867 7.67648 8.7128 of
528.806 76.8867 24.7566 8.7128 securi-

310.644 87.4313 12.5702 8.7128 ties
328.503 87.4313 7.76284 8.7128 to
341.542 87.4313 26.7237 8.7128 trading
373.632 87.4313 9.96023 8.7128 on
388.825 87.4313 4.07813 8.7128 a
398.237 87.4313 34.4674 8.7128 regulated
438.15 87.4313 26.3975 8.7128 market
469.842 87.4313 29.0843 8.7128 situated
504.199 87.4313 8.20424 8.7128 or
517.692 87.4313 35.8684 8.7128 operating

310.644 97.9759 24.2097 8.7128 within
341.486 97.9759 17.368 8.7128 their
365.525 97.9759 36.4249 8.7128 territories
408.67 97.9759 5.79574 8.7128 is
420.973 97.9759 26.1672 8.7128 subject
453.742 97.9759 7.76284 8.7128 to
467.973 97.9759 11.7546 8.7128 the
486.342 97.9759 42.5469 8.7128 publication
535.439 97.9759 7.67648 8.7128 of
549.613 97.9759 4.07813 8.7128 a

310.644 108.52 42.7772 8.7128 prospectus.

416.773 150.323 22.7991 8.74159 Article
442.456 150.323 5.11445 8.74159 4

316.71 176.304 48.4866 8.90472 Exemptions
368.302 176.304 20.2083 8.90472 from
391.377 176.304 13.0212 8.90472 the
407.308 176.304 41.3177 8.90472 obligation
451.53 176.304 8.57847 8.90472 to
462.982 176.304 29.9863 8.90472 publish
495.922 176.304 4.23166 8.90472 a
503.008 176.304 44.514 8.90472 prospectus

310.643 202.631 7.1967 8.7128 1.
332.187 202.631 14.1151 8.7128 The
349.819 202.631 38.1041 8.7128 obligation
391.32 202.631 7.76284 8.7128 to
402.432 202.631 27.7889 8.7128 publish
433.614 202.631 4.07813 8.7128 a
441.097 202.631 40.6949 8.7128 prospectus
485.206 202.631 17.1665 8.7128 shall
505.73 202.631 12.7813 8.7128 not
521.831 202.631 20.7745 8.7128 apply
545.983 202.631 7.76284 8.7128 to

310.643 213.176 21.0719 8.7128 offers
334.852 213.176 7.67648 8.7128 of
345.681 213.176 34.429 8.7128 securities
383.496 213.176 7.76284 8.7128 to
394.438 213.176 11.7546 8.7128 the
409.462 213.176 23.3365 8.7128 public
436.051 213.176 7.67648 8.7128 of
446.88 213.176 11.7546 8.7128 the
461.904 213.176 35.7916 8.7128 following
500.853 213.176 19.5942 8.7128 types
523.644 213.176 7.67648 8.7128 of
534.473 213.176 19.2248 8.7128 secu-

310.643 223.72 20.2659 8.7128 rities:

311.437 244.697 9.08703 8.7128 (a)
325.326 244.697 23.1638 8.7128 shares
353.05 244.697 22.8087 8.7128 issued
380.376 244.697 7.36942 8.7128 in
392.282 244.697 44.5812 8.7128 substitution
441.323 244.697 10.939 8.7128 for
456.744 244.697 23.1638 8.7128 shares
484.468 244.697 7.67648 8.7128 of
496.6 244.697 11.7546 8.7128 the
512.872 244.697 19.1144 8.7128 same
536.513 244.697 17.2721 8.7128 class

325.326 255.242 26.8293 8.7128 already
356.282 255.242 24.891 8.7128 issued,
385.196 255.242 5.08567 8.7128 if
394.267 255.242 11.7546 8.7128 the
410.084 255.242 25.9369 8.7128 issuing
440.133 255.242 7.67648 8.7128 of
451.755 255.242 17.2721 8.7128 such
473.072 255.242 15.66 8.7128 new
492.745 255.242 23.1638 8.7128 shares
519.958 255.242 17.0802 8.7128 does
540.991 255.242 12.7813 8.7128 not

325.326 265.787 27.3667 8.7128 involve
355.602 265.787 13.4818 8.7128 any
371.986 265.787 30.0342 8.7128 increase
405.039 265.787 7.36942 8.7128 in
415.357 265.787 11.7546 8.7128 the
429.985 265.787 22.8087 8.7128 issued
455.667 265.787 26.7046 8.7128 capital;

310.757 286.764 9.82589 8.7128 (b)
325.326 286.764 34.429 8.7128 securities
363.879 286.764 26.3207 8.7128 offered
394.154 286.764 7.36942 8.7128 in
405.493 286.764 42.0095 8.7128 connection
451.472 286.764 16.8403 8.7128 with
472.336 286.764 4.07813 8.7128 a
480.387 286.764 32.0397 8.7128 takeover
516.445 286.764 9.20218 8.7128 by
529.598 286.764 24.1329 8.7128 means

325.326 297.308 7.67648 8.7128 of
336.098 297.308 9.09663 8.7128 an
348.401 297.308 34.8896 8.7128 exchange
386.614 297.308 19.7094 8.7128 offer,
409.518 297.308 33.3639 8.7128 provided
446.03 297.308 14.7005 8.7128 that
463.945 297.308 4.07813 8.7128 a
471.203 297.308 37.9602 8.7128 document
512.25 297.308 5.79574 8.7128 is
521.207 297.308 32.4043 8.7128 available

325.326 307.853 40.0232 8.7128 containing
368.358 307.853 45.1569 8.7128 information
416.436 307.853 22.9719 8.7128 which
442.459 307.853 5.79574 8.7128 is
451.19 307.853 32.4427 8.7128 regarded
486.738 307.853 9.20218 8.7128 by
498.871 307.853 11.7546 8.7128 the
513.611 307.853 40.1096 8.7128 competent

325.326 318.454 34.5154 8.7128 authority
365.239 318.454 7.52295 8.7128 as
378.052 318.454 20.5922 8.7128 being
404.018 318.454 38.44 8.7128 equivalent
447.9 318.454 7.76284 8.7128 to
460.939 318.454 14.7005 8.7128 that
480.953 318.454 7.67648 8.7128 of
493.822 318.454 11.7546 8.7128 the
510.944 318.454 42.7772 8.7128 prospectus,

325.326 328.999 23.3653 8.7128 taking
351.633 328.999 15.1323 8.7128 into
369.662 328.999 29.6792 8.7128 account
402.262 328.999 11.7546 8.7128 the
416.946 328.999 49.2062 8.7128 requirements
469.219 328.999 7.67648 8.7128 of
479.707 328.999 45.3008 8.7128 Community
527.842 328.999 25.841 8.7128 legisla-

325.326 339.543 17.2145 8.7128 tion;

311.55 360.52 8.98148 8.7128 (c)
325.326 360.52 34.429 8.7128 securities
364.389 360.52 28.403 8.7128 offered,
397.216 360.52 28.0192 8.7128 allotted
429.532 360.52 8.20424 8.7128 or
442.175 360.52 7.76284 8.7128 to
454.308 360.52 8.77038 8.7128 be
467.575 360.52 28.0192 8.7128 allotted
499.891 360.52 7.36942 8.7128 in
511.739 360.52 42.0095 8.7128 connection

325.326 371.065 16.8403 8.7128 with
348.514 371.065 4.07813 8.7128 a
358.889 371.065 28.6045 8.7128 merger,
393.983 371.065 33.3639 8.7128 provided
433.613 371.065 14.7005 8.7128 that
454.59 371.065 4.07813 8.7128 a
464.965 371.065 37.9602 8.7128 document
509.13 371.065 5.79574 8.7128 is
521.206 371.065 32.4043 8.7128 available

325.326 381.609 40.0232 8.7128 containing
368.358 381.609 45.1569 8.7128 information
416.436 381.609 22.9719 8.7128 which
442.459 381.609 5.79574 8.7128 is
451.19 381.609 32.4427 8.7128 regarded
486.738 381.609 9.20218 8.7128 by
498.871 381.609 11.7546 8.7128 the
513.611 381.609 40.1096 8.7128 competent

325.326 392.154 34.5154 8.7128 authority
365.239 392.154 7.52295 8.7128 as
378.052 392.154 20.5922 8.7128 being
404.018 392.154 38.44 8.7128 equivalent
447.9 392.154 7.76284 8.7128 to
460.939 392.154 14.7005 8.7128 that
480.953 392.154 7.67648 8.7128 of
493.822 392.154 11.7546 8.7128 the
510.944 392.154 42.7772 8.7128 prospectus,

325.326 402.699 23.3653 8.7128 taking
351.633 402.699 15.1323 8.7128 into
369.662 402.699 29.6792 8.7128 account
402.262 402.699 11.7546 8.7128 the
416.946 402.699 49.2062 8.7128 requirements
469.219 402.699 7.67648 8.7128 of
479.707 402.699 45.3008 8.7128 Community
527.842 402.699 25.841 8.7128 legisla-

325.326 413.3 17.2145 8.7128 tion;

310.87 434.219 9.74913 8.7128 (d)
325.326 434.219 23.1638 8.7128 shares
352.767 434.219 28.403 8.7128 offered,
385.366 434.219 28.0192 8.7128 allotted
417.456 434.219 8.20424 8.7128 or
429.871 434.219 7.76284 8.7128 to
441.777 434.219 8.77038 8.7128 be
454.76 434.219 28.0192 8.7128 allotted
486.906 434.219 13.904 8.7128 free
505.105 434.219 7.67648 8.7128 of
516.897 434.219 24.6991 8.7128 charge
545.981 434.219 7.76284 8.7128 to

325.326 444.82 28.8732 8.7128 existing
357.245 444.82 49.4557 8.7128 shareholders,
409.688 444.82 13.8369 8.7128 and
426.413 444.82 35.7244 8.7128 dividends
465.022 444.82 16.159 8.7128 paid
484.128 444.82 12.6374 8.7128 out
499.662 444.82 7.36942 8.7128 in
509.98 444.82 11.7546 8.7128 the
524.665 444.82 18.5771 8.7128 form
546.095 444.82 7.67648 8.7128 of

325.326 455.365 23.1638 8.7128 shares
352.37 455.365 7.67648 8.7128 of
363.822 455.365 11.7546 8.7128 the
379.47 455.365 19.1144 8.7128 same
402.431 455.365 17.2721 8.7128 class
423.521 455.365 7.52295 8.7128 as
434.86 455.365 11.7546 8.7128 the
450.508 455.365 23.1638 8.7128 shares
477.551 455.365 7.36942 8.7128 in
488.776 455.365 26.3975 8.7128 respect
519.164 455.365 7.67648 8.7128 of
530.617 455.365 22.9719 8.7128 which

325.326 465.91 17.2721 8.7128 such
345.906 465.91 35.7244 8.7128 dividends
384.856 465.91 11.294 8.7128 are
399.54 465.91 18.2412 8.7128 paid,
421.084 465.91 33.3639 8.7128 provided
457.765 465.91 14.7005 8.7128 that
475.737 465.91 4.07813 8.7128 a
483.108 465.91 37.9602 8.7128 document
524.268 465.91 5.79574 8.7128 is
533.282 465.91 20.4098 8.7128 made

325.326 476.454 32.4043 8.7128 available
360.931 476.454 40.0232 8.7128 containing
404.076 476.454 45.1569 8.7128 information
452.21 476.454 9.96023 8.7128 on
465.193 476.454 11.7546 8.7128 the
480.103 476.454 29.564 8.7128 number
512.76 476.454 13.8369 8.7128 and
529.599 476.454 24.0082 8.7128 nature

325.326 486.999 7.67648 8.7128 of
335.814 486.999 11.7546 8.7128 the
350.499 486.999 23.1638 8.7128 shares
376.578 486.999 13.8369 8.7128 and
393.247 486.999 11.7546 8.7128 the
407.931 486.999 28.1439 8.7128 reasons
438.887 486.999 10.939 8.7128 for
452.663 486.999 13.8369 8.7128 and
469.331 486.999 23.7203 8.7128 details
495.921 486.999 7.67648 8.7128 of
506.409 486.999 11.7546 8.7128 the
521.036 486.999 19.7094 8.7128 offer;

311.55 507.976 8.96229 8.7128 (e)
325.326 507.976 34.429 8.7128 securities
364.389 507.976 28.403 8.7128 offered,
397.216 507.976 28.0192 8.7128 allotted
429.532 507.976 8.20424 8.7128 or
442.232 507.976 7.76284 8.7128 to
454.364 507.976 8.77038 8.7128 be
467.574 507.976 28.0192 8.7128 allotted
499.946 507.976 7.76284 8.7128 to
512.079 507.976 28.8732 8.7128 existing
545.529 507.976 8.20424 8.7128 or

325.326 518.52 25.793 8.7128 former
354.184 518.52 32.7498 8.7128 directors
389.959 518.52 8.20424 8.7128 or
401.184 518.52 39.5914 8.7128 employees
443.818 518.52 9.20218 8.7128 by
456.064 518.52 17.368 8.7128 their
476.587 518.52 35.4557 8.7128 employer
515.082 518.52 22.9719 8.7128 which
541.219 518.52 12.5031 8.7128 has

325.326 529.065 34.429 8.7128 securities
362.972 529.065 26.8293 8.7128 already
392.906 529.065 33.1432 8.7128 admitted
429.021 529.065 7.76284 8.7128 to
439.793 529.065 26.7237 8.7128 trading
469.615 529.065 9.96023 8.7128 on
482.541 529.065 4.07813 8.7128 a
489.684 529.065 34.4674 8.7128 regulated
527.329 529.065 26.3975 8.7128 market

325.326 539.61 8.20424 8.7128 or
336.495 539.61 9.20218 8.7128 by
348.627 539.61 9.09663 8.7128 an
360.647 539.61 32.174 8.7128 affiliated
395.798 539.61 47.2967 8.7128 undertaking,
446.086 539.61 33.3639 8.7128 provided
482.428 539.61 14.7005 8.7128 that
500.059 539.61 4.07813 8.7128 a
507.089 539.61 37.9602 8.7128 document
547.91 539.61 5.79574 8.7128 is

325.326 550.211 20.4098 8.7128 made
349.365 550.211 32.4043 8.7128 available
385.424 550.211 40.0232 8.7128 containing
429.136 550.211 45.1569 8.7128 information
477.836 550.211 9.96023 8.7128 on
491.329 550.211 11.7546 8.7128 the
506.694 550.211 29.564 8.7128 number
539.917 550.211 13.8369 8.7128 and

325.326 560.755 24.0082 8.7128 nature
353.504 560.755 7.67648 8.7128 of
365.183 560.755 11.7546 8.7128 the
381 560.755 34.429 8.7128 securities
419.667 560.755 13.8369 8.7128 and
437.525 560.755 11.7546 8.7128 the
453.399 560.755 28.1439 8.7128 reasons
485.545 560.755 10.939 8.7128 for
500.512 560.755 13.8369 8.7128 and
518.371 560.755 23.7203 8.7128 details
546.094 560.755 7.67648 8.7128 of

325.326 571.3 11.7546 8.7128 the
340.011 571.3 19.7094 8.7128 offer.

310.643 597.436 7.1967 8.7128 2.
332.187 597.436 14.1151 8.7128 The
349.819 597.436 38.1041 8.7128 obligation
391.32 597.436 7.76284 8.7128 to
402.432 597.436 27.7889 8.7128 publish
433.614 597.436 4.07813 8.7128 a
441.097 597.436 40.6949 8.7128 prospectus
485.206 597.436 17.1665 8.7128 shall
505.73 597.436 12.7813 8.7128 not
521.831 597.436 20.7745 8.7128 apply
545.983 597.436 7.76284 8.7128 to

310.643 608.037 11.7546 8.7128 the
325.327 608.037 38.0082 8.7128 admission
366.091 608.037 7.76284 8.7128 to
376.636 608.037 26.7237 8.7128 trading
406.344 608.037 9.96023 8.7128 on
419.1 608.037 4.07813 8.7128 a
426.074 608.037 34.4674 8.7128 regulated
463.549 608.037 26.3975 8.7128 market
492.861 608.037 7.67648 8.7128 of
503.349 608.037 11.7546 8.7128 the
518.033 608.037 35.7916 8.7128 following

310.643 618.581 19.5942 8.7128 types
333.094 618.581 7.67648 8.7128 of
343.582 618.581 36.5113 8.7128 securities:

311.663 639.558 9.08703 8.7128 (a)
325.553 639.558 23.1638 8.7128 shares
352.37 639.558 48.5633 8.7128 representing,
404.756 639.558 16.5428 8.7128 over
424.996 639.558 4.07813 8.7128 a
432.706 639.558 24.2385 8.7128 period
460.599 639.558 7.67648 8.7128 of
471.825 639.558 10.2289 8.7128 12
485.658 639.558 30.9266 8.7128 months,
520.072 639.558 13.1748 8.7128 less
536.797 639.558 16.8979 8.7128 than

325.553 650.103 10.2289 8.7128 10
340.69 650.103 12.2056 8.7128 per
357.925 650.103 15.7656 8.7128 cent
378.675 650.103 7.67648 8.7128 of
391.204 650.103 11.7546 8.7128 the
407.929 650.103 29.564 8.7128 number
442.513 650.103 7.67648 8.7128 of
455.042 650.103 23.1638 8.7128 shares
483.163 650.103 7.67648 8.7128 of
495.749 650.103 11.7546 8.7128 the
512.474 650.103 19.1144 8.7128 same
536.513 650.103 17.2721 8.7128 class

325.553 660.647 26.8293 8.7128 already
355.318 660.647 33.1432 8.7128 admitted
391.262 660.647 7.76284 8.7128 to
401.864 660.647 26.7237 8.7128 trading
431.515 660.647 9.96023 8.7128 on
444.328 660.647 11.7546 8.7128 the
458.956 660.647 19.1144 8.7128 same
480.954 660.647 34.4674 8.7128 regulated
518.429 660.647 28.4797 8.7128 market;

310.926 681.624 9.82589 8.7128 (b)
325.554 681.624 23.1638 8.7128 shares
353.221 681.624 22.8087 8.7128 issued
380.547 681.624 7.36942 8.7128 in
392.452 681.624 44.5812 8.7128 substitution
441.437 681.624 10.939 8.7128 for
456.802 681.624 23.1638 8.7128 shares
484.525 681.624 7.67648 8.7128 of
496.601 681.624 11.7546 8.7128 the
512.929 681.624 19.1144 8.7128 same
536.514 681.624 17.2721 8.7128 class

325.553 692.169 26.8293 8.7128 already
356.168 692.169 33.1432 8.7128 admitted
392.963 692.169 7.76284 8.7128 to
404.415 692.169 26.7237 8.7128 trading
434.917 692.169 9.96023 8.7128 on
448.58 692.169 11.7546 8.7128 the
464.058 692.169 19.1144 8.7128 same
486.906 692.169 34.4674 8.7128 regulated
525.232 692.169 28.4797 8.7128 market,

325.553 702.714 5.08567 8.7128 if
334.284 702.714 11.7546 8.7128 the
349.705 702.714 25.9369 8.7128 issuing
379.356 702.714 7.67648 8.7128 of
390.582 702.714 17.2721 8.7128 such
411.559 702.714 23.1638 8.7128 shares
438.376 702.714 17.0802 8.7128 does
459.013 702.714 12.7813 8.7128 not
475.341 702.714 27.3667 8.7128 involve
506.353 702.714 13.4818 8.7128 any
523.531 702.714 30.0342 8.7128 increase

325.553 713.258 7.36942 8.7128 in
335.814 713.258 11.7546 8.7128 the
350.499 713.258 22.8087 8.7128 issued
376.181 713.258 26.7046 8.7128 capital;

311.72 734.235 8.98148 8.7128 (c)
325.553 734.235 34.429 8.7128 securities
364.049 734.235 26.3207 8.7128 offered
394.324 734.235 7.36942 8.7128 in
405.663 734.235 42.0095 8.7128 connection
451.585 734.235 16.8403 8.7128 with
472.392 734.235 4.07813 8.7128 a
480.443 734.235 32.0397 8.7128 takeover
516.502 734.235 9.20218 8.7128 by
529.598 734.235 24.1329 8.7128 means

325.553 744.78 7.67648 8.7128 of
336.268 744.78 9.09663 8.7128 an
348.514 744.78 34.8896 8.7128 exchange
386.783 744.78 19.7094 8.7128 offer,
409.631 744.78 33.3639 8.7128 provided
446.143 744.78 14.7005 8.7128 that
464.001 744.78 4.07813 8.7128 a
471.258 744.78 37.9602 8.7128 document
512.249 744.78 5.79574 8.7128 is
521.206 744.78 32.4043 8.7128 available

325.553 755.324 40.0232 8.7128 containing
368.528 755.324 45.1569 8.7128 information
416.548 755.324 22.9719 8.7128 which
442.571 755.324 5.79574 8.7128 is
451.302 755.324 32.4427 8.7128 regarded
486.794 755.324 9.20218 8.7128 by
498.926 755.324 11.7546 8.7128 the
513.61 755.324 40.1096 8.7128 competent

325.553 765.869 34.5154 8.7128 authority
365.409 765.869 7.52295 8.7128 as
378.166 765.869 20.5922 8.7128 being
404.131 765.869 38.44 8.7128 equivalent
448.013 765.869 7.76284 8.7128 to
460.996 765.869 14.7005 8.7128 that
480.952 765.869 7.67648 8.7128 of
493.821 765.869 11.7546 8.7128 the
510.943 765.869 42.7772 8.7128 prospectus,

325.553 776.47 23.3653 8.7128 taking
351.803 776.47 15.1323 8.7128 into
369.775 776.47 29.6792 8.7128 account
402.375 776.47 11.7546 8.7128 the
417.003 776.47 49.2062 8.7128 requirements
469.276 776.47 7.67648 8.7128 of
479.764 776.47 45.3008 8.7128 Community
527.842 776.47 25.841 8.7128 legisla-

325.553 787.015 17.2145 8.7128 tion;

41.9182 51.2759 45.0801 8.7128 31.12.2003

517.914 51.2759 4.55791 8.7128 L
525.397 51.2759 28.3358 8.7128 345/71

223.846 51.2759 27.5298 8.7128 Official
254.348 51.2759 27.098 8.7128 Journal
284.283 51.2759 7.67648 8.7128 of
294.771 51.2759 11.7546 8.7128 the
309.455 51.2759 35.7724 8.7128 European
348.235 51.2759 23.634 8.7128 Union

120.154 52.1989 9.8344 7.7447 EN

42.3717 76.9011 9.74913 8.7128 (d)
56.885 76.9011 34.429 8.7128 securities
95.8912 76.9011 28.403 8.7128 offered,
128.661 76.9011 28.0192 8.7128 allotted
160.977 76.9011 8.20424 8.7128 or
173.62 76.9011 7.76284 8.7128 to
185.696 76.9011 8.77038 8.7128 be
198.906 76.9011 28.0192 8.7128 allotted
231.222 76.9011 7.36942 8.7128 in
243.07 76.9011 42.0095 8.7128 connection

56.885 87.4457 16.8403 8.7128 with
80.0162 87.4457 4.07813 8.7128 a
90.391 87.4457 28.6045 8.7128 merger,
125.428 87.4457 33.3639 8.7128 provided
165.058 87.4457 14.7005 8.7128 that
185.978 87.4457 4.07813 8.7128 a
196.353 87.4457 37.9602 8.7128 document
240.519 87.4457 5.79574 8.7128 is
252.538 87.4457 32.4043 8.7128 available

56.885 97.9903 40.0232 8.7128 containing
99.8599 97.9903 45.1569 8.7128 information
147.88 97.9903 22.9719 8.7128 which
173.903 97.9903 5.79574 8.7128 is
182.578 97.9903 32.4427 8.7128 regarded
218.126 97.9903 9.20218 8.7128 by
230.202 97.9903 11.7546 8.7128 the
244.942 97.9903 40.1096 8.7128 competent

56.885 108.535 34.5154 8.7128 authority
96.7413 108.535 7.52295 8.7128 as
109.498 108.535 20.5922 8.7128 being
135.463 108.535 38.44 8.7128 equivalent
179.345 108.535 7.76284 8.7128 to
192.328 108.535 14.7005 8.7128 that
212.284 108.535 7.67648 8.7128 of
225.153 108.535 11.7546 8.7128 the
242.218 108.535 42.7772 8.7128 prospectus,

56.885 119.079 23.3653 8.7128 taking
83.1348 119.079 15.1323 8.7128 into
101.107 119.079 29.6792 8.7128 account
133.65 119.079 11.7546 8.7128 the
148.334 119.079 49.2062 8.7128 requirements
200.607 119.079 7.67648 8.7128 of
211.095 119.079 45.3008 8.7128 Community
259.173 119.079 25.841 8.7128 legisla-

56.885 129.682 17.2145 8.7128 tion;

43.052 160.239 8.96229 8.7128 (e)
56.885 160.239 23.1638 8.7128 shares
84.269 160.239 28.403 8.7128 offered,
116.811 160.239 28.0192 8.7128 allotted
148.901 160.239 8.20424 8.7128 or
161.317 160.239 7.76284 8.7128 to
173.222 160.239 8.77038 8.7128 be
186.205 160.239 28.0192 8.7128 allotted
218.295 160.239 13.904 8.7128 free
236.437 160.239 7.67648 8.7128 of
248.229 160.239 24.6991 8.7128 charge
277.313 160.239 7.76284 8.7128 to

56.885 170.783 28.8732 8.7128 existing
88.7472 170.783 49.4557 8.7128 shareholders,
141.133 170.783 13.8369 8.7128 and
157.859 170.783 35.7244 8.7128 dividends
196.467 170.783 16.159 8.7128 paid
215.517 170.783 12.6374 8.7128 out
231.051 170.783 7.36942 8.7128 in
241.312 170.783 11.7546 8.7128 the
256.053 170.783 18.5771 8.7128 form
277.427 170.783 7.67648 8.7128 of

56.885 181.328 23.1638 8.7128 shares
83.8717 181.328 7.67648 8.7128 of
95.3241 181.328 11.7546 8.7128 the
110.972 181.328 19.1144 8.7128 same
133.876 181.328 17.2721 8.7128 class
154.91 181.328 7.52295 8.7128 as
166.249 181.328 11.7546 8.7128 the
181.897 181.328 23.1638 8.7128 shares
208.94 181.328 7.36942 8.7128 in
220.165 181.328 26.3975 8.7128 respect
250.496 181.328 7.67648 8.7128 of
261.949 181.328 22.9719 8.7128 which

56.885 191.929 17.2721 8.7128 such
77.0684 191.929 35.7244 8.7128 dividends
115.621 191.929 11.294 8.7128 are
129.908 191.929 18.2412 8.7128 paid,
151.054 191.929 33.3639 8.7128 provided
187.339 191.929 14.7005 8.7128 that
204.914 191.929 11.7546 8.7128 the
219.599 191.929 14.6141 8.7128 said
237.061 191.929 23.1638 8.7128 shares
263.141 191.929 11.294 8.7128 are
277.427 191.929 7.67648 8.7128 of

56.885 202.474 11.7546 8.7128 the
71.9655 202.474 19.1144 8.7128 same
94.4163 202.474 17.2721 8.7128 class
114.939 202.474 7.52295 8.7128 as
125.711 202.474 11.7546 8.7128 the
140.848 202.474 23.1638 8.7128 shares
167.381 202.474 26.8293 8.7128 already
197.6 202.474 33.1432 8.7128 admitted
233.998 202.474 7.76284 8.7128 to
244.996 202.474 26.7237 8.7128 trading
275.158 202.474 9.96023 8.7128 on

56.885 213.018 11.7546 8.7128 the
73.0431 213.018 19.1144 8.7128 same
96.5715 213.018 34.4674 8.7128 regulated
135.578 213.018 26.3975 8.7128 market
166.363 213.018 13.8369 8.7128 and
184.562 213.018 14.7005 8.7128 that
203.668 213.018 4.07813 8.7128 a
212.115 213.018 37.9602 8.7128 document
254.41 213.018 5.79574 8.7128 is
264.614 213.018 20.4098 8.7128 made

56.885 223.563 32.4043 8.7128 available
92.3763 223.563 40.0232 8.7128 containing
135.521 223.563 45.1569 8.7128 information
183.655 223.563 9.96023 8.7128 on
196.638 223.563 11.7546 8.7128 the
211.436 223.563 29.564 8.7128 number
244.092 223.563 13.8369 8.7128 and
260.931 223.563 24.0082 8.7128 nature

56.885 234.108 7.67648 8.7128 of
67.3164 234.108 11.7546 8.7128 the
82.0006 234.108 23.1638 8.7128 shares
108.08 234.108 13.8369 8.7128 and
124.749 234.108 11.7546 8.7128 the
139.433 234.108 28.1439 8.7128 reasons
170.389 234.108 10.939 8.7128 for
184.165 234.108 13.8369 8.7128 and
200.833 234.108 23.7203 8.7128 details
227.423 234.108 7.67648 8.7128 of
237.911 234.108 11.7546 8.7128 the
252.595 234.108 19.7094 8.7128 offer;

44.3561 264.722 7.74365 8.7128 (f)
56.885 264.722 34.429 8.7128 securities
95.8912 264.722 28.403 8.7128 offered,
128.718 264.722 28.0192 8.7128 allotted
161.034 264.722 8.20424 8.7128 or
173.619 264.722 7.76284 8.7128 to
185.752 264.722 8.77038 8.7128 be
198.961 264.722 28.0192 8.7128 allotted
231.277 264.722 7.76284 8.7128 to
243.41 264.722 28.8732 8.7128 existing
276.86 264.722 8.20424 8.7128 or

56.885 275.267 25.793 8.7128 former
87.9537 275.267 32.7498 8.7128 directors
126.053 275.267 8.20424 8.7128 or
139.546 275.267 39.5914 8.7128 employees
184.392 275.267 9.20218 8.7128 by
198.906 275.267 17.368 8.7128 their
221.697 275.267 35.4557 8.7128 employer
262.461 275.267 8.20424 8.7128 or
275.955 275.267 9.09663 8.7128 an

56.885 285.812 32.174 8.7128 affiliated
93.0566 285.812 47.2967 8.7128 undertaking,
144.479 285.812 33.3639 8.7128 provided
181.898 285.812 14.7005 8.7128 that
200.608 285.812 11.7546 8.7128 the
216.425 285.812 14.6141 8.7128 said
235.021 285.812 34.429 8.7128 securities
273.629 285.812 11.294 8.7128 are

56.885 296.356 7.67648 8.7128 of
70.0943 296.356 11.7546 8.7128 the
87.5564 296.356 19.1144 8.7128 same
112.332 296.356 17.2721 8.7128 class
135.18 296.356 7.52295 8.7128 as
148.333 296.356 11.7546 8.7128 the
165.795 296.356 34.429 8.7128 securities
206.049 296.356 26.8293 8.7128 already
238.591 296.356 33.1432 8.7128 admitted
277.313 296.356 7.76284 8.7128 to

56.885 306.901 26.7237 8.7128 trading
86.8771 306.901 9.96023 8.7128 on
100.03 306.901 11.7546 8.7128 the
115.054 306.901 19.1144 8.7128 same
137.391 306.901 34.4674 8.7128 regulated
175.206 306.901 26.3975 8.7128 market
204.858 306.901 13.8369 8.7128 and
221.866 306.901 14.7005 8.7128 that
239.782 306.901 4.07813 8.7128 a
247.152 306.901 37.9602 8.7128 document

56.885 317.502 5.79574 8.7128 is
67.373 317.502 20.4098 8.7128 made
92.4886 317.502 32.4043 8.7128 available
129.68 317.502 40.0232 8.7128 containing
174.526 317.502 45.1569 8.7128 information
224.304 317.502 9.96023 8.7128 on
238.931 317.502 11.7546 8.7128 the
255.429 317.502 29.564 8.7128 number

56.885 328.047 13.8369 8.7128 and
74.4037 328.047 24.0082 8.7128 nature
102.297 328.047 7.67648 8.7128 of
113.636 328.047 11.7546 8.7128 the
129.171 328.047 34.429 8.7128 securities
167.553 328.047 13.8369 8.7128 and
185.128 328.047 11.7546 8.7128 the
200.663 328.047 28.1439 8.7128 reasons
232.525 328.047 10.939 8.7128 for
247.152 328.047 13.8369 8.7128 and
264.728 328.047 20.2755 8.7128 detail

56.885 338.591 7.67648 8.7128 of
67.3164 338.591 11.7546 8.7128 the
82.0006 338.591 19.7094 8.7128 offer;

42.5982 369.149 9.46126 8.7128 (g)
56.885 369.149 23.1638 8.7128 shares
83.8151 369.149 32.5099 8.7128 resulting
120.157 369.149 18.5771 8.7128 from
142.381 369.149 11.7546 8.7128 the
157.915 369.149 41.2899 8.7128 conversion
202.931 369.149 8.20424 8.7128 or
214.894 369.149 34.8896 8.7128 exchange
253.674 369.149 7.67648 8.7128 of
265.013 369.149 19.9588 8.7128 other

56.885 379.693 34.429 8.7128 securities
95.8345 379.693 8.20424 8.7128 or
108.478 379.693 18.5771 8.7128 from
131.326 379.693 11.7546 8.7128 the
147.54 379.693 29.3721 8.7128 exercise
181.558 379.693 7.67648 8.7128 of
193.521 379.693 11.7546 8.7128 the
209.735 379.693 21.3118 8.7128 rights
235.531 379.693 35.8396 8.7128 conferred
275.841 379.693 9.20218 8.7128 by

56.885 390.294 19.9588 8.7128 other
81.6609 390.294 36.5113 8.7128 securities,
123.105 390.294 33.3639 8.7128 provided
161.261 390.294 14.7005 8.7128 that
180.764 390.294 11.7546 8.7128 the
197.319 390.294 14.6141 8.7128 said
216.708 390.294 23.1638 8.7128 shares
244.658 390.294 11.294 8.7128 are
260.873 390.294 7.67648 8.7128 of
273.232 390.294 11.7546 8.7128 the

56.885 400.839 19.1144 8.7128 same
79.2793 400.839 17.2721 8.7128 class
99.8023 400.839 7.52295 8.7128 as
110.631 400.839 11.7546 8.7128 the
125.711 400.839 23.1638 8.7128 shares
152.244 400.839 26.8293 8.7128 already
182.463 400.839 33.1432 8.7128 admitted
218.861 400.839 7.76284 8.7128 to
229.916 400.839 26.7237 8.7128 trading
260.021 400.839 9.96023 8.7128 on
273.23 400.839 11.7546 8.7128 the

56.885 411.384 19.1144 8.7128 same
78.8263 411.384 34.4674 8.7128 regulated
116.302 411.384 28.4797 8.7128 market;

42.0877 441.942 9.98902 8.7128 (h)
56.885 441.942 34.429 8.7128 securities
95.0976 441.942 26.8293 8.7128 already
125.656 441.942 33.1432 8.7128 admitted
162.394 441.942 7.76284 8.7128 to
173.734 441.942 26.7237 8.7128 trading
204.178 441.942 9.96023 8.7128 on
217.728 441.942 29.0555 8.7128 another
250.442 441.942 34.4674 8.7128 regulated

56.885 452.543 28.4797 8.7128 market,
88.2377 452.543 9.96023 8.7128 on
100.994 452.543 11.7546 8.7128 the
115.678 452.543 35.7916 8.7128 following
154.23 452.543 41.6833 8.7128 conditions:

63.8016 473.066 7.35983 8.7128 (i)
75.9908 473.066 14.7005 8.7128 that
95.4373 473.066 19.1528 8.7128 these
119.362 473.066 36.5113 8.7128 securities,
160.75 473.066 8.20424 8.7128 or
173.733 473.066 34.429 8.7128 securities
213.022 473.066 7.67648 8.7128 of
225.381 473.066 11.7546 8.7128 the
241.879 473.066 19.1144 8.7128 same
265.747 473.066 19.3543 8.7128 class,

75.9908 483.667 17.3968 8.7128 have
96.8546 483.667 17.7423 8.7128 been
118.001 483.667 33.1432 8.7128 admitted
154.513 483.667 7.76284 8.7128 to
165.568 483.667 26.7237 8.7128 trading
195.73 483.667 9.96023 8.7128 on
208.996 483.667 14.7005 8.7128 that
227.082 483.667 19.9588 8.7128 other
250.441 483.667 34.4674 8.7128 regulated

75.9908 494.212 26.3975 8.7128 market
105.246 494.212 10.939 8.7128 for
119.022 494.212 19.7957 8.7128 more
141.701 494.212 16.8979 8.7128 than
161.487 494.212 10.2289 8.7128 18
174.583 494.212 30.9266 8.7128 months;

61.3643 514.735 9.71075 8.7128 (ii)
75.9918 514.735 16.7827 8.7128 that,
96.2318 514.735 10.939 8.7128 for
110.575 514.735 34.429 8.7128 securities
148.618 514.735 14.6141 8.7128 first
166.647 514.735 33.1432 8.7128 admitted
203.158 514.735 7.76284 8.7128 to
214.327 514.735 26.7237 8.7128 trading
244.545 514.735 9.96023 8.7128 on
257.869 514.735 4.07813 8.7128 a
265.409 514.735 19.4407 8.7128 regu-

75.9908 525.336 17.9246 8.7128 lated
97.7047 525.336 26.3975 8.7128 market
127.923 525.336 16.8499 8.7128 after
148.617 525.336 11.7546 8.7128 the
164.265 525.336 15.5928 8.7128 date
183.654 525.336 7.67648 8.7128 of
195.05 525.336 19.4407 8.7128 entry
218.409 525.336 15.1323 8.7128 into
237.288 525.336 18.8649 8.7128 force
260.023 525.336 7.67648 8.7128 of
271.419 525.336 13.597 8.7128 this

75.9908 535.881 35.6764 8.7128 Directive,
114.997 535.881 11.7546 8.7128 the
129.851 535.881 38.0082 8.7128 admission
170.841 535.881 7.76284 8.7128 to
181.67 535.881 26.7237 8.7128 trading
211.548 535.881 9.96023 8.7128 on
224.531 535.881 14.7005 8.7128 that
242.332 535.881 19.9588 8.7128 other
265.407 535.881 19.4407 8.7128 regu-

75.9908 546.425 17.9246 8.7128 lated
102.467 546.425 26.3975 8.7128 market
137.391 546.425 14.2111 8.7128 was
160.183 546.425 37.8259 8.7128 associated
206.503 546.425 16.8403 8.7128 with
231.958 546.425 9.09663 8.7128 an
249.646 546.425 35.3406 8.7128 approved

75.9908 556.97 40.6949 8.7128 prospectus
119.986 556.97 20.4098 8.7128 made
143.684 556.97 32.4043 8.7128 available
179.515 556.97 7.76284 8.7128 to
190.513 556.97 11.7546 8.7128 the
205.65 556.97 23.3365 8.7128 public
232.354 556.97 7.36942 8.7128 in
243.069 556.97 42.0671 8.7128 conformity

75.9908 567.515 16.8403 8.7128 with
95.777 567.515 25.0637 8.7128 Article
123.841 567.515 12.3112 8.7128 14;

58.9826 588.094 12.0617 8.7128 (iii)
75.9908 588.094 16.7827 8.7128 that,
99.4626 588.094 24.1713 8.7128 except
130.418 588.094 22.8375 8.7128 where
160.126 588.094 9.71075 8.7128 (ii)
176.624 588.094 28.2207 8.7128 applies,
211.604 588.094 10.939 8.7128 for
229.18 588.094 34.429 8.7128 securities
270.453 588.094 14.6141 8.7128 first

75.9908 598.639 33.1432 8.7128 admitted
112.502 598.639 7.76284 8.7128 to
123.557 598.639 22.7704 8.7128 listing
149.75 598.639 16.8499 8.7128 after
170.047 598.639 10.2289 8.7128 30
183.653 598.639 16.4373 8.7128 June
203.553 598.639 22.5401 8.7128 1983,
229.463 598.639 22.7704 8.7128 listing
255.656 598.639 29.2474 8.7128 particu-

75.9908 609.24 13.1172 8.7128 lars
94.0766 609.24 17.8574 8.7128 were
117.038 609.24 35.3406 8.7128 approved
157.405 609.24 7.36942 8.7128 in
169.82 609.24 41.9903 8.7128 accordance
216.877 609.24 16.8403 8.7128 with
238.761 609.24 11.7546 8.7128 the
255.543 609.24 29.2282 8.7128 require-

75.9908 619.785 22.8759 8.7128 ments
102.241 619.785 7.67648 8.7128 of
113.239 619.785 33.5942 8.7128 Directive
150.487 619.785 46.0397 8.7128 80/390/EEC
199.982 619.785 8.20424 8.7128 or
211.604 619.785 33.5942 8.7128 Directive
248.853 619.785 36.2138 8.7128 2001/34/

75.9908 630.329 12.3687 8.7128 EC;

59.3799 650.909 11.745 8.7128 (iv)
75.9918 650.909 14.7005 8.7128 that
94.1342 650.909 11.7546 8.7128 the
109.385 650.909 31.1761 8.7128 ongoing
144.026 650.909 41.5489 8.7128 obligations
188.985 650.909 10.939 8.7128 for
203.328 650.909 26.7237 8.7128 trading
233.547 650.909 9.96023 8.7128 on
246.87 650.909 14.7005 8.7128 that
265.013 650.909 19.9588 8.7128 other

75.9908 661.454 34.4674 8.7128 regulated
113.466 661.454 26.3975 8.7128 market
142.722 661.454 17.3968 8.7128 have
163.075 661.454 17.7423 8.7128 been
183.769 661.454 30.466 8.7128 fulfilled;

61.8172 682.033 9.39409 8.7128 (v)
75.9908 682.033 14.7005 8.7128 that
94.0766 682.033 11.7546 8.7128 the
109.328 682.033 25.6107 8.7128 person
138.356 682.033 27.8176 8.7128 seeking
169.651 682.033 11.7546 8.7128 the
184.844 682.033 38.0082 8.7128 admission
226.174 682.033 7.67648 8.7128 of
237.173 682.033 4.07813 8.7128 a
244.713 682.033 29.0651 8.7128 security
277.312 682.033 7.76284 8.7128 to

75.9908 692.578 26.7237 8.7128 trading
107.286 692.578 9.96023 8.7128 on
121.686 692.578 4.07813 8.7128 a
130.304 692.578 34.4674 8.7128 regulated
169.423 692.578 26.3975 8.7128 market
200.322 692.578 21.8492 8.7128 under
226.742 692.578 13.597 8.7128 this
244.827 692.578 40.148 8.7128 exemption

75.9908 703.122 23.7587 8.7128 makes
102.864 703.122 4.07813 8.7128 a
110.121 703.122 35.3214 8.7128 summary
148.56 703.122 37.9602 8.7128 document
189.608 703.122 32.4043 8.7128 available
225.269 703.122 7.76284 8.7128 to
236.097 703.122 11.7546 8.7128 the
251.064 703.122 23.3365 8.7128 public
277.654 703.122 7.36942 8.7128 in

75.9908 713.667 4.07813 8.7128 a
83.0772 713.667 33.2392 8.7128 language
119.475 713.667 32.4811 8.7128 accepted
155.023 713.667 9.20218 8.7128 by
167.212 713.667 11.7546 8.7128 the
182.01 713.667 40.1096 8.7128 competent
225.098 713.667 34.5154 8.7128 authority
262.63 713.667 7.67648 8.7128 of
273.232 713.667 11.7546 8.7128 the

75.9908 724.212 31.1089 8.7128 Member
111.652 724.212 18.1933 8.7128 State
134.273 724.212 7.67648 8.7128 of
146.349 724.212 11.7546 8.7128 the
162.62 724.212 34.4674 8.7128 regulated
201.626 724.212 26.3975 8.7128 market
232.468 724.212 22.8375 8.7128 where
259.965 724.212 25.1501 8.7128 admis-

75.9908 734.756 15.756 8.7128 sion
94.5862 734.756 5.79574 8.7128 is
103.261 734.756 27.5969 8.7128 sought;

59.3799 755.336 11.745 8.7128 (vi)
75.9918 755.336 14.7005 8.7128 that
93.9644 755.336 11.7546 8.7128 the
108.988 755.336 35.3214 8.7128 summary
147.54 755.336 37.9602 8.7128 document
188.701 755.336 29.1226 8.7128 referred
221.3 755.336 7.76284 8.7128 to
232.242 755.336 7.36942 8.7128 in
242.901 755.336 9.39409 8.7128 (v)
255.544 755.336 5.79574 8.7128 is
264.614 755.336 20.4098 8.7128 made

75.9908 765.881 32.4043 8.7128 available
113.58 765.881 7.76284 8.7128 to
126.336 765.881 11.7546 8.7128 the
143.174 765.881 23.3365 8.7128 public
171.692 765.881 7.36942 8.7128 in
184.164 765.881 11.7546 8.7128 the
201.002 765.881 31.1089 8.7128 Member
237.287 765.881 18.1933 8.7128 State
260.532 765.881 7.67648 8.7128 of
273.231 765.881 11.7546 8.7128 the

75.9908 776.482 34.4674 8.7128 regulated
113.636 776.482 26.3975 8.7128 market
143.061 776.482 22.8375 8.7128 where
169.141 776.482 38.0082 8.7128 admission
210.075 776.482 7.76284 8.7128 to
220.847 776.482 26.7237 8.7128 trading
250.668 776.482 5.79574 8.7128 is
259.569 776.482 25.5147 8.7128 sought

75.9908 787.026 7.36942 8.7128 in
86.2524 787.026 11.7546 8.7128 the
100.937 787.026 28.9691 8.7128 manner
132.799 787.026 10.2193 8.7128 set
145.895 787.026 12.6374 8.7128 out
161.372 787.026 7.36942 8.7128 in
171.634 787.026 25.0637 8.7128 Article
199.698 787.026 22.4345 8.7128 14(2);
224.985 787.026 13.8369 8.7128 and

325.667 76.8876 14.0959 8.7128 (vii)
344.66 76.8876 14.7005 8.7128 that
365.24 76.8876 11.7546 8.7128 the
382.872 76.8876 31.9917 8.7128 contents
420.63 76.8876 7.67648 8.7128 of
434.067 76.8876 11.7546 8.7128 the
451.699 76.8876 35.3214 8.7128 summary
492.859 76.8876 37.9602 8.7128 document
536.628 76.8876 17.1665 8.7128 shall

344.66 87.4322 28.259 8.7128 comply
376.919 87.4322 16.8403 8.7128 with
397.896 87.4322 25.0637 8.7128 Article
427.207 87.4322 17.3201 8.7128 5(2).
448.581 87.4322 47.1432 8.7128 Furthermore
499.947 87.4322 11.7546 8.7128 the
515.821 87.4322 37.9602 8.7128 document

344.66 97.9768 17.1665 8.7128 shall
366.204 97.9768 17.1186 8.7128 state
387.805 97.9768 22.8375 8.7128 where
415.245 97.9768 11.7546 8.7128 the
431.516 97.9768 18.8458 8.7128 most
454.648 97.9768 22.9815 8.7128 recent
482.201 97.9768 40.6949 8.7128 prospectus
527.33 97.9768 13.0692 8.7128 can
544.906 97.9768 8.77038 8.7128 be

344.66 108.521 32.721 8.7128 obtained
387.521 108.521 13.8369 8.7128 and
411.445 108.521 22.8375 8.7128 where
444.555 108.521 11.7546 8.7128 the
466.495 108.521 31.9342 8.7128 financial
508.619 108.521 45.1569 8.7128 information

344.66 119.066 36.4825 8.7128 published
383.949 119.066 9.20218 8.7128 by
395.969 119.066 11.7546 8.7128 the
410.596 119.066 21.331 8.7128 issuer
434.805 119.066 33.3639 8.7128 pursuant
470.976 119.066 7.76284 8.7128 to
481.521 119.066 10.7759 8.7128 his
495.128 119.066 31.1761 8.7128 ongoing
529.145 119.066 24.6799 8.7128 disclo-

344.66 129.668 15.5353 8.7128 sure
363.142 129.668 41.5489 8.7128 obligations
407.534 129.668 5.79574 8.7128 is
416.209 129.668 34.4866 8.7128 available.

310.645 160.566 7.1967 8.7128 3.
332.189 160.566 7.65729 8.7128 In
344.491 160.566 20.1604 8.7128 order
369.437 160.566 7.76284 8.7128 to
381.796 160.566 15.4969 8.7128 take
402.036 160.566 29.6792 8.7128 account
436.393 160.566 7.67648 8.7128 of
448.752 160.566 33.479 8.7128 technical
487.021 160.566 52.1713 8.7128 developments
543.83 160.566 9.96023 8.7128 on

310.645 171.111 31.9342 8.7128 financial
347.779 171.111 29.8423 8.7128 markets
382.704 171.111 13.8369 8.7128 and
401.64 171.111 7.76284 8.7128 to
414.509 171.111 24.5072 8.7128 ensure
444.274 171.111 30.8211 8.7128 uniform
480.218 171.111 41.9232 8.7128 application
527.388 171.111 7.67648 8.7128 of
540.088 171.111 13.597 8.7128 this

310.645 181.655 35.6764 8.7128 Directive,
349.877 181.655 11.7546 8.7128 the
365.014 181.655 47.4023 8.7128 Commission
415.529 181.655 19.2488 8.7128 shall,
438.037 181.655 7.36942 8.7128 in
448.809 181.655 41.9903 8.7128 accordance
494.222 181.655 16.8403 8.7128 with
514.462 181.655 11.7546 8.7128 the
529.599 181.655 24.0178 8.7128 proce-

310.645 192.2 16.8307 8.7128 dure
330.715 192.2 29.1226 8.7128 referred
363.144 192.2 7.76284 8.7128 to
374.029 192.2 7.36942 8.7128 in
384.63 192.2 25.0637 8.7128 Article
412.978 192.2 22.4345 8.7128 24(2),
438.604 192.2 21.5709 8.7128 adopt
463.266 192.2 52.5167 8.7128 implementing
518.998 192.2 34.6497 8.7128 measures

310.645 202.801 41.9616 8.7128 concerning
355.943 202.801 41.6161 8.7128 paragraphs
400.959 202.801 17.0226 8.7128 1(b),
421.143 202.801 16.1782 8.7128 1(c),
440.532 202.801 14.0959 8.7128 2(c)
457.881 202.801 13.8369 8.7128 and
474.89 202.801 16.9458 8.7128 2(d),
495.016 202.801 28.3934 8.7128 notably
526.482 202.801 7.36942 8.7128 in
537.141 202.801 16.5236 8.7128 rela-

310.645 213.346 15.1323 8.7128 tion
328.617 213.346 7.76284 8.7128 to
339.162 213.346 11.7546 8.7128 the
353.846 213.346 32.5099 8.7128 meaning
389.337 213.346 7.67648 8.7128 of
399.768 213.346 45.6271 8.7128 equivalence.

411.442 264.457 34.2541 7.7447 CHAPTER
448.292 264.457 4.69117 7.7447 II

361.553 293.994 41.5382 7.91528 DRAWING
405.66 293.994 10.6959 7.91528 UP
418.869 293.994 10.7812 7.91528 OF
432.305 293.994 16.095 7.91528 THE
450.9 293.994 52.0038 7.91528 PROSPECTUS

416.772 344.454 22.7991 8.74159 Article
442.454 344.454 5.11445 8.74159 5

400.671 375.197 15.4777 8.90472 The
419.04 375.197 44.514 8.90472 prospectus

310.642 406.287 7.1967 8.7128 1.
332.186 406.287 31.5983 8.7128 Without
368.869 406.287 34.381 8.7128 prejudice
408.555 406.287 7.76284 8.7128 to
421.311 406.287 25.0637 8.7128 Article
451.586 406.287 17.3201 8.7128 8(2),
473.981 406.287 11.7546 8.7128 the
490.876 406.287 40.6949 8.7128 prospectus
536.628 406.287 17.1665 8.7128 shall

310.642 416.832 28.2015 8.7128 contain
344.999 416.832 8.74159 8.7128 all
359.91 416.832 45.1569 8.7128 information
411.162 416.832 25.0541 8.7128 which,
442.571 416.832 36.7895 8.7128 according
485.659 416.832 7.76284 8.7128 to
499.549 416.832 11.7546 8.7128 the
517.521 416.832 36.0219 8.7128 particular

310.642 427.376 24.0082 8.7128 nature
338.479 427.376 7.67648 8.7128 of
349.818 427.376 11.7546 8.7128 the
365.353 427.376 21.331 8.7128 issuer
390.468 427.376 13.8369 8.7128 and
408.044 427.376 7.67648 8.7128 of
419.383 427.376 11.7546 8.7128 the
434.917 427.376 34.429 8.7128 securities
473.299 427.376 26.3207 8.7128 offered
503.29 427.376 7.76284 8.7128 to
514.743 427.376 11.7546 8.7128 the
530.334 427.376 23.3365 8.7128 public

310.642 437.921 8.20424 8.7128 or
322.945 437.921 33.1432 8.7128 admitted
360.137 437.921 7.76284 8.7128 to
371.929 437.921 26.7237 8.7128 trading
402.884 437.921 9.96023 8.7128 on
416.888 437.921 4.07813 8.7128 a
425.108 437.921 34.4674 8.7128 regulated
463.774 437.921 28.4797 8.7128 market,
496.373 437.921 5.79574 8.7128 is
506.295 437.921 35.5133 8.7128 necessary
546.038 437.921 7.76284 8.7128 to

310.642 448.522 24.1521 8.7128 enable
338.366 448.522 33.623 8.7128 investors
375.501 448.522 7.76284 8.7128 to
386.783 448.522 20.3139 8.7128 make
410.651 448.522 9.09663 8.7128 an
423.294 448.522 34.6401 8.7128 informed
461.45 448.522 41.2419 8.7128 assessment
506.126 448.522 7.67648 8.7128 of
517.238 448.522 11.7546 8.7128 the
532.602 448.522 21.1871 8.7128 assets

310.642 459.067 13.8369 8.7128 and
332.526 459.067 35.2638 8.7128 liabilities,
376.068 459.067 31.9342 8.7128 financial
416.152 459.067 32.9417 8.7128 position,
457.199 459.067 21.1007 8.7128 profit
486.396 459.067 13.8369 8.7128 and
508.28 459.067 23.6436 8.7128 losses,
539.916 459.067 13.8369 8.7128 and

310.642 469.611 35.8204 8.7128 prospects
349.875 469.611 7.67648 8.7128 of
360.93 469.611 11.7546 8.7128 the
376.181 469.611 21.331 8.7128 issuer
401.014 469.611 13.8369 8.7128 and
418.306 469.611 7.67648 8.7128 of
429.361 469.611 13.4818 8.7128 any
446.313 469.611 38.8718 8.7128 guarantor,
488.72 469.611 13.8369 8.7128 and
506.013 469.611 7.67648 8.7128 of
517.068 469.611 11.7546 8.7128 the
532.318 469.611 21.3118 8.7128 rights

310.642 480.156 34.5729 8.7128 attaching
348.231 480.156 7.76284 8.7128 to
358.89 480.156 17.2721 8.7128 such
379.13 480.156 36.5113 8.7128 securities.
418.76 480.156 15.9575 8.7128 This
437.696 480.156 45.1569 8.7128 information
485.716 480.156 17.1665 8.7128 shall
505.786 480.156 8.77038 8.7128 be
517.522 480.156 36.137 8.7128 presented

310.642 490.701 7.36942 8.7128 in
320.904 490.701 9.09663 8.7128 an
332.867 490.701 20.5442 8.7128 easily
356.339 490.701 38.5167 8.7128 analysable
397.726 490.701 13.8369 8.7128 and
414.395 490.701 59.6079 8.7128 comprehensible
476.929 490.701 20.6593 8.7128 form.

310.642 521.655 7.1967 8.7128 2.
332.186 521.655 14.1151 8.7128 The
350.159 521.655 40.6949 8.7128 prospectus
394.551 521.655 17.1665 8.7128 shall
415.358 521.655 28.2015 8.7128 contain
447.277 521.655 45.1569 8.7128 information
496.092 521.655 41.9616 8.7128 concerning
541.901 521.655 11.7546 8.7128 the

310.642 532.2 21.331 8.7128 issuer
336.268 532.2 13.8369 8.7128 and
354.354 532.2 11.7546 8.7128 the
370.399 532.2 34.429 8.7128 securities
409.235 532.2 7.76284 8.7128 to
421.198 532.2 8.77038 8.7128 be
434.294 532.2 26.3207 8.7128 offered
464.796 532.2 7.76284 8.7128 to
476.759 532.2 11.7546 8.7128 the
492.86 532.2 23.3365 8.7128 public
520.47 532.2 8.20424 8.7128 or
532.943 532.2 7.76284 8.7128 to
544.906 532.2 8.77038 8.7128 be

310.642 542.744 33.1432 8.7128 admitted
347.097 542.744 7.76284 8.7128 to
358.209 542.744 26.7237 8.7128 trading
388.371 542.744 9.96023 8.7128 on
401.694 542.744 4.07813 8.7128 a
409.178 542.744 34.4674 8.7128 regulated
447.163 542.744 28.4797 8.7128 market.
479.025 542.744 5.4599 8.7128 It
487.813 542.744 17.1665 8.7128 shall
508.336 542.744 14.7964 8.7128 also
526.422 542.744 27.2419 8.7128 include

310.642 553.289 4.07813 8.7128 a
318.013 553.289 37.4036 8.7128 summary.
358.72 553.289 14.1151 8.7128 The
376.182 553.289 35.3214 8.7128 summary
414.791 553.289 19.2488 8.7128 shall,
437.242 553.289 7.36942 8.7128 in
447.957 553.289 4.07813 8.7128 a
455.328 553.289 17.1186 8.7128 brief
475.851 553.289 28.9691 8.7128 manner
508.11 553.289 13.8369 8.7128 and
525.232 553.289 7.36942 8.7128 in
535.891 553.289 17.8766 8.7128 non-

310.642 563.833 33.479 8.7128 technical
347.097 563.833 35.3214 8.7128 language,
385.479 563.833 26.6566 8.7128 convey
415.074 563.833 11.7546 8.7128 the
429.758 563.833 31.3968 8.7128 essential
464.059 563.833 52.7662 8.7128 characteristics
519.903 563.833 13.8369 8.7128 and
536.628 563.833 17.1473 8.7128 risks

310.642 574.435 37.8259 8.7128 associated
352.087 574.435 16.8403 8.7128 with
372.666 574.435 11.7546 8.7128 the
388.144 574.435 23.4133 8.7128 issuer,
415.301 574.435 13.4818 8.7128 any
432.479 574.435 36.7895 8.7128 guarantor
473.015 574.435 13.8369 8.7128 and
490.477 574.435 11.7546 8.7128 the
505.955 574.435 36.5113 8.7128 securities,
546.322 574.435 7.36942 8.7128 in

310.642 584.979 11.7546 8.7128 the
325.666 584.979 33.2392 8.7128 language
362.348 584.979 7.36942 8.7128 in
373.007 584.979 22.9719 8.7128 which
399.313 584.979 11.7546 8.7128 the
414.394 584.979 40.6949 8.7128 prospectus
458.332 584.979 14.2111 8.7128 was
475.794 584.979 35.5037 8.7128 originally
514.631 584.979 23.7875 8.7128 drawn
541.73 584.979 11.9465 8.7128 up.

310.642 595.524 14.1151 8.7128 The
327.707 595.524 35.3214 8.7128 summary
365.863 595.524 17.1665 8.7128 shall
385.82 595.524 14.7964 8.7128 also
403.395 595.524 28.2015 8.7128 contain
434.464 595.524 4.07813 8.7128 a
441.437 595.524 30.869 8.7128 warning
475.34 595.524 16.7827 8.7128 that:

311.436 619.618 9.08703 8.7128 (a)
325.326 619.618 5.17203 8.7128 it
333.433 619.618 25.3132 8.7128 should
361.497 619.618 8.77038 8.7128 be
373.176 619.618 16.0342 8.7128 read
392.169 619.618 7.52295 8.7128 as
402.543 619.618 9.09663 8.7128 an
414.506 619.618 47.1144 8.7128 introduction
464.454 619.618 7.76284 8.7128 to
475.056 619.618 11.7546 8.7128 the
489.684 619.618 42.7772 8.7128 prospectus;

310.756 643.77 9.82589 8.7128 (b)
325.326 643.77 13.4818 8.7128 any
342.39 643.77 30.7731 8.7128 decision
376.747 643.77 7.76284 8.7128 to
388.03 643.77 21.9739 8.7128 invest
413.599 643.77 7.36942 8.7128 in
424.598 643.77 11.7546 8.7128 the
439.962 643.77 34.429 8.7128 securities
478.118 643.77 25.3132 8.7128 should
506.863 643.77 8.77038 8.7128 be
519.222 643.77 21.0336 8.7128 based
543.827 643.77 9.96023 8.7128 on

325.326 654.314 50.8951 8.7128 consideration
379.129 654.314 7.67648 8.7128 of
389.56 654.314 11.7546 8.7128 the
404.245 654.314 40.6949 8.7128 prospectus
447.843 654.314 7.52295 8.7128 as
458.218 654.314 4.07813 8.7128 a
465.191 654.314 22.8951 8.7128 whole
490.93 654.314 9.20218 8.7128 by
503.006 654.314 11.7546 8.7128 the
517.691 654.314 32.2604 8.7128 investor;

311.549 678.465 8.98148 8.7128 (c)
325.326 678.465 22.8375 8.7128 where
352.71 678.465 4.07813 8.7128 a
361.213 678.465 20.3715 8.7128 claim
385.989 678.465 28.2686 8.7128 relating
418.759 678.465 7.76284 8.7128 to
430.892 678.465 11.7546 8.7128 the
447.05 678.465 45.1569 8.7128 information
496.545 678.465 36.8951 8.7128 contained
537.818 678.465 7.36942 8.7128 in
549.61 678.465 4.07813 8.7128 a

325.326 689.01 40.6949 8.7128 prospectus
369.831 689.01 5.79574 8.7128 is
379.469 689.01 30.1494 8.7128 brought
413.486 689.01 23.6627 8.7128 before
440.983 689.01 4.07813 8.7128 a
448.863 689.01 21.9547 8.7128 court,
474.716 689.01 11.7546 8.7128 the
490.307 689.01 29.4105 8.7128 plaintiff
523.529 689.01 30.1782 8.7128 investor

325.326 699.555 24.3296 8.7128 might,
353.167 699.555 21.853 8.7128 under
378.457 699.555 11.7565 8.7128 the
393.653 699.555 30.6455 8.7128 national
427.636 699.555 38.0849 8.7128 legislation
469.146 699.555 7.67744 8.7128 of
480.202 699.555 11.7565 8.7128 the
495.398 699.555 31.1137 8.7128 Member
529.986 699.555 23.7261 8.7128 States,

325.326 710.099 17.3968 8.7128 have
346.529 710.099 7.76284 8.7128 to
357.925 710.099 16.111 8.7128 bear
377.824 710.099 11.7546 8.7128 the
393.302 710.099 18.6251 8.7128 costs
415.47 710.099 7.67648 8.7128 of
426.752 710.099 39.6778 8.7128 translating
470.123 710.099 11.7546 8.7128 the
485.658 710.099 40.6949 8.7128 prospectus
529.993 710.099 23.6627 8.7128 before

325.326 720.644 11.7546 8.7128 the
340.01 720.644 17.1473 8.7128 legal
360.08 720.644 45.0801 8.7128 proceedings
408.158 720.644 11.294 8.7128 are
422.445 720.644 32.5675 8.7128 initiated;
457.992 720.644 13.8369 8.7128 and

310.869 744.795 9.74913 8.7128 (d)
325.326 744.795 15.3913 8.7128 civil
344.092 744.795 27.8176 8.7128 liability
375.274 744.795 30.1494 8.7128 attaches
408.724 744.795 7.76284 8.7128 to
419.722 744.795 20.1412 8.7128 those
443.081 744.795 29.0555 8.7128 persons
475.34 744.795 16.61 8.7128 who
495.183 744.795 17.3968 8.7128 have
515.934 744.795 22.7416 8.7128 tabled
541.899 744.795 11.7546 8.7128 the

325.326 755.34 35.3214 8.7128 summary
363.991 755.34 35.1103 8.7128 including
402.487 755.34 13.4818 8.7128 any
419.325 755.34 40.1672 8.7128 translation
462.754 755.34 28.7292 8.7128 thereof,
494.843 755.34 13.8369 8.7128 and
511.965 755.34 27.4338 8.7128 applied
542.807 755.34 10.939 8.7128 for

325.326 765.884 8.61685 8.7128 its
336.891 765.884 45.4831 8.7128 notification,
385.252 765.884 12.5127 8.7128 but
400.673 765.884 16.6772 8.7128 only
420.233 765.884 5.08567 8.7128 if
428.227 765.884 11.7546 8.7128 the
442.968 765.884 35.3214 8.7128 summary
481.18 765.884 5.79574 8.7128 is
489.911 765.884 42.4413 8.7128 misleading,
535.324 765.884 18.318 8.7128 inac-

325.326 776.485 22.9623 8.7128 curate
352.823 776.485 8.20424 8.7128 or
365.466 776.485 45.1569 8.7128 inconsistent
414.904 776.485 20.6401 8.7128 when
440.02 776.485 16.0342 8.7128 read
460.543 776.485 31.1857 8.7128 together
496.204 776.485 16.8403 8.7128 with
517.522 776.485 11.7546 8.7128 the
533.736 776.485 19.9588 8.7128 other

325.326 787.03 18.5963 8.7128 parts
346.813 787.03 7.67648 8.7128 of
357.301 787.03 11.7546 8.7128 the
371.985 787.03 42.7772 8.7128 prospectus.

508.727 51.2759 45.0801 8.7128 31.12.2003

41.916 51.2759 4.55791 8.7128 L
49.3996 51.2759 28.3358 8.7128 345/72

223.846 51.2759 27.5298 8.7128 Official
254.347 51.2759 27.098 8.7128 Journal
284.283 51.2759 7.67648 8.7128 of
294.771 51.2759 11.7546 8.7128 the
309.455 51.2759 35.7724 8.7128 European
348.234 51.2759 23.634 8.7128 Union

120.154 52.1989 9.8344 7.7447 EN

41.9182 76.9011 24.9582 8.7128 Where
70.6062 76.9011 11.7546 8.7128 the
85.9706 76.9011 40.6949 8.7128 prospectus
130.25 76.9011 23.8451 8.7128 relates
157.69 76.9011 7.76284 8.7128 to
168.973 76.9011 11.7546 8.7128 the
184.337 76.9011 38.0082 8.7128 admission
225.838 76.9011 7.76284 8.7128 to
237.121 76.9011 26.7237 8.7128 trading
267.452 76.9011 9.96023 8.7128 on
280.946 76.9011 4.07813 8.7128 a

41.9182 87.4457 34.4674 8.7128 regulated
80.6412 87.4457 26.3975 8.7128 market
111.143 87.4457 7.67648 8.7128 of
122.878 87.4457 40.9348 8.7128 non-equity
168.007 87.4457 34.429 8.7128 securities
206.73 87.4457 25.2652 8.7128 having
236.212 87.4457 4.07813 8.7128 a
244.432 87.4457 40.6374 8.7128 denomina-

41.9182 97.9903 15.1323 8.7128 tion
60.7409 97.9903 7.67648 8.7128 of
72.0234 97.9903 6.89924 8.7128 at
82.568 97.9903 16.6292 8.7128 least
102.865 97.9903 16.6292 8.7128 EUR
124.352 97.9903 10.2289 8.7128 50
136.938 97.9903 17.4256 8.7128 000,
158.028 97.9903 18.9705 8.7128 there
180.819 97.9903 17.1665 8.7128 shall
201.57 97.9903 8.77038 8.7128 be
214.099 97.9903 9.96023 8.7128 no
227.649 97.9903 45.7614 8.7128 requirement
277.314 97.9903 7.76284 8.7128 to

41.9182 108.535 28.6237 8.7128 provide
74.121 108.535 4.07813 8.7128 a
81.7179 108.535 35.3214 8.7128 summary
120.554 108.535 24.1713 8.7128 except
148.334 108.535 20.6401 8.7128 when
172.543 108.535 35.6764 8.7128 requested
211.832 108.535 9.20218 8.7128 by
224.532 108.535 4.07813 8.7128 a
232.129 108.535 31.1089 8.7128 Member
266.827 108.535 18.1933 8.7128 State

41.9182 119.079 7.52295 8.7128 as
52.293 119.079 33.3639 8.7128 provided
88.5778 119.079 10.939 8.7128 for
102.354 119.079 7.36942 8.7128 in
112.616 119.079 25.0637 8.7128 Article
140.737 119.079 22.4345 8.7128 19(4).

41.9182 165.568 7.1967 8.7128 3.

63.5189 165.568 27.2419 8.7128 Subject
96.5719 165.568 7.76284 8.7128 to
110.065 165.568 38.1713 8.7128 paragraph
154.173 165.568 7.1967 8.7128 4,
167.156 165.568 11.7546 8.7128 the
184.675 165.568 23.4133 8.7128 issuer,
213.929 165.568 25.8314 8.7128 offeror
245.508 165.568 8.20424 8.7128 or
259.454 165.568 25.6107 8.7128 person

41.9182 176.113 23.989 8.7128 asking
69.2455 176.113 10.939 8.7128 for
83.4192 176.113 11.7546 8.7128 the
98.4996 176.113 38.0082 8.7128 admission
139.717 176.113 7.76284 8.7128 to
150.715 176.113 26.7237 8.7128 trading
180.764 176.113 9.96023 8.7128 on
193.973 176.113 4.07813 8.7128 a
201.343 176.113 34.4674 8.7128 regulated
239.272 176.113 26.3975 8.7128 market
268.923 176.113 16.1014 8.7128 may

41.9182 186.657 18.769 8.7128 draw
63.8019 186.657 9.86428 8.7128 up
76.7282 186.657 11.7546 8.7128 the
91.5821 186.657 40.6949 8.7128 prospectus
135.351 186.657 7.52295 8.7128 as
145.896 186.657 4.07813 8.7128 a
153.039 186.657 21.5517 8.7128 single
177.702 186.657 37.9602 8.7128 document
218.636 186.657 8.20424 8.7128 or
229.861 186.657 30.5812 8.7128 separate
263.651 186.657 21.427 8.7128 docu-

41.9182 197.202 24.9582 8.7128 ments.
71.9668 197.202 6.37148 8.7128 A
83.5324 197.202 40.6949 8.7128 prospectus
129.342 197.202 38.6223 8.7128 composed
172.94 197.202 7.67648 8.7128 of
185.697 197.202 30.5812 8.7128 separate
221.528 197.202 41.405 8.7128 documents
267.961 197.202 17.1665 8.7128 shall

41.9182 207.747 22.5209 8.7128 divide
67.8273 207.747 11.7546 8.7128 the
82.8511 207.747 31.0706 8.7128 required
117.435 207.747 45.1569 8.7128 information
165.795 207.747 15.1323 8.7128 into
184.164 207.747 4.07813 8.7128 a
191.535 207.747 42.758 8.7128 registration
237.685 207.747 40.0424 8.7128 document,
280.943 207.747 4.07813 8.7128 a

41.9182 218.291 34.429 8.7128 securities
79.6203 218.291 16.7347 8.7128 note
99.463 218.291 13.8369 8.7128 and
116.358 218.291 4.07813 8.7128 a
123.558 218.291 35.3214 8.7128 summary
161.94 218.291 18.817 8.7128 note.
183.825 218.291 14.1151 8.7128 The
201.173 218.291 42.758 8.7128 registration
247.153 218.291 37.9602 8.7128 document

41.9182 228.892 17.1665 8.7128 shall
62.4413 228.892 28.2015 8.7128 contain
94.0204 228.892 11.7546 8.7128 the
109.157 228.892 45.1569 8.7128 information
157.632 228.892 28.2686 8.7128 relating
189.437 228.892 7.76284 8.7128 to
200.492 228.892 11.7546 8.7128 the
215.686 228.892 23.4133 8.7128 issuer.
242.559 228.892 14.1151 8.7128 The
260.135 228.892 24.7566 8.7128 securi-

41.9182 239.437 12.5702 8.7128 ties
57.4525 239.437 16.7347 8.7128 note
77.0122 239.437 17.1665 8.7128 shall
97.0257 239.437 28.2015 8.7128 contain
128.094 239.437 11.7546 8.7128 the
142.779 239.437 45.1569 8.7128 information
190.799 239.437 41.9616 8.7128 concerning
235.758 239.437 11.7546 8.7128 the
250.442 239.437 34.429 8.7128 securities

41.9182 249.982 26.3207 8.7128 offered
72.2499 249.982 7.76284 8.7128 to
83.9287 249.982 11.7546 8.7128 the
99.7461 249.982 23.3365 8.7128 public
127.13 249.982 8.20424 8.7128 or
139.319 249.982 7.76284 8.7128 to
151.055 249.982 8.77038 8.7128 be
163.868 249.982 33.1432 8.7128 admitted
200.946 249.982 7.76284 8.7128 to
212.625 249.982 26.7237 8.7128 trading
243.41 249.982 9.96023 8.7128 on
257.357 249.982 4.07813 8.7128 a
265.464 249.982 19.4407 8.7128 regu-

41.9182 260.526 17.9246 8.7128 lated
62.7253 260.526 28.4797 8.7128 market.

41.9182 306.958 7.1967 8.7128 4.

63.5189 306.958 12.3975 8.7128 For
79.6769 306.958 11.7546 8.7128 the
95.2678 306.958 35.7916 8.7128 following
134.671 306.958 19.5942 8.7128 types
158.03 306.958 7.67648 8.7128 of
169.369 306.958 36.5113 8.7128 securities,
209.849 306.958 11.7546 8.7128 the
225.383 306.958 40.6949 8.7128 prospectus
269.832 306.958 15.1515 8.7128 can,

41.9182 317.503 6.89924 8.7128 at
53.4838 317.503 11.7546 8.7128 the
69.9249 317.503 24.1713 8.7128 choice
98.8393 317.503 7.67648 8.7128 of
111.029 317.503 11.7546 8.7128 the
127.47 317.503 23.4133 8.7128 issuer,
155.591 317.503 25.8314 8.7128 offeror
186.035 317.503 8.20424 8.7128 or
198.848 317.503 25.6107 8.7128 person
229.067 317.503 23.989 8.7128 asking
257.697 317.503 10.939 8.7128 for
273.232 317.503 11.7546 8.7128 the

41.9182 328.104 38.0082 8.7128 admission
84.0429 328.104 7.76284 8.7128 to
95.8915 328.104 26.7237 8.7128 trading
126.904 328.104 9.96023 8.7128 on
140.964 328.104 4.07813 8.7128 a
149.241 328.104 34.4674 8.7128 regulated
188.021 328.104 26.3975 8.7128 market
218.579 328.104 25.9945 8.7128 consist
248.684 328.104 7.67648 8.7128 of
260.476 328.104 4.07813 8.7128 a
268.753 328.104 16.2933 8.7128 base

41.9182 338.649 40.6949 8.7128 prospectus
86.7642 338.649 40.0232 8.7128 containing
130.986 338.649 8.74159 8.7128 all
143.799 338.649 29.8039 8.7128 relevant
177.817 338.649 45.1569 8.7128 information
227.028 338.649 41.9616 8.7128 concerning
273.235 338.649 11.7546 8.7128 the

41.9182 349.193 21.331 8.7128 issuer
66.4666 349.193 13.8369 8.7128 and
83.4182 349.193 11.7546 8.7128 the
98.3288 349.193 34.429 8.7128 securities
136.087 349.193 26.3207 8.7128 offered
165.512 349.193 7.76284 8.7128 to
176.341 349.193 11.7546 8.7128 the
191.308 349.193 23.3365 8.7128 public
217.841 349.193 8.20424 8.7128 or
229.18 349.193 7.76284 8.7128 to
240.009 349.193 8.77038 8.7128 be
251.972 349.193 33.1432 8.7128 admitted

41.9182 359.738 7.76284 8.7128 to
52.5204 359.738 26.7237 8.7128 trading
82.1717 359.738 9.96023 8.7128 on
94.9847 359.738 4.07813 8.7128 a
101.958 359.738 34.4674 8.7128 regulated
139.433 359.738 28.4797 8.7128 market:

42.7684 394.207 9.08703 8.7128 (a)
56.658 394.207 40.9348 8.7128 non-equity
104.565 394.207 36.5113 8.7128 securities,
148.107 394.207 35.1103 8.7128 including
190.174 394.207 32.6538 8.7128 warrants
229.747 394.207 7.36942 8.7128 in
244.034 394.207 13.4818 8.7128 any
264.444 394.207 20.6593 8.7128 form,

56.658 404.752 22.8087 8.7128 issued
82.3406 404.752 21.8492 8.7128 under
107.116 404.752 9.09663 8.7128 an
119.079 404.752 29.4489 8.7128 offering
151.452 404.752 46.2988 8.7128 programme;

42.088 439.278 9.82589 8.7128 (b)
56.658 439.278 40.9348 8.7128 non-equity
102.808 439.278 34.429 8.7128 securities
142.608 439.278 22.8087 8.7128 issued
170.558 439.278 7.36942 8.7128 in
183.143 439.278 4.07813 8.7128 a
192.384 439.278 42.259 8.7128 continuous
239.781 439.278 8.20424 8.7128 or
253.161 439.278 31.7518 8.7128 repeated

56.658 449.823 28.9691 8.7128 manner
88.5202 449.823 9.20218 8.7128 by
100.596 449.823 21.1007 8.7128 credit
124.692 449.823 44.3413 8.7128 institutions,

59.2095 472.33 7.35983 8.7128 (i)
71.3988 472.33 22.8375 8.7128 where
99.5196 472.33 11.7546 8.7128 the
116.528 472.33 19.4023 8.7128 sums
140.963 472.33 30.514 8.7128 deriving
176.851 472.33 18.5771 8.7128 from
200.492 472.33 11.7546 8.7128 the
217.444 472.33 18.0685 8.7128 issue
240.688 472.33 7.67648 8.7128 of
253.501 472.33 11.7546 8.7128 the
270.453 472.33 14.6141 8.7128 said

71.3988 482.875 36.5113 8.7128 securities,
110.972 482.875 21.8492 8.7128 under
135.748 482.875 30.6388 8.7128 national
169.255 482.875 40.1576 8.7128 legislation,
212.343 482.875 11.294 8.7128 are
226.63 482.875 24.0658 8.7128 placed
253.616 482.875 7.36942 8.7128 in
263.934 482.875 21.1871 8.7128 assets

71.3988 493.419 22.9719 8.7128 which
101.787 493.419 28.6237 8.7128 provide
137.788 493.419 34.2563 8.7128 sufficient
179.345 493.419 32.9993 8.7128 coverage
219.825 493.419 10.939 8.7128 for
238.024 493.419 11.7546 8.7128 the
257.13 493.419 27.8176 8.7128 liability

71.3988 503.964 30.514 8.7128 deriving
104.962 503.964 18.5771 8.7128 from
126.336 503.964 34.429 8.7128 securities
163.812 503.964 17.3968 8.7128 until
184.052 503.964 17.368 8.7128 their
204.462 503.964 32.2316 8.7128 maturity
239.613 503.964 17.6751 8.7128 date;

56.7722 526.471 9.71075 8.7128 (ii)
71.3997 526.471 24.9198 8.7128 where,
101.505 526.471 7.36942 8.7128 in
113.977 526.471 11.7546 8.7128 the
130.816 526.471 20.1316 8.7128 event
156.044 526.471 7.67648 8.7128 of
168.688 526.471 11.7546 8.7128 the
185.526 526.471 39.8025 8.7128 insolvency
230.372 526.471 7.67648 8.7128 of
243.015 526.471 11.7546 8.7128 the
259.853 526.471 25.1405 8.7128 related

71.3988 537.072 21.1007 8.7128 credit
98.6119 537.072 40.8964 8.7128 institution,
145.499 537.072 11.7546 8.7128 the
163.357 537.072 14.6141 8.7128 said
183.937 537.072 19.4023 8.7128 sums
209.28 537.072 11.294 8.7128 are
226.685 537.072 34.6785 8.7128 intended,
267.393 537.072 7.52295 8.7128 as
280.943 537.072 4.07813 8.7128 a

71.3988 547.617 30.4468 8.7128 priority,
106.663 547.617 7.76284 8.7128 to
119.078 547.617 20.6689 8.7128 repay
144.591 547.617 11.7546 8.7128 the
161.089 547.617 24.6223 8.7128 capital
190.457 547.617 13.8369 8.7128 and
208.939 547.617 27.6257 8.7128 interest
241.369 547.617 23.2981 8.7128 falling
269.319 547.617 15.6504 8.7128 due,

71.3988 558.162 29.4777 8.7128 without
104.678 558.162 34.381 8.7128 prejudice
143.004 558.162 7.76284 8.7128 to
154.456 558.162 11.7546 8.7128 the
170.047 558.162 39.1309 8.7128 provisions
212.909 558.162 7.67648 8.7128 of
224.305 558.162 33.5942 8.7128 Directive
261.837 558.162 23.2214 8.7128 2001/

71.3988 568.706 23.2789 8.7128 24/EC
98.7827 568.706 7.67648 8.7128 of
110.461 568.706 11.7546 8.7128 the
126.335 568.706 35.7724 8.7128 European
166.305 568.706 40.0712 8.7128 Parliament
210.471 568.706 13.8369 8.7128 and
228.386 568.706 7.67648 8.7128 of
240.064 568.706 11.7546 8.7128 the
255.938 568.706 29.1226 8.7128 Council

71.3988 579.251 7.67648 8.7128 of
82.4539 579.251 5.11445 8.7128 4
90.9575 579.251 19.3063 8.7128 April
113.806 579.251 20.4578 8.7128 2001
137.674 579.251 9.96023 8.7128 on
150.997 579.251 11.7546 8.7128 the
166.247 579.251 53.9752 8.7128 reorganisation
223.737 579.251 13.8369 8.7128 and
240.971 579.251 30.6196 8.7128 winding
275.158 579.251 9.86428 8.7128 up

71.3988 589.852 7.67648 8.7128 of
81.8868 589.852 21.1007 8.7128 credit
105.926 589.852 42.259 8.7128 institutions
150.544 589.852 2.50445 8.7128 (
153.036 589.384 2.86402 4.87905 1
155.871 589.858 4.5867 8.7128 ).

56.6582 624.328 14.1151 8.7128 The
76.7283 624.328 45.1569 8.7128 information
127.641 624.328 20.1604 8.7128 given
153.777 624.328 7.36942 8.7128 in
166.986 624.328 11.7546 8.7128 the
184.618 624.328 16.2933 8.7128 base
206.786 624.328 40.6949 8.7128 prospectus
253.276 624.328 17.1665 8.7128 shall
276.237 624.328 8.77038 8.7128 be

56.6582 634.872 54.7909 8.7128 supplemented,
115.281 634.872 5.08567 8.7128 if
124.238 634.872 37.5956 8.7128 necessary,
165.796 634.872 7.36942 8.7128 in
177.021 634.872 41.9903 8.7128 accordance
222.943 634.872 16.8403 8.7128 with
243.694 634.872 25.0637 8.7128 Article
272.721 634.872 12.3112 8.7128 16,

56.6582 645.417 16.8403 8.7128 with
77.1812 645.417 30.1974 8.7128 updated
111.028 645.417 45.1569 8.7128 information
159.728 645.417 9.96023 8.7128 on
173.278 645.417 11.7546 8.7128 the
188.699 645.417 21.331 8.7128 issuer
213.758 645.417 13.8369 8.7128 and
231.164 645.417 9.96023 8.7128 on
244.714 645.417 11.7546 8.7128 the
260.135 645.417 24.7566 8.7128 securi-

56.6582 655.962 12.5702 8.7128 ties
72.4189 655.962 7.76284 8.7128 to
83.2476 655.962 8.77038 8.7128 be
95.2104 655.962 26.3207 8.7128 offered
124.635 655.962 7.76284 8.7128 to
135.521 655.962 11.7546 8.7128 the
150.431 655.962 23.3365 8.7128 public
177.021 655.962 8.20424 8.7128 or
188.36 655.962 7.76284 8.7128 to
199.188 655.962 8.77038 8.7128 be
211.151 655.962 33.1432 8.7128 admitted
247.379 655.962 7.76284 8.7128 to
258.208 655.962 26.7237 8.7128 trading

56.6582 666.506 9.96023 8.7128 on
69.4145 666.506 4.07813 8.7128 a
76.4443 666.506 34.4674 8.7128 regulated
113.863 666.506 28.4797 8.7128 market.

56.6582 701.032 5.37354 8.7128 If
65.276 701.032 11.7546 8.7128 the
80.413 701.032 16.514 8.7128 final
100.256 701.032 21.1199 8.7128 terms
124.634 701.032 7.67648 8.7128 of
135.576 701.032 11.7546 8.7128 the
150.713 701.032 17.6271 8.7128 offer
171.634 701.032 11.294 8.7128 are
186.374 701.032 12.7813 8.7128 not
202.363 701.032 31.9821 8.7128 included
237.683 701.032 7.36942 8.7128 in
248.398 701.032 21.3214 8.7128 either
273.231 701.032 11.7546 8.7128 the

56.6582 711.577 16.2933 8.7128 base
77.1246 711.577 40.6949 8.7128 prospectus
122.027 711.577 8.20424 8.7128 or
134.443 711.577 4.07813 8.7128 a
142.72 711.577 46.0973 8.7128 supplement,
193.009 711.577 11.7546 8.7128 the
208.997 711.577 16.514 8.7128 final
229.634 711.577 21.1199 8.7128 terms
254.92 711.577 17.1665 8.7128 shall
276.237 711.577 8.77038 8.7128 be

56.6582 722.121 33.3639 8.7128 provided
97.9317 722.121 7.76284 8.7128 to
113.466 722.121 33.623 8.7128 investors
154.91 722.121 13.8369 8.7128 and
176.568 722.121 16.111 8.7128 filed
200.549 722.121 16.8403 8.7128 with
225.267 722.121 11.7546 8.7128 the
244.94 722.121 40.1096 8.7128 competent

56.6582 732.666 34.5154 8.7128 authority
94.8707 732.666 20.6401 8.7128 when
119.193 732.666 16.9842 8.7128 each
139.943 732.666 23.3365 8.7128 public
166.986 732.666 17.6271 8.7128 offer
188.19 732.666 5.79574 8.7128 is
197.601 732.666 20.4098 8.7128 made
221.64 732.666 7.52295 8.7128 as
232.808 732.666 18.3468 8.7128 soon
254.636 732.666 7.52295 8.7128 as
265.747 732.666 19.2008 8.7128 prac-

56.6582 743.211 24.3248 8.7128 ticable
85.1187 743.211 13.8369 8.7128 and
103.034 743.211 5.08567 8.7128 if
112.218 743.211 30.2741 8.7128 possible
146.461 743.211 7.36942 8.7128 in
157.97 743.211 30.2261 8.7128 advance
192.327 743.211 7.67648 8.7128 of
204.006 743.211 11.7546 8.7128 the
219.88 743.211 37.4324 8.7128 beginning
261.551 743.211 7.67648 8.7128 of
273.23 743.211 11.7546 8.7128 the

56.6582 753.755 19.7094 8.7128 offer.
79.3364 753.755 14.1151 8.7128 The
96.5711 753.755 39.1309 8.7128 provisions
138.639 753.755 7.67648 8.7128 of
149.241 753.755 25.0637 8.7128 Article
177.419 753.755 24.3248 8.7128 8(1)(a)
204.733 753.755 17.1665 8.7128 shall
224.803 753.755 8.77038 8.7128 be
236.651 753.755 37.893 8.7128 applicable
277.642 753.755 7.36942 8.7128 in

56.6582 764.356 13.4818 8.7128 any
73.0426 764.356 17.2721 8.7128 such
93.226 764.356 17.5312 8.7128 case.

310.643 76.895 7.1967 8.7128 5.
332.187 76.895 7.65729 8.7128 In
344.49 76.895 20.1604 8.7128 order
369.435 76.895 7.76284 8.7128 to
381.795 76.895 15.4969 8.7128 take
402.035 76.895 29.6792 8.7128 account
436.392 76.895 7.67648 8.7128 of
448.751 76.895 33.479 8.7128 technical
487.02 76.895 52.1713 8.7128 developments
543.829 76.895 9.96023 8.7128 on

310.643 87.4396 31.9342 8.7128 financial
347.778 87.4396 29.8423 8.7128 markets
382.702 87.4396 13.8369 8.7128 and
401.638 87.4396 7.76284 8.7128 to
414.508 87.4396 24.5072 8.7128 ensure
444.272 87.4396 30.8211 8.7128 uniform
480.217 87.4396 41.9232 8.7128 application
527.387 87.4396 7.67648 8.7128 of
540.086 87.4396 13.597 8.7128 this

310.643 97.9842 35.6764 8.7128 Directive,
349.876 97.9842 11.7546 8.7128 the
365.013 97.9842 47.4023 8.7128 Commission
415.528 97.9842 19.2488 8.7128 shall,
438.035 97.9842 7.36942 8.7128 in
448.807 97.9842 41.9903 8.7128 accordance
494.22 97.9842 16.8403 8.7128 with
514.46 97.9842 11.7546 8.7128 the
529.597 97.9842 24.0178 8.7128 proce-

310.643 108.529 16.8307 8.7128 dure
330.713 108.529 29.1226 8.7128 referred
363.143 108.529 7.76284 8.7128 to
374.028 108.529 7.36942 8.7128 in
384.629 108.529 25.0637 8.7128 Article
412.976 108.529 22.4345 8.7128 24(2),
438.602 108.529 21.5709 8.7128 adopt
463.265 108.529 52.5167 8.7128 implementing
518.996 108.529 34.6497 8.7128 measures

310.643 119.073 41.9616 8.7128 concerning
357.53 119.073 11.7546 8.7128 the
374.141 119.073 25.4763 8.7128 format
404.36 119.073 7.67648 8.7128 of
416.775 119.073 11.7546 8.7128 the
433.386 119.073 40.6949 8.7128 prospectus
478.913 119.073 8.20424 8.7128 or
491.895 119.073 16.2933 8.7128 base
513.042 119.073 40.6949 8.7128 prospectus

310.643 129.676 13.8369 8.7128 and
327.312 129.676 49.5421 8.7128 supplements.

416.772 182.363 22.7991 8.74159 Article
442.455 182.363 5.11445 8.74159 6

345.169 213.73 58.6867 8.90472 Responsibility
406.967 213.73 37.2117 8.90472 attaching
447.107 213.73 8.57847 8.90472 to
458.616 213.73 13.0212 8.90472 the
474.547 213.73 44.514 8.90472 prospectus

310.643 245.557 7.1967 8.7128 1.
332.187 245.557 31.1089 8.7128 Member
368.982 245.557 21.6381 8.7128 States
396.196 245.557 17.1665 8.7128 shall
418.874 245.557 24.5072 8.7128 ensure
449.036 245.557 14.7005 8.7128 that
469.332 245.557 50.4633 8.7128 responsibility
525.403 245.557 10.939 8.7128 for
541.901 245.557 11.7546 8.7128 the

310.643 256.101 45.1569 8.7128 information
358.778 256.101 20.1604 8.7128 given
382.193 256.101 7.36942 8.7128 in
392.681 256.101 4.07813 8.7128 a
399.881 256.101 40.6949 8.7128 prospectus
443.65 256.101 30.1494 8.7128 attaches
476.929 256.101 6.89924 8.7128 at
486.964 256.101 16.6292 8.7128 least
506.637 256.101 7.76284 8.7128 to
517.409 256.101 11.7546 8.7128 the
532.32 256.101 21.331 8.7128 issuer

310.643 266.703 8.20424 8.7128 or
323.456 266.703 8.61685 8.7128 its
336.665 266.703 55.3762 8.7128 administrative,
396.819 266.703 48.6497 8.7128 management
450.112 266.703 8.20424 8.7128 or
462.982 266.703 43.2953 8.7128 supervisory
511.002 266.703 26.3303 8.7128 bodies,
541.901 266.703 11.7546 8.7128 the

310.643 277.247 27.9136 8.7128 offeror,
342.959 277.247 11.7546 8.7128 the
359.23 277.247 25.6107 8.7128 person
389.336 277.247 23.989 8.7128 asking
417.796 277.247 10.939 8.7128 for
433.161 277.247 11.7546 8.7128 the
449.432 277.247 38.0082 8.7128 admission
491.783 277.247 7.76284 8.7128 to
503.972 277.247 26.7237 8.7128 trading
535.211 277.247 9.96023 8.7128 on
549.611 277.247 4.07813 8.7128 a

310.643 287.792 34.4674 8.7128 regulated
349.932 287.792 26.3975 8.7128 market
381.058 287.792 8.20424 8.7128 or
393.927 287.792 11.7546 8.7128 the
410.482 287.792 38.8718 8.7128 guarantor,
454.137 287.792 7.52295 8.7128 as
466.383 287.792 11.7546 8.7128 the
482.88 287.792 15.4489 8.7128 case
503.064 287.792 16.1014 8.7128 may
523.927 287.792 10.8526 8.7128 be.
539.518 287.792 14.1151 8.7128 The

310.643 298.336 29.0555 8.7128 persons
342.903 298.336 42.5085 8.7128 responsible
388.712 298.336 17.1665 8.7128 shall
409.065 298.336 8.77038 8.7128 be
421.141 298.336 24.3153 8.7128 clearly
448.865 298.336 35.0143 8.7128 identified
487.247 298.336 7.36942 8.7128 in
497.906 298.336 11.7546 8.7128 the
513.043 298.336 40.6949 8.7128 prospectus

310.643 308.881 9.20218 8.7128 by
323.683 308.881 17.368 8.7128 their
345.057 308.881 24.1329 8.7128 names
373.007 308.881 13.8369 8.7128 and
390.695 308.881 35.1775 8.7128 functions
429.645 308.881 10.2865 8.7128 or,
443.819 308.881 7.36942 8.7128 in
455.043 308.881 11.7546 8.7128 the
470.748 308.881 15.4489 8.7128 case
490.081 308.881 7.67648 8.7128 of
501.533 308.881 17.1473 8.7128 legal
522.623 308.881 31.1377 8.7128 persons,

310.643 319.426 17.368 8.7128 their
332.641 319.426 24.1329 8.7128 names
361.215 319.426 13.8369 8.7128 and
379.527 319.426 36.1946 8.7128 registered
420.461 319.426 26.2152 8.7128 offices,
451.19 319.426 7.52295 8.7128 as
463.153 319.426 15.305 8.7128 well
482.995 319.426 7.52295 8.7128 as
495.015 319.426 44.9938 8.7128 declarations
544.51 319.426 9.20218 8.7128 by

310.643 330.027 19.3927 8.7128 them
335.305 330.027 16.7827 8.7128 that,
357.416 330.027 7.76284 8.7128 to
370.399 330.027 11.7546 8.7128 the
387.464 330.027 15.0363 8.7128 best
407.76 330.027 7.67648 8.7128 of
420.63 330.027 17.368 8.7128 their
443.421 330.027 42.806 8.7128 knowledge,
491.556 330.027 11.7546 8.7128 the
508.621 330.027 45.1569 8.7128 information

310.643 340.572 36.8951 8.7128 contained
350.67 340.572 7.36942 8.7128 in
361.215 340.572 11.7546 8.7128 the
376.182 340.572 40.6949 8.7128 prospectus
420.007 340.572 5.79574 8.7128 is
428.965 340.572 7.36942 8.7128 in
439.509 340.572 41.9903 8.7128 accordance
484.751 340.572 16.8403 8.7128 with
504.822 340.572 11.7546 8.7128 the
519.732 340.572 17.0514 8.7128 facts
539.916 340.572 13.8369 8.7128 and

310.643 351.116 14.7005 8.7128 that
331.053 351.116 11.7546 8.7128 the
348.628 351.116 40.6949 8.7128 prospectus
395.061 351.116 23.7587 8.7128 makes
424.486 351.116 9.96023 8.7128 no
440.134 351.116 34.1315 8.7128 omission
479.877 351.116 19.9972 8.7128 likely
505.616 351.116 7.76284 8.7128 to
519.053 351.116 20.2947 8.7128 affect
545.133 351.116 8.61685 8.7128 its

310.643 361.661 28.0863 8.7128 import.

310.643 393.295 7.1967 8.7128 2.
332.187 393.295 31.1089 8.7128 Member
366.431 393.295 21.6381 8.7128 States
391.036 393.295 17.1665 8.7128 shall
411.163 393.295 24.5072 8.7128 ensure
438.83 393.295 14.7005 8.7128 that
456.518 393.295 17.368 8.7128 their
477.041 393.295 18.6251 8.7128 laws,
498.699 393.295 38.0849 8.7128 regulation
539.916 393.295 13.8369 8.7128 and

310.643 403.84 53.294 8.7128 administrative
370.967 403.84 39.1309 8.7128 provisions
417.003 403.84 9.96023 8.7128 on
433.898 403.84 15.3913 8.7128 civil
456.348 403.84 27.8176 8.7128 liability
491.216 403.84 20.7745 8.7128 apply
518.94 403.84 7.76284 8.7128 to
533.623 403.84 20.1412 8.7128 those

310.643 414.385 29.0555 8.7128 persons
342.505 414.385 42.5085 8.7128 responsible
387.862 414.385 10.939 8.7128 for
401.638 414.385 11.7546 8.7128 the
416.322 414.385 45.1569 8.7128 information
464.286 414.385 20.1604 8.7128 given
487.474 414.385 7.36942 8.7128 in
497.735 414.385 4.07813 8.7128 a
504.708 414.385 42.7772 8.7128 prospectus.

310.643 446.019 35.7532 8.7128 However,
349.593 446.019 31.1089 8.7128 Member
383.836 446.019 21.6381 8.7128 States
408.499 446.019 17.1665 8.7128 shall
428.682 446.019 24.5072 8.7128 ensure
456.349 446.019 14.7005 8.7128 that
474.095 446.019 9.96023 8.7128 no
487.077 446.019 15.3913 8.7128 civil
505.674 446.019 27.8176 8.7128 liability
536.629 446.019 17.1665 8.7128 shall

310.643 456.564 22.7512 8.7128 attach
338.99 456.564 7.76284 8.7128 to
352.256 456.564 13.4818 8.7128 any
371.306 456.564 25.6107 8.7128 person
402.431 456.564 21.3886 8.7128 solely
429.304 456.564 9.96023 8.7128 on
444.782 456.564 11.7546 8.7128 the
462.131 456.564 18.1357 8.7128 basis
485.772 456.564 7.67648 8.7128 of
498.925 456.564 11.7546 8.7128 the
516.331 456.564 37.4036 8.7128 summary,

310.643 467.109 35.1103 8.7128 including
349.649 467.109 13.4818 8.7128 any
366.941 467.109 40.2382 8.7128 translation
410.881 467.109 28.7292 8.7128 thereof,
443.537 467.109 23.0678 8.7128 unless
470.354 467.109 5.17203 8.7128 it
479.368 467.109 5.79574 8.7128 is
489.006 467.109 42.4413 8.7128 misleading,
535.326 467.109 18.318 8.7128 inac-

310.643 477.653 22.9623 8.7128 curate
337.176 477.653 8.20424 8.7128 or
348.855 477.653 45.1569 8.7128 inconsistent
397.442 477.653 20.6401 8.7128 when
421.594 477.653 16.0342 8.7128 read
441.21 477.653 31.1857 8.7128 together
475.965 477.653 16.8403 8.7128 with
496.375 477.653 11.7546 8.7128 the
511.626 477.653 19.9588 8.7128 other
535.098 477.653 18.5963 8.7128 parts

310.643 488.255 7.67648 8.7128 of
321.075 488.255 11.7546 8.7128 the
335.759 488.255 42.7772 8.7128 prospectus.

416.772 540.942 22.7991 8.74159 Article
442.455 540.942 5.11445 8.74159 7

386.158 572.309 39.8985 8.90472 Minimum
429.019 572.309 49.1007 8.90472 information

310.642 604.136 7.1967 8.7128 1.
332.186 604.136 30.7731 8.7128 Detailed
368.584 604.136 52.5167 8.7128 implementing
426.754 604.136 34.6497 8.7128 measures
467.064 604.136 35.5709 8.7128 regarding
508.451 604.136 11.7546 8.7128 the
525.8 604.136 27.7697 8.7128 specific

310.642 614.68 45.1569 8.7128 information
359.286 614.68 22.9719 8.7128 which
385.99 614.68 18.7786 8.7128 must
408.271 614.68 8.77038 8.7128 be
420.686 614.68 31.9821 8.7128 included
456.234 614.68 7.36942 8.7128 in
467.233 614.68 4.07813 8.7128 a
474.943 614.68 42.7772 8.7128 prospectus,
521.319 614.68 32.318 8.7128 avoiding

310.642 625.225 42.4701 8.7128 duplication
356.905 625.225 7.67648 8.7128 of
368.358 625.225 45.1569 8.7128 information
417.229 625.225 20.6401 8.7128 when
441.778 625.225 4.07813 8.7128 a
449.657 625.225 40.6949 8.7128 prospectus
494.163 625.225 5.79574 8.7128 is
503.801 625.225 38.6223 8.7128 composed
546.095 625.225 7.67648 8.7128 of

310.642 635.826 30.5812 8.7128 separate
345.963 635.826 43.4873 8.7128 documents,
394.04 635.826 17.1665 8.7128 shall
415.811 635.826 8.77038 8.7128 be
429.248 635.826 30.2645 8.7128 adopted
464.115 635.826 9.20218 8.7128 by
478.005 635.826 11.7546 8.7128 the
494.446 635.826 47.4023 8.7128 Commission
546.322 635.826 7.36942 8.7128 in

310.642 646.371 41.9903 8.7128 accordance
355.828 646.371 16.8403 8.7128 with
375.841 646.371 11.7546 8.7128 the
390.752 646.371 37.9506 8.7128 procedure
431.969 646.371 29.1226 8.7128 referred
464.342 646.371 7.76284 8.7128 to
475.17 646.371 7.36942 8.7128 in
485.715 646.371 25.0637 8.7128 Article
514.006 646.371 22.4345 8.7128 24(2).
539.518 646.371 14.1151 8.7128 The

310.642 656.915 14.6141 8.7128 first
329.124 656.915 10.2193 8.7128 set
343.185 656.915 7.67648 8.7128 of
354.637 656.915 52.5167 8.7128 implementing
411.105 656.915 34.6497 8.7128 measures
449.714 656.915 17.1665 8.7128 shall
470.691 656.915 8.77038 8.7128 be
483.391 656.915 30.2645 8.7128 adopted
517.465 656.915 9.20218 8.7128 by
530.504 656.915 5.11445 8.7128 1
539.518 656.915 14.1823 8.7128 July

310.642 667.46 22.5401 8.7128 2004.

310.642 699.095 7.1967 8.7128 2.
332.186 699.095 7.65729 8.7128 In
343.015 699.095 38.1041 8.7128 particular,
384.572 699.095 10.939 8.7128 for
398.689 699.095 11.7546 8.7128 the
413.713 699.095 42.5949 8.7128 elaboration
459.523 699.095 7.67648 8.7128 of
470.351 699.095 11.7546 8.7128 the
485.375 699.095 27.3379 8.7128 various
515.991 699.095 27.05 8.7128 models
546.096 699.095 7.67648 8.7128 of

310.642 709.639 50.1754 8.7128 prospectuses,
363.709 709.639 29.6792 8.7128 account
396.251 709.639 17.1665 8.7128 shall
416.208 709.639 8.77038 8.7128 be
427.887 709.639 20.5154 8.7128 taken
451.302 709.639 7.67648 8.7128 of
461.734 709.639 11.7546 8.7128 the
476.418 709.639 37.8738 8.7128 following:

311.436 734.244 9.08703 8.7128 (a)
325.325 734.244 11.7546 8.7128 the
343.977 734.244 27.3379 8.7128 various
378.164 734.244 19.5942 8.7128 types
404.584 734.244 7.67648 8.7128 of
418.984 734.244 45.1569 8.7128 information
470.917 734.244 26.3591 8.7128 needed
504.083 734.244 9.20218 8.7128 by
520.128 734.244 33.623 8.7128 investors

325.325 744.789 28.2686 8.7128 relating
358.209 744.789 7.76284 8.7128 to
370.454 744.789 23.0582 8.7128 equity
398.121 744.789 34.429 8.7128 securities
437.241 744.789 7.52295 8.7128 as
449.204 744.789 37.5764 8.7128 compared
491.328 744.789 16.8403 8.7128 with
512.702 744.789 40.9348 8.7128 non-equity

325.325 755.334 36.5113 8.7128 securities;
365.466 755.334 4.07813 8.7128 a
372.949 755.334 37.7875 8.7128 consistent
414.053 755.334 35.2926 8.7128 approach
452.889 755.334 17.1665 8.7128 shall
473.412 755.334 8.77038 8.7128 be
485.602 755.334 20.5154 8.7128 taken
509.526 755.334 16.8403 8.7128 with
529.823 755.334 23.7491 8.7128 regard

325.325 765.878 7.76284 8.7128 to
335.984 765.878 45.1569 8.7128 information
384.004 765.878 31.0706 8.7128 required
418.248 765.878 7.36942 8.7128 in
428.566 765.878 4.07813 8.7128 a
435.596 765.878 40.6949 8.7128 prospectus
479.251 765.878 10.939 8.7128 for
493.084 765.878 34.429 8.7128 securities
530.617 765.878 22.9719 8.7128 which

325.325 776.479 17.3968 8.7128 have
345.679 776.479 4.07813 8.7128 a
352.595 776.479 25.4571 8.7128 similar
380.942 776.479 36.7895 8.7128 economic
420.572 776.479 34.9184 8.7128 rationale,
458.388 776.479 28.3934 8.7128 notably
489.513 776.479 36.281 8.7128 derivative
528.86 776.479 24.7566 8.7128 securi-

325.325 787.024 14.6525 8.7128 ties;

41.9182 51.2759 45.0801 8.7128 31.12.2003

517.914 51.2759 4.55791 8.7128 L
525.397 51.2759 28.3358 8.7128 345/73

223.846 51.2759 27.5298 8.7128 Official
254.348 51.2759 27.098 8.7128 Journal
284.283 51.2759 7.67648 8.7128 of
294.771 51.2759 11.7546 8.7128 the
309.455 51.2759 35.7724 8.7128 European
348.235 51.2759 23.634 8.7128 Union

120.154 52.1989 9.8344 7.7447 EN

41.9182 787.733 2.22617 7.7447 (
44.1859 787.292 2.54582 4.33697 1
46.6804 787.733 2.22617 7.7447 )
53.2003 787.733 8.50381 7.7447 OJ
64.2552 787.733 4.05146 7.7447 L
70.9448 787.733 15.4894 7.7447 125,
88.9163 787.733 32.8297 7.7447 5.5.2001,
124.236 787.733 6.28617 7.7447 p.
133.136 787.733 10.9432 7.7447 15.

42.0882 76.9011 9.82589 8.7128 (b)
56.6582 76.9011 11.7546 8.7128 the
72.8728 76.9011 27.3379 8.7128 various
104.678 76.9011 19.5942 8.7128 types
128.717 76.9011 13.8369 8.7128 and
146.916 76.9011 52.7662 8.7128 characteristics
204.291 76.9011 7.67648 8.7128 of
216.311 76.9011 21.0719 8.7128 offers
241.71 76.9011 13.8369 8.7128 and
259.966 76.9011 25.1501 8.7128 admis-

56.6582 87.4457 19.2008 8.7128 sions
78.7127 87.4457 7.76284 8.7128 to
89.3149 87.4457 26.7237 8.7128 trading
119.023 87.4457 9.96023 8.7128 on
131.836 87.4457 4.07813 8.7128 a
138.866 87.4457 34.4674 8.7128 regulated
176.398 87.4457 26.3975 8.7128 market
205.709 87.4457 7.67648 8.7128 of
216.255 87.4457 40.9348 8.7128 non-equity
260.137 87.4457 24.7566 8.7128 securi-

56.6582 97.9903 14.6525 8.7128 ties.
77.0114 97.9903 14.1151 8.7128 The
96.7975 97.9903 45.1569 8.7128 information
147.539 97.9903 31.0706 8.7128 required
184.448 97.9903 7.36942 8.7128 in
197.487 97.9903 4.07813 8.7128 a
207.181 97.9903 40.6949 8.7128 prospectus
253.501 97.9903 17.1665 8.7128 shall
276.236 97.9903 8.77038 8.7128 be

56.6582 108.535 43.7176 8.7128 appropriate
107.57 108.535 18.5771 8.7128 from
133.026 108.535 11.7546 8.7128 the
151.848 108.535 20.122 8.7128 point
178.948 108.535 7.67648 8.7128 of
193.518 108.535 17.3776 8.7128 view
218.01 108.535 7.67648 8.7128 of
232.637 108.535 11.7546 8.7128 the
251.459 108.535 33.623 8.7128 investors

56.6582 119.079 38.8334 8.7128 concerned
99.0093 119.079 10.939 8.7128 for
113.353 119.079 40.9348 8.7128 non-equity
157.802 119.079 34.429 8.7128 securities
195.844 119.079 25.2652 8.7128 having
224.702 119.079 4.07813 8.7128 a
232.242 119.079 52.8718 8.7128 denomination

56.6582 129.682 12.2056 8.7128 per
71.8518 129.682 15.0651 8.7128 unit
89.8244 129.682 7.67648 8.7128 of
100.312 129.682 6.89924 8.7128 at
110.063 129.682 16.6292 8.7128 least
129.566 129.682 16.6292 8.7128 EUR
151.054 129.682 10.2289 8.7128 50
163.64 129.682 17.4256 8.7128 000;

42.8818 168.346 8.98148 8.7128 (c)
56.6582 168.346 11.7546 8.7128 the
72.4755 168.346 25.4763 8.7128 format
101.957 168.346 17.013 8.7128 used
122.991 168.346 13.8369 8.7128 and
140.792 168.346 11.7546 8.7128 the
156.666 168.346 45.1569 8.7128 information
205.764 168.346 31.0706 8.7128 required
241.085 168.346 7.36942 8.7128 in
252.537 168.346 32.4523 8.7128 prospec-

56.6582 178.891 18.5387 8.7128 tuses
78.1456 178.891 28.2686 8.7128 relating
109.498 178.891 7.76284 8.7128 to
120.157 178.891 40.9348 8.7128 non-equity
164.152 178.891 36.5113 8.7128 securities,
203.782 178.891 35.1103 8.7128 including
241.994 178.891 32.6538 8.7128 warrants
277.655 178.891 7.36942 8.7128 in

56.6582 189.435 13.4818 8.7128 any
73.0426 189.435 20.6593 8.7128 form,
96.5144 189.435 22.8087 8.7128 issued
122.197 189.435 21.8492 8.7128 under
146.973 189.435 9.09663 8.7128 an
158.936 189.435 29.4489 8.7128 offering
191.308 189.435 46.2988 8.7128 programme;

42.1448 228.1 9.74913 8.7128 (d)
56.6582 228.1 11.7546 8.7128 the
72.4755 228.1 25.4763 8.7128 format
101.957 228.1 17.013 8.7128 used
122.991 228.1 13.8369 8.7128 and
140.792 228.1 11.7546 8.7128 the
156.666 228.1 45.1569 8.7128 information
205.764 228.1 31.0706 8.7128 required
241.085 228.1 7.36942 8.7128 in
252.537 228.1 32.4523 8.7128 prospec-

56.6582 238.645 18.5387 8.7128 tuses
80.0167 238.645 28.2686 8.7128 relating
113.24 238.645 7.76284 8.7128 to
125.769 238.645 40.9348 8.7128 non-equity
171.635 238.645 36.5113 8.7128 securities,
213.136 238.645 7.36942 8.7128 in
225.381 238.645 8.38655 8.7128 so
238.534 238.645 10.0754 8.7128 far
253.501 238.645 7.52295 8.7128 as
265.86 238.645 19.1528 8.7128 these

56.6582 249.189 34.429 8.7128 securities
95.7209 249.189 11.294 8.7128 are
111.538 249.189 12.7813 8.7128 not
128.66 249.189 51.1254 8.7128 subordinated,
184.221 249.189 43.8903 8.7128 convertible,
232.639 249.189 52.1521 8.7128 exchangeable,

56.6582 259.734 26.1672 8.7128 subject
87.6702 259.734 7.76284 8.7128 to
100.256 259.734 46.2892 8.7128 subscription
151.338 259.734 8.20424 8.7128 or
164.377 259.734 40.8773 8.7128 acquisition
210.243 259.734 21.3118 8.7128 rights
236.437 259.734 8.20424 8.7128 or
249.476 259.734 23.039 8.7128 linked
277.313 259.734 7.76284 8.7128 to

56.6582 270.278 36.281 8.7128 derivative
97.2514 270.278 46.7306 8.7128 instruments,
147.994 270.278 22.8087 8.7128 issued
174.924 270.278 7.36942 8.7128 in
186.376 270.278 4.07813 8.7128 a
194.597 270.278 42.259 8.7128 continuous
240.86 270.278 8.20424 8.7128 or
253.163 270.278 31.7518 8.7128 repeated

56.6582 280.88 28.9691 8.7128 manner
88.577 280.88 9.20218 8.7128 by
100.653 280.88 26.7142 8.7128 entities
130.361 280.88 39.4475 8.7128 authorised
172.769 280.88 8.20424 8.7128 or
183.824 280.88 34.4674 8.7128 regulated
221.356 280.88 7.76284 8.7128 to
231.958 280.88 28 8.7128 operate
262.914 280.88 7.36942 8.7128 in
273.232 280.88 11.7546 8.7128 the

56.6582 291.424 31.9342 8.7128 financial
91.5257 291.424 29.8423 8.7128 markets
124.182 291.424 24.2097 8.7128 within
151.396 291.424 11.7546 8.7128 the
166.08 291.424 35.7724 8.7128 European
204.803 291.424 37.49 8.7128 Economic
245.169 291.424 19.7477 8.7128 Area;

42.8818 330.089 8.96229 8.7128 (e)
56.6582 330.089 11.7546 8.7128 the
73.1559 330.089 27.3379 8.7128 various
105.189 330.089 32.5291 8.7128 activities
142.608 330.089 13.8369 8.7128 and
161.033 330.089 14.048 8.7128 size
179.856 330.089 7.67648 8.7128 of
192.102 330.089 11.7546 8.7128 the
208.6 330.089 23.4133 8.7128 issuer,
236.777 330.089 7.36942 8.7128 in
248.853 330.089 36.0219 8.7128 particular

56.6582 340.633 22.185 8.7128 SMEs.
81.8303 340.633 12.3975 8.7128 For
97.2514 340.633 17.2721 8.7128 such
117.548 340.633 40.3879 8.7128 companies
160.92 340.633 11.7546 8.7128 the
175.661 340.633 45.1569 8.7128 information
223.737 340.633 17.1665 8.7128 shall
243.864 340.633 8.77038 8.7128 be
255.656 340.633 29.4009 8.7128 adapted

56.6582 351.178 7.76284 8.7128 to
68.1105 351.178 17.368 8.7128 their
89.3139 351.178 14.048 8.7128 size
107.116 351.178 15.9191 8.7128 and,
126.732 351.178 22.8375 8.7128 where
153.436 351.178 46.0215 8.7128 appropriate,
203.157 351.178 7.76284 8.7128 to
214.609 351.178 17.368 8.7128 their
235.813 351.178 26.6662 8.7128 shorter
266.258 351.178 18.7786 8.7128 track

56.6582 361.722 26.2152 8.7128 record;

44.1858 400.387 7.74365 8.7128 (f)
56.6582 400.387 5.08567 8.7128 if
64.6523 400.387 39.9753 8.7128 applicable,
107.627 400.387 11.7546 8.7128 the
122.311 400.387 23.3365 8.7128 public
148.561 400.387 24.0082 8.7128 nature
175.548 400.387 7.67648 8.7128 of
185.979 400.387 11.7546 8.7128 the
200.663 400.387 23.4133 8.7128 issuer.

41.9184 453.112 7.1967 8.7128 3.

63.519 453.112 14.1151 8.7128 The
82.3417 453.112 52.5167 8.7128 implementing
139.49 453.112 34.6497 8.7128 measures
178.779 453.112 29.1226 8.7128 referred
212.683 453.112 7.76284 8.7128 to
224.985 453.112 7.36942 8.7128 in
236.947 453.112 38.1713 8.7128 paragraph
279.922 453.112 5.11445 8.7128 1

41.9184 463.657 17.1665 8.7128 shall
63.6322 463.657 8.77038 8.7128 be
77.0123 463.657 21.0336 8.7128 based
102.582 463.657 9.96023 8.7128 on
117.038 463.657 11.7546 8.7128 the
133.423 463.657 35.6285 8.7128 standards
173.45 463.657 7.36942 8.7128 in
185.469 463.657 11.7546 8.7128 the
201.797 463.657 16.111 8.7128 field
222.491 463.657 7.67648 8.7128 of
234.681 463.657 31.9342 8.7128 financial
271.248 463.657 13.8369 8.7128 and

41.9184 474.201 49.8108 8.7128 non-financial
97.309 474.201 45.1569 8.7128 information
147.994 474.201 10.2193 8.7128 set
163.811 474.201 12.6374 8.7128 out
181.954 474.201 9.20218 8.7128 by
196.751 474.201 48.0452 8.7128 international
250.441 474.201 34.429 8.7128 securities

41.9184 484.746 45.7422 8.7128 commission
91.0728 484.746 52.2864 8.7128 organisations,
146.861 484.746 13.8369 8.7128 and
164.209 484.746 7.36942 8.7128 in
175.151 484.746 36.0219 8.7128 particular
214.838 484.746 9.20218 8.7128 by
227.594 484.746 26.7429 8.7128 IOSCO
257.813 484.746 13.8369 8.7128 and
275.105 484.746 9.96023 8.7128 on

41.9184 495.29 11.7546 8.7128 the
56.6025 495.29 36.0219 8.7128 indicative
95.6652 495.29 32.2412 8.7128 Annexes
130.872 495.29 7.76284 8.7128 to
141.417 495.29 13.597 8.7128 this
157.915 495.29 35.6764 8.7128 Directive.

148.104 590.214 22.7991 8.74159 Article
173.787 590.214 5.11445 8.74159 8

112.218 642.671 39.1117 8.90472 Omission
154.286 642.671 8.39615 8.90472 of
165.568 642.671 49.1007 8.90472 information

41.9184 695.588 7.1967 8.7128 1.

63.519 695.588 31.1089 8.7128 Member
100.143 695.588 21.6381 8.7128 States
127.187 695.588 17.1665 8.7128 shall
149.694 695.588 24.5072 8.7128 ensure
179.743 695.588 14.7005 8.7128 that
199.87 695.588 22.8375 8.7128 where
228.274 695.588 11.7546 8.7128 the
245.508 695.588 16.514 8.7128 final
267.449 695.588 17.6271 8.7128 offer

41.9184 706.133 18.5291 8.7128 price
65.3902 706.133 13.8369 8.7128 and
83.9855 706.133 29.3721 8.7128 amount
118.059 706.133 7.67648 8.7128 of
130.419 706.133 34.429 8.7128 securities
169.764 706.133 22.9719 8.7128 which
197.658 706.133 13.7025 8.7128 will
216.14 706.133 8.77038 8.7128 be
229.69 706.133 26.3207 8.7128 offered
260.758 706.133 7.76284 8.7128 to
273.231 706.133 11.7546 8.7128 the

41.9184 716.677 23.3365 8.7128 public
68.2247 716.677 25.8505 8.7128 cannot
96.9127 716.677 8.77038 8.7128 be
108.591 716.677 31.9821 8.7128 included
143.459 716.677 7.36942 8.7128 in
153.721 716.677 11.7546 8.7128 the
168.405 716.677 42.7772 8.7128 prospectus:

42.7685 755.342 9.08703 8.7128 (a)
56.6582 755.342 11.7546 8.7128 the
71.2857 755.342 28.1343 8.7128 criteria,
102.524 755.342 24.8046 8.7128 and/or
130.135 755.342 11.7546 8.7128 the
144.762 755.342 39.601 8.7128 conditions
187.113 755.342 7.36942 8.7128 in
197.318 755.342 41.9903 8.7128 accordance
242.221 755.342 16.8403 8.7128 with
261.95 755.342 22.9719 8.7128 which

56.6582 765.886 11.7546 8.7128 the
72.8162 765.886 22.1754 8.7128 above
99.4056 765.886 33.1144 8.7128 elements
136.881 765.886 13.7025 8.7128 will
154.91 765.886 8.77038 8.7128 be
168.12 765.886 42.4317 8.7128 determined
214.95 765.886 10.2865 8.7128 or,
229.634 765.886 7.36942 8.7128 in
241.426 765.886 11.7546 8.7128 the
257.584 765.886 15.4489 8.7128 case
277.427 765.886 7.67648 8.7128 of

56.6582 776.487 20.6113 8.7128 price,
81.0934 776.487 11.7546 8.7128 the
96.5144 776.487 38.6991 8.7128 maximum
138.866 776.487 20.6113 8.7128 price,
163.301 776.487 11.294 8.7128 are
178.325 776.487 33.9204 8.7128 disclosed
215.744 776.487 7.36942 8.7128 in
226.799 776.487 11.7546 8.7128 the
242.22 776.487 42.7772 8.7128 prospectus;

56.6582 787.032 8.20424 8.7128 or

310.757 76.8934 9.82589 8.7128 (b)
325.327 76.8934 11.7546 8.7128 the
339.955 76.8934 44.2549 8.7128 acceptances
387.125 76.8934 7.67648 8.7128 of
397.556 76.8934 11.7546 8.7128 the
412.126 76.8934 33.5558 8.7128 purchase
448.637 76.8934 8.20424 8.7128 or
459.636 76.8934 46.2892 8.7128 subscription
508.734 76.8934 7.67648 8.7128 of
519.109 76.8934 34.429 8.7128 securities

325.327 87.438 16.1014 8.7128 may
344.433 87.438 8.77038 8.7128 be
356.225 87.438 40.6278 8.7128 withdrawn
399.88 87.438 10.939 8.7128 for
413.771 87.438 12.7813 8.7128 not
429.475 87.438 13.1748 8.7128 less
445.576 87.438 16.8979 8.7128 than
465.476 87.438 14.451 8.7128 two
482.825 87.438 31.3584 8.7128 working
517.238 87.438 16.6484 8.7128 days
536.798 87.438 16.8499 8.7128 after

325.327 97.9826 11.7546 8.7128 the
340.408 97.9826 16.514 8.7128 final
360.194 97.9826 17.6271 8.7128 offer
381.114 97.9826 18.5291 8.7128 price
403.112 97.9826 13.8369 8.7128 and
420.177 97.9826 29.3721 8.7128 amount
452.776 97.9826 7.67648 8.7128 of
463.661 97.9826 34.429 8.7128 securities
501.533 97.9826 22.9719 8.7128 which
527.896 97.9826 13.7025 8.7128 will
544.904 97.9826 8.77038 8.7128 be

325.327 108.527 26.3207 8.7128 offered
354.525 108.527 7.76284 8.7128 to
365.069 108.527 11.7546 8.7128 the
379.754 108.527 23.3365 8.7128 public
406.06 108.527 17.3968 8.7128 have
426.413 108.527 17.7423 8.7128 been
447.107 108.527 18.1933 8.7128 filed.

310.644 170.606 14.1151 8.7128 The
327.709 170.606 16.514 8.7128 final
347.099 170.606 17.6271 8.7128 offer
367.622 170.606 18.5291 8.7128 price
389.222 170.606 13.8369 8.7128 and
405.891 170.606 29.3721 8.7128 amount
438.094 170.606 7.67648 8.7128 of
448.639 170.606 34.429 8.7128 securities
486.115 170.606 17.1665 8.7128 shall
506.129 170.606 8.77038 8.7128 be
517.807 170.606 16.111 8.7128 filed
536.8 170.606 16.8403 8.7128 with

310.644 181.151 11.7546 8.7128 the
329.013 181.151 40.1096 8.7128 competent
375.616 181.151 34.5154 8.7128 authority
416.776 181.151 7.67648 8.7128 of
430.95 181.151 11.7546 8.7128 the
449.319 181.151 21.5133 8.7128 home
477.383 181.151 31.1089 8.7128 Member
515.142 181.151 18.1933 8.7128 State
539.918 181.151 13.8369 8.7128 and

310.644 191.695 36.4825 8.7128 published
350.331 191.695 7.36942 8.7128 in
360.933 191.695 41.9903 8.7128 accordance
406.232 191.695 16.8403 8.7128 with
426.302 191.695 11.7546 8.7128 the
441.326 191.695 50.9814 8.7128 arrangements
495.64 191.695 33.3639 8.7128 provided
532.207 191.695 10.939 8.7128 for
546.325 191.695 7.36942 8.7128 in

310.644 202.296 25.0637 8.7128 Article
338.708 202.296 22.4345 8.7128 14(2).

310.644 264.318 7.1967 8.7128 2.
332.188 264.318 14.1151 8.7128 The
349.707 264.318 40.1096 8.7128 competent
393.079 264.318 34.5154 8.7128 authority
430.951 264.318 7.67648 8.7128 of
441.836 264.318 11.7546 8.7128 the
456.86 264.318 21.5133 8.7128 home
481.636 264.318 31.1089 8.7128 Member
516.106 264.318 18.1933 8.7128 State
537.593 264.318 16.1014 8.7128 may

310.644 274.863 34.7073 8.7128 authorise
348.573 274.863 11.7546 8.7128 the
363.596 274.863 34.1315 8.7128 omission
400.731 274.863 18.5771 8.7128 from
422.445 274.863 11.7546 8.7128 the
437.413 274.863 40.6949 8.7128 prospectus
481.294 274.863 7.67648 8.7128 of
492.066 274.863 25.4571 8.7128 certain
520.811 274.863 32.9225 8.7128 informa-

310.644 285.464 15.1323 8.7128 tion
331.167 285.464 33.3639 8.7128 provided
370.003 285.464 10.939 8.7128 for
386.331 285.464 7.36942 8.7128 in
399.144 285.464 13.597 8.7128 this
418.193 285.464 33.5942 8.7128 Directive
457.426 285.464 8.20424 8.7128 or
471.033 285.464 7.36942 8.7128 in
483.902 285.464 11.7546 8.7128 the
501.137 285.464 52.5167 8.7128 implementing

310.644 296.009 34.6497 8.7128 measures
348.176 296.009 29.1226 8.7128 referred
380.379 296.009 7.76284 8.7128 to
390.924 296.009 7.36942 8.7128 in
401.242 296.009 25.0637 8.7128 Article
429.306 296.009 17.3201 8.7128 7(1),
449.433 296.009 5.08567 8.7128 if
457.427 296.009 5.17203 8.7128 it
465.534 296.009 35.1295 8.7128 considers
503.463 296.009 16.7827 8.7128 that:

311.438 340.91 9.08703 8.7128 (a)
325.327 340.91 37.3173 8.7128 disclosure
367.338 340.91 7.67648 8.7128 of
379.64 340.91 17.2721 8.7128 such
401.581 340.91 45.1569 8.7128 information
451.359 340.91 23.5764 8.7128 would
479.536 340.91 8.77038 8.7128 be
493.03 340.91 31.7422 8.7128 contrary
529.541 340.91 7.76284 8.7128 to
541.9 340.91 11.7546 8.7128 the

325.327 351.454 23.3365 8.7128 public
351.634 351.454 29.708 8.7128 interest;
384.29 351.454 8.20424 8.7128 or

310.757 396.355 9.82589 8.7128 (b)
325.327 396.355 37.3173 8.7128 disclosure
367.735 396.355 7.67648 8.7128 of
380.435 396.355 17.2721 8.7128 such
402.829 396.355 45.1569 8.7128 information
453.004 396.355 23.5764 8.7128 would
481.635 396.355 8.77038 8.7128 be
495.524 396.355 32.9897 8.7128 seriously
533.624 396.355 20.026 8.7128 detri-

325.327 406.9 25.841 8.7128 mental
354.412 406.9 7.76284 8.7128 to
365.41 406.9 11.7546 8.7128 the
380.49 406.9 23.4133 8.7128 issuer,
407.251 406.9 33.3639 8.7128 provided
443.933 406.9 14.7005 8.7128 that
461.905 406.9 11.7546 8.7128 the
476.986 406.9 34.1315 8.7128 omission
514.234 406.9 23.5764 8.7128 would
540.994 406.9 12.7813 8.7128 not

325.327 417.444 8.77038 8.7128 be
339.047 417.444 19.9972 8.7128 likely
363.936 417.444 7.76284 8.7128 to
376.522 417.444 28.5373 8.7128 mislead
409.915 417.444 11.7546 8.7128 the
426.584 417.444 23.3365 8.7128 public
454.875 417.444 16.8403 8.7128 with
476.645 417.444 23.7491 8.7128 regard
505.446 417.444 7.76284 8.7128 to
518.032 417.444 17.0514 8.7128 facts
539.916 417.444 13.8369 8.7128 and

325.327 427.989 52.8046 8.7128 circumstances
382.363 427.989 31.3968 8.7128 essential
417.91 427.989 10.939 8.7128 for
432.934 427.989 9.09663 8.7128 an
446.2 427.989 34.6401 8.7128 informed
484.923 427.989 41.2419 8.7128 assessment
530.166 427.989 7.67648 8.7128 of
541.901 427.989 11.7546 8.7128 the

325.327 438.533 23.4133 8.7128 issuer,
355.148 438.533 25.8314 8.7128 offeror
387.238 438.533 8.20424 8.7128 or
401.695 438.533 38.8718 8.7128 guarantor,
446.994 438.533 5.08567 8.7128 if
458.389 438.533 15.5641 8.7128 any,
480.273 438.533 13.8369 8.7128 and
500.343 438.533 7.67648 8.7128 of
514.233 438.533 11.7546 8.7128 the
532.319 438.533 21.3118 8.7128 rights

325.327 449.135 31.4448 8.7128 attached
361.045 449.135 7.76284 8.7128 to
372.894 449.135 11.7546 8.7128 the
388.882 449.135 34.429 8.7128 securities
427.661 449.135 7.76284 8.7128 to
439.567 449.135 22.9719 8.7128 which
466.836 449.135 11.7546 8.7128 the
482.825 449.135 40.6949 8.7128 prospectus
527.727 449.135 25.9273 8.7128 relates;

325.327 459.679 8.20424 8.7128 or

311.551 504.58 8.98148 8.7128 (c)
325.327 504.58 17.2721 8.7128 such
345.624 504.58 45.1569 8.7128 information
393.702 504.58 5.79574 8.7128 is
402.489 504.58 7.67648 8.7128 of
413.035 504.58 23.2118 8.7128 minor
439.228 504.58 43.0267 8.7128 importance
485.265 504.58 16.6772 8.7128 only
504.881 504.58 10.939 8.7128 for
518.772 504.58 4.07813 8.7128 a
525.801 504.58 27.7697 8.7128 specific

325.327 515.124 17.6271 8.7128 offer
346.474 515.124 8.20424 8.7128 or
358.266 515.124 38.0082 8.7128 admission
399.71 515.124 7.76284 8.7128 to
410.993 515.124 26.7237 8.7128 trading
441.325 515.124 9.96023 8.7128 on
454.761 515.124 4.07813 8.7128 a
462.471 515.124 34.4674 8.7128 regulated
500.627 515.124 26.3975 8.7128 market
530.563 515.124 13.8369 8.7128 and
547.912 515.124 5.79574 8.7128 is

325.327 525.669 12.7813 8.7128 not
342.335 525.669 17.2721 8.7128 such
363.936 525.669 7.52295 8.7128 as
375.728 525.669 13.7025 8.7128 will
393.701 525.669 34.2083 8.7128 influence
432.253 525.669 11.7546 8.7128 the
448.354 525.669 41.2419 8.7128 assessment
493.767 525.669 7.67648 8.7128 of
505.616 525.669 11.7546 8.7128 the
521.718 525.669 31.9342 8.7128 financial

325.327 536.214 30.8594 8.7128 position
359.117 536.214 13.8369 8.7128 and
375.956 536.214 35.8204 8.7128 prospects
414.735 536.214 7.67648 8.7128 of
425.337 536.214 11.7546 8.7128 the
440.135 536.214 23.4133 8.7128 issuer,
466.611 536.214 25.8314 8.7128 offeror
495.412 536.214 8.20424 8.7128 or
506.638 536.214 38.8718 8.7128 guarantor,
548.593 536.214 5.08567 8.7128 if

325.327 546.758 15.5641 8.7128 any.

310.644 608.837 7.1967 8.7128 3.
332.188 608.837 31.5983 8.7128 Without
367.793 608.837 34.381 8.7128 prejudice
406.345 608.837 7.76284 8.7128 to
417.967 608.837 11.7546 8.7128 the
433.728 608.837 33.172 8.7128 adequate
470.976 608.837 45.1569 8.7128 information
520.072 608.837 7.67648 8.7128 of
531.637 608.837 22.0507 8.7128 inves-

310.644 619.382 16.5524 8.7128 tors,
333.549 619.382 24.9198 8.7128 where,
365.071 619.382 51.6915 8.7128 exceptionally,
423.297 619.382 25.4571 8.7128 certain
455.273 619.382 45.1569 8.7128 information
506.809 619.382 31.0706 8.7128 required
544.511 619.382 9.20218 8.7128 by

310.644 629.926 52.5167 8.7128 implementing
370.003 629.926 34.6497 8.7128 measures
411.561 629.926 29.1226 8.7128 referred
447.618 629.926 7.76284 8.7128 to
462.188 629.926 7.36942 8.7128 in
476.362 629.926 25.0637 8.7128 Article
508.394 629.926 15.2378 8.7128 7(1)
530.391 629.926 7.76284 8.7128 to
544.904 629.926 8.77038 8.7128 be

310.644 640.527 31.9821 8.7128 included
346.079 640.527 7.36942 8.7128 in
356.907 640.527 4.07813 8.7128 a
364.504 640.527 40.6949 8.7128 prospectus
408.613 640.527 5.79574 8.7128 is
417.911 640.527 51.087 8.7128 inappropriate
472.622 640.527 7.76284 8.7128 to
483.79 640.527 11.7546 8.7128 the
499.04 640.527 26.5222 8.7128 issuer's
529.032 640.527 24.5839 8.7128 sphere

310.644 651.072 7.67648 8.7128 of
321.416 651.072 27.1651 8.7128 activity
351.918 651.072 8.20424 8.7128 or
363.37 651.072 7.76284 8.7128 to
374.255 651.072 11.7546 8.7128 the
389.279 651.072 17.1473 8.7128 legal
409.689 651.072 18.5771 8.7128 form
431.346 651.072 7.67648 8.7128 of
442.175 651.072 11.7546 8.7128 the
457.199 651.072 21.331 8.7128 issuer
481.805 651.072 8.20424 8.7128 or
493.2 651.072 7.76284 8.7128 to
504.086 651.072 11.7546 8.7128 the
519.109 651.072 34.429 8.7128 securities

310.644 661.617 7.76284 8.7128 to
322.833 661.617 22.9719 8.7128 which
350.444 661.617 11.7546 8.7128 the
366.715 661.617 40.6949 8.7128 prospectus
411.901 661.617 25.9273 8.7128 relates,
442.402 661.617 11.7546 8.7128 the
458.73 661.617 40.6949 8.7128 prospectus
503.916 661.617 17.1665 8.7128 shall
525.516 661.617 28.2015 8.7128 contain

310.644 672.161 45.1569 8.7128 information
359.629 672.161 38.44 8.7128 equivalent
402.093 672.161 7.76284 8.7128 to
413.715 672.161 11.7546 8.7128 the
429.419 672.161 31.0706 8.7128 required
464.627 672.161 47.2391 8.7128 information.
515.709 672.161 5.37354 8.7128 If
524.894 672.161 18.9705 8.7128 there
547.912 672.161 5.79574 8.7128 is

310.644 682.706 9.96023 8.7128 no
323.4 682.706 17.2721 8.7128 such
343.584 682.706 47.2391 8.7128 information,
393.646 682.706 13.597 8.7128 this
410.087 682.706 46.0368 8.7128 requirement
458.958 682.706 17.1665 8.7128 shall
478.972 682.706 12.7813 8.7128 not
494.506 682.706 22.8567 8.7128 apply.

310.644 744.785 7.1967 8.7128 4.
332.188 744.785 7.65729 8.7128 In
344.491 744.785 20.1604 8.7128 order
369.436 744.785 7.76284 8.7128 to
381.795 744.785 15.4969 8.7128 take
402.035 744.785 29.6792 8.7128 account
436.393 744.785 7.67648 8.7128 of
448.752 744.785 33.479 8.7128 technical
487.021 744.785 52.1713 8.7128 developments
543.83 744.785 9.96023 8.7128 on

310.644 755.329 31.9342 8.7128 financial
347.779 755.329 29.8423 8.7128 markets
382.703 755.329 13.8369 8.7128 and
401.639 755.329 7.76284 8.7128 to
414.509 755.329 24.5072 8.7128 ensure
444.273 755.329 30.8211 8.7128 uniform
480.218 755.329 41.9232 8.7128 application
527.388 755.329 7.67648 8.7128 of
540.087 755.329 13.597 8.7128 this

310.644 765.874 35.6764 8.7128 Directive,
349.877 765.874 11.7546 8.7128 the
365.014 765.874 47.4023 8.7128 Commission
415.529 765.874 19.2488 8.7128 shall,
438.036 765.874 7.36942 8.7128 in
448.808 765.874 41.9903 8.7128 accordance
494.221 765.874 16.8403 8.7128 with
514.461 765.874 11.7546 8.7128 the
529.598 765.874 24.0178 8.7128 proce-

310.644 776.475 16.8307 8.7128 dure
330.714 776.475 29.1226 8.7128 referred
363.144 776.475 7.76284 8.7128 to
374.029 776.475 7.36942 8.7128 in
384.63 776.475 25.0637 8.7128 Article
412.977 776.475 22.4345 8.7128 24(2),
438.603 776.475 21.5709 8.7128 adopt
463.266 776.475 52.5167 8.7128 implementing
518.997 776.475 34.6497 8.7128 measures

310.644 787.02 41.9616 8.7128 concerning
355.603 787.02 38.1713 8.7128 paragraph
396.877 787.02 7.1967 8.7128 2.

508.727 51.2759 45.0801 8.7128 31.12.2003

41.916 51.2759 4.55791 8.7128 L
49.3996 51.2759 28.3358 8.7128 345/74

223.846 51.2759 27.5298 8.7128 Official
254.347 51.2759 27.098 8.7128 Journal
284.283 51.2759 7.67648 8.7128 of
294.771 51.2759 11.7546 8.7128 the
309.455 51.2759 35.7724 8.7128 European
348.234 51.2759 23.634 8.7128 Union

120.154 52.1989 9.8344 7.7447 EN

148.104 76.9203 22.7991 8.74159 Article
173.787 76.9203 5.11445 8.74159 9

41.9181 105.849 32.0877 8.90472 Validity
77.9189 105.849 8.39615 8.90472 of
90.2214 105.849 4.23166 8.90472 a
98.3287 105.849 46.5962 8.90472 prospectus,
148.9 105.849 17.6943 8.90472 base
170.444 105.849 44.514 8.90472 prospectus
218.975 105.849 14.806 8.90472 and
237.628 105.849 47.2967 8.90472 registration

142.889 116.394 41.1076 8.90472 document

41.9181 145.726 7.1967 8.7128 1.

63.5188 145.726 6.37148 8.7128 A
73.2132 145.726 40.6949 8.7128 prospectus
117.208 145.726 17.1665 8.7128 shall
137.618 145.726 8.77038 8.7128 be
149.751 145.726 17.8862 8.7128 valid
170.954 145.726 10.939 8.7128 for
185.128 145.726 10.2289 8.7128 12
198.621 145.726 28.8444 8.7128 months
230.654 145.726 16.8499 8.7128 after
250.837 145.726 8.61685 8.7128 its
262.744 145.726 22.2618 8.7128 publi-

41.9181 156.27 23.183 8.7128 cation
69.4153 156.27 10.939 8.7128 for
84.609 156.27 21.0719 8.7128 offers
109.894 156.27 7.76284 8.7128 to
121.857 156.27 11.7546 8.7128 the
137.959 156.27 23.3365 8.7128 public
165.626 156.27 8.20424 8.7128 or
178.098 156.27 41.453 8.7128 admissions
223.681 156.27 7.76284 8.7128 to
235.644 156.27 26.7237 8.7128 trading
266.769 156.27 9.96023 8.7128 on
280.943 156.27 4.07813 8.7128 a

41.9181 166.815 34.4674 8.7128 regulated
79.6768 166.815 28.4797 8.7128 market,
111.313 166.815 33.3639 8.7128 provided
147.824 166.815 14.7005 8.7128 that
165.682 166.815 11.7546 8.7128 the
180.649 166.815 40.6949 8.7128 prospectus
224.474 166.815 5.79574 8.7128 is
233.432 166.815 39.342 8.7128 completed
275.84 166.815 9.20218 8.7128 by

41.9181 177.359 13.4818 8.7128 any
58.3026 177.359 47.4598 8.7128 supplements
108.591 177.359 31.0706 8.7128 required
142.778 177.359 33.3639 8.7128 pursuant
179.007 177.359 7.76284 8.7128 to
189.609 177.359 25.0637 8.7128 Article
217.673 177.359 12.3112 8.7128 16.

41.9181 206.499 7.1967 8.7128 2.

63.5188 206.499 7.65729 8.7128 In
79.3928 206.499 11.7546 8.7128 the
99.4054 206.499 15.4489 8.7128 case
123.16 206.499 7.67648 8.7128 of
138.978 206.499 9.09663 8.7128 an
156.326 206.499 29.4489 8.7128 offering
194.084 206.499 46.2988 8.7128 programme,
248.681 206.499 11.7546 8.7128 the
268.75 206.499 16.2933 8.7128 base

41.9181 217.1 42.7772 8.7128 prospectus,
87.8983 217.1 38.9198 8.7128 previously
130.08 217.1 18.1933 8.7128 filed,
151.397 217.1 17.1665 8.7128 shall
171.694 217.1 8.77038 8.7128 be
183.657 217.1 17.8862 8.7128 valid
204.69 217.1 10.939 8.7128 for
218.807 217.1 4.07813 8.7128 a
226.064 217.1 24.2385 8.7128 period
253.505 217.1 7.67648 8.7128 of
264.277 217.1 9.86428 8.7128 up
277.316 217.1 7.76284 8.7128 to

41.9181 227.645 10.2289 8.7128 12
55.0142 227.645 30.9266 8.7128 months.

41.9181 256.785 7.1967 8.7128 3.

63.5188 256.785 7.65729 8.7128 In
74.9145 256.785 11.7546 8.7128 the
90.4488 256.785 15.4489 8.7128 case
109.724 256.785 7.67648 8.7128 of
121.064 256.785 40.9348 8.7128 non-equity
165.796 256.785 34.429 8.7128 securities
204.179 256.785 29.1226 8.7128 referred
237.232 256.785 7.76284 8.7128 to
248.684 256.785 7.36942 8.7128 in
259.852 256.785 25.0637 8.7128 Article

41.9181 267.33 27.146 8.7128 5(4)(b),
72.1366 267.33 11.7546 8.7128 the
87.0472 267.33 40.6949 8.7128 prospectus
130.816 267.33 17.1665 8.7128 shall
150.999 267.33 8.77038 8.7128 be
162.904 267.33 17.8862 8.7128 valid
183.881 267.33 17.3968 8.7128 until
204.348 267.33 9.96023 8.7128 no
217.33 267.33 19.7957 8.7128 more
240.235 267.33 7.67648 8.7128 of
250.951 267.33 11.7546 8.7128 the
265.805 267.33 19.1432 8.7128 secu-

41.9181 277.874 18.1837 8.7128 rities
63.1215 277.874 38.8334 8.7128 concerned
104.906 277.874 11.294 8.7128 are
119.136 277.874 22.8087 8.7128 issued
144.818 277.874 7.36942 8.7128 in
155.137 277.874 4.07813 8.7128 a
162.11 277.874 42.259 8.7128 continuous
207.126 277.874 8.20424 8.7128 or
218.237 277.874 31.7518 8.7128 repeated
252.992 277.874 31.0514 8.7128 manner.

41.9181 307.014 7.1967 8.7128 4.

63.5188 307.014 6.37148 8.7128 A
74.6871 307.014 42.758 8.7128 registration
122.254 307.014 40.0424 8.7128 document,
166.987 307.014 7.52295 8.7128 as
179.233 307.014 29.1226 8.7128 referred
213.249 307.014 7.76284 8.7128 to
225.665 307.014 7.36942 8.7128 in
237.798 307.014 25.0637 8.7128 Article
267.732 307.014 17.3201 8.7128 5(3),

41.9181 317.559 38.9198 8.7128 previously
84.156 317.559 18.1933 8.7128 filed,
105.587 317.559 17.1665 8.7128 shall
125.883 317.559 8.77038 8.7128 be
137.96 317.559 17.8862 8.7128 valid
159.05 317.559 10.939 8.7128 for
173.167 317.559 4.07813 8.7128 a
180.481 317.559 24.2385 8.7128 period
208.034 317.559 7.67648 8.7128 of
218.863 317.559 9.86428 8.7128 up
231.959 317.559 7.76284 8.7128 to
242.901 317.559 10.2289 8.7128 12
256.338 317.559 28.8444 8.7128 months

41.9181 328.16 33.3639 8.7128 provided
79.507 328.16 14.7005 8.7128 that
98.4429 328.16 5.17203 8.7128 it
107.798 328.16 12.5031 8.7128 has
124.523 328.16 17.7423 8.7128 been
146.463 328.16 30.1974 8.7128 updated
180.877 328.16 7.36942 8.7128 in
192.442 328.16 41.9903 8.7128 accordance
238.762 328.16 16.8403 8.7128 with
259.852 328.16 25.0637 8.7128 Article

41.9181 338.705 22.4345 8.7128 10(1).
67.2611 338.705 14.1151 8.7128 The
84.3259 338.705 42.758 8.7128 registration
130.135 338.705 37.9602 8.7128 document
170.956 338.705 49.734 8.7128 accompanied
223.625 338.705 9.20218 8.7128 by
235.701 338.705 11.7546 8.7128 the
250.442 338.705 34.429 8.7128 securities

41.9181 349.249 18.817 8.7128 note,
64.4256 349.249 30.1974 8.7128 updated
98.3287 349.249 5.08567 8.7128 if
107.116 349.249 37.893 8.7128 applicable
148.844 349.249 7.36942 8.7128 in
159.956 349.249 41.9903 8.7128 accordance
205.708 349.249 16.8403 8.7128 with
226.345 349.249 25.0637 8.7128 Article
255.202 349.249 12.3112 8.7128 12,
271.247 349.249 13.8369 8.7128 and

41.9181 359.794 11.7546 8.7128 the
58.8697 359.794 35.3214 8.7128 summary
99.3497 359.794 16.7347 8.7128 note
121.177 359.794 17.1665 8.7128 shall
143.401 359.794 8.77038 8.7128 be
157.347 359.794 40.3783 8.7128 considered
202.93 359.794 7.76284 8.7128 to
215.743 359.794 37.0198 8.7128 constitute
257.868 359.794 4.07813 8.7128 a
267.166 359.794 17.8862 8.7128 valid

41.9181 370.338 42.7772 8.7128 prospectus.

145.553 418.093 22.7991 8.74159 Article
171.236 418.093 10.2289 8.74159 10

138.694 447.022 49.5613 8.90472 Information

41.9181 476.353 7.1967 8.7128 1.

63.5188 476.353 25.0637 8.7128 Issuers
91.3556 476.353 24.0082 8.7128 whose
118.172 476.353 34.429 8.7128 securities
155.591 476.353 11.294 8.7128 are
169.765 476.353 33.1432 8.7128 admitted
205.709 476.353 7.76284 8.7128 to
216.197 476.353 26.7237 8.7128 trading
245.792 476.353 9.96023 8.7128 on
258.548 476.353 4.07813 8.7128 a
265.465 476.353 19.4407 8.7128 regu-

41.9181 486.898 17.9246 8.7128 lated
64.369 486.898 26.3975 8.7128 market
95.2677 486.898 17.1665 8.7128 shall
116.925 486.898 6.89924 8.7128 at
128.321 486.898 16.6292 8.7128 least
149.468 486.898 32.1165 8.7128 annually
186.092 486.898 28.6237 8.7128 provide
219.315 486.898 4.07813 8.7128 a
227.933 486.898 37.9602 8.7128 document
270.34 486.898 14.7005 8.7128 that

41.9181 497.443 31.6463 8.7128 contains
77.5792 497.443 8.20424 8.7128 or
89.7685 497.443 20.6113 8.7128 refers
114.488 497.443 7.76284 8.7128 to
126.223 497.443 8.74159 8.7128 all
138.98 497.443 45.1569 8.7128 information
188.077 497.443 14.7005 8.7128 that
206.787 497.443 16.1398 8.7128 they
227.027 497.443 17.3968 8.7128 have
248.571 497.443 36.4825 8.7128 published

41.9181 508.044 8.20424 8.7128 or
53.6535 508.044 20.4098 8.7128 made
77.5216 508.044 32.4043 8.7128 available
113.523 508.044 7.76284 8.7128 to
124.692 508.044 11.7546 8.7128 the
140 508.044 23.3365 8.7128 public
166.873 508.044 16.5428 8.7128 over
186.943 508.044 11.7546 8.7128 the
202.251 508.044 36.6936 8.7128 preceding
242.618 508.044 10.2289 8.7128 12
256.338 508.044 28.8444 8.7128 months

41.9181 518.588 7.36942 8.7128 in
55.2982 518.588 13.9136 8.7128 one
75.141 518.588 8.20424 8.7128 or
89.3146 518.588 19.7957 8.7128 more
115.054 518.588 31.1089 8.7128 Member
152.189 518.588 21.6381 8.7128 States
179.743 518.588 13.8369 8.7128 and
199.472 518.588 7.36942 8.7128 in
212.852 518.588 18.1549 8.7128 third
237.004 518.588 34.6401 8.7128 countries
277.654 518.588 7.36942 8.7128 in

41.9181 529.133 43.2474 8.7128 compliance
92.3766 529.133 16.8403 8.7128 with
116.472 529.133 17.368 8.7128 their
141.134 529.133 41.5489 8.7128 obligations
189.778 529.133 21.8492 8.7128 under
218.862 529.133 45.3008 8.7128 Community
271.248 529.133 13.8369 8.7128 and

41.9181 539.678 30.6388 8.7128 national
75.425 539.678 16.5428 8.7128 laws
94.8148 539.678 13.8369 8.7128 and
111.54 539.678 17.867 8.7128 rules
132.347 539.678 26.9253 8.7128 dealing
162.225 539.678 16.8403 8.7128 with
182.011 539.678 11.7546 8.7128 the
196.752 539.678 38.0849 8.7128 regulation
237.855 539.678 7.67648 8.7128 of
248.343 539.678 36.5113 8.7128 securities,

41.9181 550.222 24.7758 8.7128 issuers
70.039 550.222 7.67648 8.7128 of
80.9242 550.222 34.429 8.7128 securities
118.796 550.222 13.8369 8.7128 and
135.861 550.222 34.429 8.7128 securities
173.733 550.222 31.9246 8.7128 markets.
208.883 550.222 25.0637 8.7128 Issuers
237.174 550.222 17.1665 8.7128 shall
257.527 550.222 17.1665 8.7128 refer
278.108 550.222 6.89924 8.7128 at

41.9181 560.823 16.6292 8.7128 least
63.7452 560.823 7.76284 8.7128 to
76.6149 560.823 11.7546 8.7128 the
93.5664 560.823 45.1569 8.7128 information
143.855 560.823 31.0706 8.7128 required
180.31 560.823 33.3639 8.7128 pursuant
218.862 560.823 7.76284 8.7128 to
231.788 560.823 35.0239 8.7128 company
271.929 560.823 13.098 8.7128 law

41.9181 571.368 37.3173 8.7128 directives,
82.4547 571.368 33.5942 8.7128 Directive
119.25 571.368 46.5003 8.7128 2001/34/EC
168.802 571.368 13.8369 8.7128 and
185.583 571.368 40.4934 8.7128 Regulation
229.182 571.368 15.2954 8.7128 (EC)
247.494 571.368 11.3516 8.7128 No
261.838 571.368 23.2214 8.7128 1606/

41.9181 581.913 20.4578 8.7128 2002
65.3333 581.913 7.67648 8.7128 of
75.9355 581.913 11.7546 8.7128 the
90.7329 581.913 35.7724 8.7128 European
129.626 581.913 40.0712 8.7128 Parliament
172.714 581.913 13.8369 8.7128 and
189.552 581.913 7.67648 8.7128 of
200.154 581.913 11.7546 8.7128 the
214.952 581.913 29.1226 8.7128 Council
247.041 581.913 7.67648 8.7128 of
257.644 581.913 10.2289 8.7128 19
270.853 581.913 14.1823 8.7128 July

41.9181 592.457 20.4578 8.7128 2002
68.5642 592.457 9.96023 8.7128 on
84.6656 592.457 11.7546 8.7128 the
102.695 592.457 41.9232 8.7128 application
150.886 592.457 7.67648 8.7128 of
164.719 592.457 48.0452 8.7128 international
219.033 592.457 41.501 8.7128 accounting
266.827 592.457 18.2604 8.7128 stan-

41.9181 603.002 20.2659 8.7128 dards
64.5398 603.002 2.50445 8.7128 (
67.0331 602.537 2.86402 4.87905 1
69.8678 603.011 4.5867 8.7128 ).

41.9177 632.151 7.1967 8.7128 2.

63.5184 632.151 14.1151 8.7128 The
80.753 632.151 37.9602 8.7128 document
121.63 632.151 17.1665 8.7128 shall
141.757 632.151 8.77038 8.7128 be
153.549 632.151 16.111 8.7128 filed
172.655 632.151 16.8403 8.7128 with
192.554 632.151 11.7546 8.7128 the
207.352 632.151 40.1096 8.7128 competent
250.44 632.151 34.5154 8.7128 authority

41.9177 642.696 7.67648 8.7128 of
52.5765 642.696 11.7546 8.7128 the
67.3739 642.696 21.5133 8.7128 home
91.8657 642.696 31.1089 8.7128 Member
126.053 642.696 18.1933 8.7128 State
147.313 642.696 16.8499 8.7128 after
167.212 642.696 11.7546 8.7128 the
182.01 642.696 42.5469 8.7128 publication
227.593 642.696 7.67648 8.7128 of
238.195 642.696 11.7546 8.7128 the
253.049 642.696 31.9342 8.7128 financial

41.9177 653.297 38.6319 8.7128 statement.
84.4953 653.297 24.9582 8.7128 Where
113.58 653.297 11.7546 8.7128 the
129.34 653.297 37.9602 8.7128 document
171.238 653.297 20.6113 8.7128 refers
195.9 653.297 7.76284 8.7128 to
207.579 653.297 47.2391 8.7128 information,
258.774 653.297 5.17203 8.7128 it
267.902 653.297 17.1665 8.7128 shall

41.9177 663.842 8.77038 8.7128 be
53.5965 663.842 21.8588 8.7128 stated
78.3158 663.842 22.8375 8.7128 where
104.168 663.842 11.7546 8.7128 the
118.852 663.842 45.1569 8.7128 information
166.816 663.842 13.0692 8.7128 can
182.804 663.842 8.77038 8.7128 be
194.483 663.842 34.8032 8.7128 obtained.

41.9177 692.981 7.1967 8.7128 3.

63.5184 692.981 14.1151 8.7128 The
81.4334 692.981 38.1041 8.7128 obligation
123.274 692.981 10.2193 8.7128 set
137.164 692.981 12.6374 8.7128 out
153.492 692.981 7.36942 8.7128 in
164.66 692.981 38.1713 8.7128 paragraph
206.728 692.981 5.11445 8.7128 1
215.572 692.981 17.1665 8.7128 shall
236.379 692.981 12.7813 8.7128 not
252.82 692.981 20.7745 8.7128 apply
277.312 692.981 7.76284 8.7128 to

41.9177 703.526 24.7758 8.7128 issuers
71.1718 703.526 7.67648 8.7128 of
83.1913 703.526 40.9348 8.7128 non-equity
128.604 703.526 34.429 8.7128 securities
167.611 703.526 24.0082 8.7128 whose
196.014 703.526 52.8718 8.7128 denomination
253.22 703.526 12.2056 8.7128 per
269.945 703.526 15.0651 8.7128 unit

41.9177 714.071 32.817 8.7128 amounts
77.5222 714.071 7.76284 8.7128 to
88.0668 714.071 6.89924 8.7128 at
97.8745 714.071 16.6292 8.7128 least
117.321 714.071 16.6292 8.7128 EUR
138.808 714.071 10.2289 8.7128 50
151.452 714.071 17.4256 8.7128 000.

41.9177 743.211 7.1967 8.7128 4.

63.5184 743.211 7.65729 8.7128 In
75.8209 743.211 20.1604 8.7128 order
100.71 743.211 7.76284 8.7128 to
113.126 743.211 15.4969 8.7128 take
133.366 743.211 29.6792 8.7128 account
167.723 743.211 7.67648 8.7128 of
180.025 743.211 33.479 8.7128 technical
218.351 743.211 52.1713 8.7128 developments
275.16 743.211 9.96023 8.7128 on

41.9177 753.755 31.9342 8.7128 financial
79.1093 753.755 29.8423 8.7128 markets
114.033 753.755 13.8369 8.7128 and
132.969 753.755 7.76284 8.7128 to
145.839 753.755 24.5072 8.7128 ensure
175.604 753.755 30.8211 8.7128 uniform
211.548 753.755 41.9232 8.7128 application
258.661 753.755 7.67648 8.7128 of
271.418 753.755 13.597 8.7128 this

41.9177 764.356 35.6764 8.7128 Directive,
81.3211 764.356 11.7546 8.7128 the
96.5714 764.356 47.4023 8.7128 Commission
147.2 764.356 18.1837 8.7128 may,
168.857 764.356 7.36942 8.7128 in
179.742 764.356 41.9903 8.7128 accordance
225.325 764.356 16.8403 8.7128 with
245.678 764.356 11.7546 8.7128 the
260.93 764.356 24.0178 8.7128 proce-

310.643 76.895 16.8307 8.7128 dure
330.714 76.895 29.1226 8.7128 referred
363.143 76.895 7.76284 8.7128 to
374.028 76.895 7.36942 8.7128 in
384.629 76.895 25.0637 8.7128 Article
412.977 76.895 22.4345 8.7128 24(2),
438.603 76.895 21.5709 8.7128 adopt
463.265 76.895 52.5167 8.7128 implementing
518.997 76.895 34.6497 8.7128 measures

310.643 87.4396 41.9616 8.7128 concerning
355.942 87.4396 38.1713 8.7128 paragraph
397.5 87.4396 7.1967 8.7128 1.
407.931 87.4396 21.5133 8.7128 These
432.707 87.4396 34.6497 8.7128 measures
470.579 87.4396 13.7841 8.7128 will
487.531 87.4396 20.4002 8.7128 relate
511.229 87.4396 16.6772 8.7128 only
531.015 87.4396 7.76284 8.7128 to
541.9 87.4396 11.7546 8.7128 the

310.643 97.9842 29.0747 8.7128 method
349.252 97.9842 7.67648 8.7128 of
366.487 97.9842 42.5469 8.7128 publication
418.702 97.9842 7.67648 8.7128 of
435.937 97.9842 11.7546 8.7128 the
457.368 97.9842 37.3173 8.7128 disclosure
504.311 97.9842 49.2062 8.7128 requirements

310.643 108.529 40.4359 8.7128 mentioned
355.262 108.529 7.36942 8.7128 in
366.884 108.529 38.1713 8.7128 paragraph
409.462 108.529 5.11445 8.7128 1
418.817 108.529 13.8369 8.7128 and
436.846 108.529 13.7025 8.7128 will
454.762 108.529 12.7813 8.7128 not
471.657 108.529 20.5538 8.7128 entail
496.489 108.529 15.66 8.7128 new
516.388 108.529 37.3173 8.7128 disclosure

310.643 119.073 51.2885 8.7128 requirements.
366.092 119.073 14.1151 8.7128 The
384.291 119.073 14.6141 8.7128 first
402.829 119.073 10.2193 8.7128 set
417.003 119.073 7.67648 8.7128 of
428.569 119.073 52.5167 8.7128 implementing
485.15 119.073 34.6497 8.7128 measures
523.816 119.073 17.1665 8.7128 shall
544.907 119.073 8.77038 8.7128 be

310.643 129.676 30.2645 8.7128 adopted
343.696 129.676 9.20218 8.7128 by
355.773 129.676 5.11445 8.7128 1
363.767 129.676 14.1823 8.7128 July
380.831 129.676 22.5401 8.7128 2004.

414.222 184.687 22.7991 8.74159 Article
439.905 184.687 10.2289 8.74159 11

376.351 217.302 57.1898 8.90472 Incorporation
436.391 217.302 10.3153 8.90472 by
449.6 217.302 38.2768 8.90472 reference

310.643 250.263 7.1967 8.7128 1.
332.188 250.263 31.1089 8.7128 Member
366.431 250.263 21.6381 8.7128 States
391.094 250.263 17.1665 8.7128 shall
411.221 250.263 20.3715 8.7128 allow
434.579 250.263 45.1569 8.7128 information
482.714 250.263 7.76284 8.7128 to
493.486 250.263 8.77038 8.7128 be
505.334 250.263 48.333 8.7128 incorporated

310.643 260.807 7.36942 8.7128 in
322.322 260.807 11.7546 8.7128 the
338.424 260.807 40.6949 8.7128 prospectus
383.383 260.807 9.20218 8.7128 by
396.876 260.807 34.0644 8.7128 reference
435.485 260.807 7.76284 8.7128 to
447.448 260.807 13.9136 8.7128 one
465.647 260.807 8.20424 8.7128 or
478.119 260.807 19.7957 8.7128 more
502.215 260.807 38.9198 8.7128 previously
545.529 260.807 8.20424 8.7128 or

310.643 271.352 56.4893 8.7128 simultaneously
370.911 271.352 36.4825 8.7128 published
411.334 271.352 41.405 8.7128 documents
456.576 271.352 14.7005 8.7128 that
475.173 271.352 17.3968 8.7128 have
496.603 271.352 17.7423 8.7128 been
518.317 271.352 35.3406 8.7128 approved

310.643 281.953 9.20218 8.7128 by
323.116 281.953 11.7546 8.7128 the
338.196 281.953 40.1096 8.7128 competent
381.568 281.953 34.5154 8.7128 authority
419.44 281.953 7.67648 8.7128 of
430.326 281.953 11.7546 8.7128 the
445.406 281.953 21.5133 8.7128 home
470.182 281.953 31.1089 8.7128 Member
504.652 281.953 18.1933 8.7128 State
526.14 281.953 8.20424 8.7128 or
537.592 281.953 16.111 8.7128 filed

310.643 292.498 16.8403 8.7128 with
330.657 292.498 5.17203 8.7128 it
338.991 292.498 7.36942 8.7128 in
349.479 292.498 41.9903 8.7128 accordance
394.721 292.498 16.8403 8.7128 with
414.735 292.498 13.597 8.7128 this
431.46 292.498 35.6764 8.7128 Directive,
470.466 292.498 7.36942 8.7128 in
481.01 292.498 36.0219 8.7128 particular
520.301 292.498 33.3639 8.7128 pursuant

310.643 303.042 7.76284 8.7128 to
321.472 303.042 25.0637 8.7128 Article
349.819 303.042 12.3112 8.7128 10,
365.297 303.042 8.20424 8.7128 or
376.636 303.042 16.8403 8.7128 with
396.706 303.042 20.0836 8.7128 Titles
419.951 303.042 8.43453 8.7128 IV
431.516 303.042 13.8369 8.7128 and
448.468 303.042 5.79574 8.7128 V
457.425 303.042 7.67648 8.7128 of
468.141 303.042 33.5942 8.7128 Directive
505.106 303.042 48.5825 8.7128 2001/34/EC.

310.643 313.587 15.9575 8.7128 This
330.147 313.587 45.1569 8.7128 information
378.734 313.587 17.1665 8.7128 shall
399.371 313.587 8.77038 8.7128 be
411.674 313.587 11.7546 8.7128 the
427.038 313.587 19.4503 8.7128 latest
449.943 313.587 32.4043 8.7128 available
485.945 313.587 7.76284 8.7128 to
497.169 313.587 11.7546 8.7128 the
512.477 313.587 23.4133 8.7128 issuer.
539.521 313.587 14.1151 8.7128 The

310.643 324.131 35.3214 8.7128 summary
348.799 324.131 17.1665 8.7128 shall
368.756 324.131 12.7813 8.7128 not
384.347 324.131 43.5928 8.7128 incorporate
430.894 324.131 45.1569 8.7128 information
478.857 324.131 9.20218 8.7128 by
490.933 324.131 36.1466 8.7128 reference.

310.643 356.957 7.1967 8.7128 2.
332.188 356.957 22.7608 8.7128 When
359.004 356.957 45.1569 8.7128 information
408.046 356.957 5.79574 8.7128 is
417.853 356.957 48.333 8.7128 incorporated
470.183 356.957 9.20218 8.7128 by
483.392 356.957 36.1466 8.7128 reference,
523.759 356.957 4.07813 8.7128 a
531.81 356.957 21.9643 8.7128 cross-

310.643 367.502 34.0644 8.7128 reference
348.515 367.502 10.9486 8.7128 list
363.029 367.502 18.7786 8.7128 must
385.366 367.502 8.77038 8.7128 be
397.782 367.502 33.3639 8.7128 provided
434.804 367.502 7.36942 8.7128 in
445.802 367.502 20.1604 8.7128 order
469.67 367.502 7.76284 8.7128 to
480.953 367.502 24.1521 8.7128 enable
508.79 367.502 33.623 8.7128 investors
545.981 367.502 7.76284 8.7128 to

310.643 378.046 28.355 8.7128 identify
341.882 378.046 20.5442 8.7128 easily
365.354 378.046 27.7697 8.7128 specific
396.139 378.046 20.2083 8.7128 items
419.214 378.046 7.67648 8.7128 of
429.702 378.046 47.2391 8.7128 information.

310.643 410.815 7.1967 8.7128 3.
332.188 410.815 7.65729 8.7128 In
344.49 410.815 20.1604 8.7128 order
369.436 410.815 7.76284 8.7128 to
381.795 410.815 15.4969 8.7128 take
402.035 410.815 29.6792 8.7128 account
436.392 410.815 7.67648 8.7128 of
448.751 410.815 33.479 8.7128 technical
487.02 410.815 52.1713 8.7128 developments
543.829 410.815 9.96023 8.7128 on

310.643 421.416 31.9342 8.7128 financial
347.778 421.416 29.8423 8.7128 markets
382.703 421.416 13.8369 8.7128 and
401.639 421.416 7.76284 8.7128 to
414.508 421.416 24.5072 8.7128 ensure
444.273 421.416 30.8211 8.7128 uniform
480.217 421.416 41.9232 8.7128 application
527.387 421.416 7.67648 8.7128 of
540.087 421.416 13.597 8.7128 this

310.643 431.961 35.6764 8.7128 Directive,
349.876 431.961 11.7546 8.7128 the
365.013 431.961 47.4023 8.7128 Commission
415.528 431.961 19.2488 8.7128 shall,
438.036 431.961 7.36942 8.7128 in
448.808 431.961 41.9903 8.7128 accordance
494.221 431.961 16.8403 8.7128 with
514.461 431.961 11.7546 8.7128 the
529.598 431.961 24.0178 8.7128 proce-

310.643 442.506 16.8307 8.7128 dure
330.714 442.506 29.1226 8.7128 referred
363.143 442.506 7.76284 8.7128 to
374.028 442.506 7.36942 8.7128 in
384.629 442.506 25.0637 8.7128 Article
412.977 442.506 22.4345 8.7128 24(2),
438.603 442.506 21.5709 8.7128 adopt
463.265 442.506 52.5167 8.7128 implementing
518.997 442.506 34.6497 8.7128 measures

310.643 453.05 41.9616 8.7128 concerning
357.53 453.05 11.7546 8.7128 the
374.141 453.05 45.1569 8.7128 information
424.033 453.05 7.76284 8.7128 to
436.505 453.05 8.77038 8.7128 be
450.112 453.05 48.333 8.7128 incorporated
503.291 453.05 9.20218 8.7128 by
517.295 453.05 36.1466 8.7128 reference.

310.643 463.595 14.1151 8.7128 The
328.673 463.595 14.6141 8.7128 first
347.155 463.595 10.2193 8.7128 set
361.272 463.595 7.67648 8.7128 of
372.724 463.595 52.5167 8.7128 implementing
429.192 463.595 34.6497 8.7128 measures
467.801 463.595 17.1665 8.7128 shall
488.778 463.595 8.77038 8.7128 be
501.421 463.595 30.2645 8.7128 adopted
535.495 463.595 9.20218 8.7128 by
548.591 463.595 5.11445 8.7128 1

310.643 474.139 14.1823 8.7128 July
327.708 474.139 22.5401 8.7128 2004.

414.222 529.208 22.7991 8.74159 Article
439.905 529.208 10.2289 8.74159 12

335.929 561.765 52.6319 8.90472 Prospectuses
391.49 561.765 41.1747 8.90472 consisting
435.656 561.765 8.39615 8.90472 of
446.938 561.765 33.5654 8.90472 separate
483.393 561.765 44.917 8.90472 documents

310.643 594.783 7.1967 8.7128 1.
332.188 594.783 11.39 8.7128 An
349.536 594.783 21.331 8.7128 issuer
376.806 594.783 22.9719 8.7128 which
405.834 594.783 26.8293 8.7128 already
438.604 594.783 12.5031 8.7128 has
457.029 594.783 4.07813 8.7128 a
467.008 594.783 42.758 8.7128 registration
515.822 594.783 37.9602 8.7128 document

310.643 605.328 35.3406 8.7128 approved
349.139 605.328 9.20218 8.7128 by
361.498 605.328 11.7546 8.7128 the
376.465 605.328 40.1096 8.7128 competent
419.667 605.328 34.5154 8.7128 authority
457.425 605.328 17.1665 8.7128 shall
477.665 605.328 8.77038 8.7128 be
489.628 605.328 31.0706 8.7128 required
524.042 605.328 7.76284 8.7128 to
534.927 605.328 18.769 8.7128 draw

310.643 615.872 9.86428 8.7128 up
323.57 615.872 16.6772 8.7128 only
343.186 615.872 11.7546 8.7128 the
358.04 615.872 34.429 8.7128 securities
395.629 615.872 16.7347 8.7128 note
415.358 615.872 13.8369 8.7128 and
432.197 615.872 11.7546 8.7128 the
447.051 615.872 35.3214 8.7128 summary
485.376 615.872 16.7347 8.7128 note
505.106 615.872 20.6401 8.7128 when
528.804 615.872 24.7566 8.7128 securi-

310.643 626.417 12.5702 8.7128 ties
326.575 626.417 11.294 8.7128 are
341.372 626.417 26.3207 8.7128 offered
371.024 626.417 7.76284 8.7128 to
382.135 626.417 11.7546 8.7128 the
397.273 626.417 23.3365 8.7128 public
424.089 626.417 8.20424 8.7128 or
435.655 626.417 33.1432 8.7128 admitted
472.11 626.417 7.76284 8.7128 to
483.165 626.417 26.7237 8.7128 trading
513.383 626.417 9.96023 8.7128 on
526.65 626.417 4.07813 8.7128 a
534.134 626.417 19.4407 8.7128 regu-

310.643 637.018 17.9246 8.7128 lated
331.394 637.018 28.4797 8.7128 market.

310.643 669.787 7.1967 8.7128 2.
332.188 669.787 7.65729 8.7128 In
343.412 669.787 13.597 8.7128 this
360.59 669.787 17.5312 8.7128 case,
381.794 669.787 11.7546 8.7128 the
397.158 669.787 34.429 8.7128 securities
435.371 669.787 16.7347 8.7128 note
455.668 669.787 17.1665 8.7128 shall
476.305 669.787 28.6237 8.7128 provide
508.621 669.787 45.1569 8.7128 information

310.643 680.332 14.7005 8.7128 that
328.899 680.332 23.5764 8.7128 would
355.999 680.332 33.9876 8.7128 normally
393.531 680.332 8.77038 8.7128 be
405.947 680.332 33.3639 8.7128 provided
442.912 680.332 7.36942 8.7128 in
453.911 680.332 11.7546 8.7128 the
469.332 680.332 42.758 8.7128 registration
515.821 680.332 37.9602 8.7128 document

310.643 690.876 5.08567 8.7128 if
320.962 690.876 18.9705 8.7128 there
345.34 690.876 12.5031 8.7128 has
363.085 690.876 17.7423 8.7128 been
386.16 690.876 4.07813 8.7128 a
395.515 690.876 30.514 8.7128 material
431.346 690.876 26.4551 8.7128 change
463.208 690.876 8.20424 8.7128 or
476.644 690.876 22.9815 8.7128 recent
504.992 690.876 48.7265 8.7128 development

310.643 701.421 22.9719 8.7128 which
340.749 701.421 20.8608 8.7128 could
368.529 701.421 20.2947 8.7128 affect
395.855 701.421 35.3694 8.7128 investors'
438.15 701.421 44.6867 8.7128 assessments
489.686 701.421 18.7402 8.7128 since
515.482 701.421 11.7546 8.7128 the
534.304 701.421 19.4503 8.7128 latest

310.643 712.022 30.1974 8.7128 updated
344.433 712.022 42.758 8.7128 registration
390.98 712.022 37.9602 8.7128 document
432.537 712.022 8.20424 8.7128 or
444.386 712.022 13.4818 8.7128 any
461.507 712.022 44.015 8.7128 supplement
509.188 712.022 7.52295 8.7128 as
520.3 712.022 33.3639 8.7128 provided

310.643 722.567 10.939 8.7128 for
325.951 722.567 7.36942 8.7128 in
337.743 722.567 25.0637 8.7128 Article
367.395 722.567 10.2289 8.7128 16
382.022 722.567 14.2111 8.7128 was
400.618 722.567 37.4228 8.7128 approved.
442.571 722.567 14.1151 8.7128 The
461.167 722.567 34.429 8.7128 securities
500.173 722.567 13.8369 8.7128 and
518.429 722.567 35.3214 8.7128 summary

310.643 733.111 20.1795 8.7128 notes
333.605 733.111 17.1665 8.7128 shall
353.562 733.111 8.77038 8.7128 be
365.241 733.111 26.1672 8.7128 subject
394.325 733.111 7.76284 8.7128 to
404.869 733.111 4.07813 8.7128 a
411.843 733.111 30.5812 8.7128 separate
445.463 733.111 35.1391 8.7128 approval.

310.643 765.88 7.1967 8.7128 3.
332.188 765.88 24.9582 8.7128 Where
361.782 765.88 9.09663 8.7128 an
375.389 765.88 21.331 8.7128 issuer
401.241 765.88 12.5031 8.7128 has
418.193 765.88 16.6772 8.7128 only
439.283 765.88 16.111 8.7128 filed
459.863 765.88 4.07813 8.7128 a
468.424 765.88 42.758 8.7128 registration
515.82 765.88 37.9602 8.7128 document

310.643 776.481 29.4777 8.7128 without
343.527 776.481 35.1391 8.7128 approval,
382.136 776.481 11.7546 8.7128 the
397.387 776.481 21.3598 8.7128 entire
422.276 776.481 59.2528 8.7128 documentation,
484.924 776.481 35.1103 8.7128 including
523.532 776.481 30.1974 8.7128 updated

310.643 787.026 47.2391 8.7128 information,
360.706 787.026 17.1665 8.7128 shall
380.663 787.026 8.77038 8.7128 be
392.341 787.026 26.1672 8.7128 subject
421.426 787.026 7.76284 8.7128 to
431.97 787.026 35.1391 8.7128 approval.

41.9182 51.2759 45.0801 8.7128 31.12.2003

517.914 51.2759 4.55791 8.7128 L
525.397 51.2759 28.3358 8.7128 345/75

223.846 51.2759 27.5298 8.7128 Official
254.348 51.2759 27.098 8.7128 Journal
284.283 51.2759 7.67648 8.7128 of
294.771 51.2759 11.7546 8.7128 the
309.455 51.2759 35.7724 8.7128 European
348.235 51.2759 23.634 8.7128 Union

120.154 52.1989 9.8344 7.7447 EN

41.9182 787.733 2.22617 7.7447 (
44.1859 787.292 2.54582 4.33697 1
46.6804 787.733 2.22617 7.7447 )
53.2003 787.733 8.50381 7.7447 OJ
64.2552 787.733 4.05146 7.7447 L
70.9448 787.733 15.4894 7.7447 243,
88.9163 787.733 37.3758 7.7447 11.9.2002,
128.771 787.733 6.28617 7.7447 p.
137.615 787.733 6.39705 7.7447 1.

141.584 76.8603 34.2541 7.7447 CHAPTER
178.434 76.8603 7.03675 7.7447 III

41.9191 103.619 68.0731 7.91528 ARRANGEMENTS
116.073 103.619 16.5385 7.91528 FOR
138.693 103.619 43.9179 7.91528 APPROVAL
188.638 103.619 18.5429 7.91528 AND
213.186 103.619 55.134 7.91528 PUBLICATION
274.187 103.619 10.7812 7.91528 OF

128.262 113.03 16.095 7.91528 THE
146.857 113.03 52.0038 7.91528 PROSPECTUS

145.553 157.821 22.7991 8.74159 Article
171.235 157.821 10.2289 8.74159 13

106.832 185.73 38.5647 8.90472 Approval
148.333 185.73 8.39615 8.90472 of
159.559 185.73 13.0212 8.90472 the
175.547 185.73 44.514 8.90472 prospectus

41.9184 213.985 7.1967 8.7128 1.

63.5191 213.985 11.3516 8.7128 No
81.6048 213.985 40.6949 8.7128 prospectus
129.059 213.985 17.1665 8.7128 shall
152.984 213.985 8.77038 8.7128 be
168.518 213.985 36.4825 8.7128 published
211.776 213.985 17.3968 8.7128 until
235.985 213.985 5.17203 8.7128 it
247.946 213.985 12.5031 8.7128 has
267.222 213.985 17.7423 8.7128 been

41.9184 224.53 35.3406 8.7128 approved
82.3418 224.53 9.20218 8.7128 by
96.5154 224.53 11.7546 8.7128 the
113.297 224.53 40.1096 8.7128 competent
158.37 224.53 34.5154 8.7128 authority
197.999 224.53 7.67648 8.7128 of
210.586 224.53 11.7546 8.7128 the
227.368 224.53 21.5133 8.7128 home
253.844 224.53 31.1089 8.7128 Member

41.9184 235.074 20.2755 8.7128 State.

41.9184 263.194 7.1967 8.7128 2.

63.5191 263.194 15.9575 8.7128 This
85.8567 263.194 40.1096 8.7128 competent
132.29 263.194 34.5154 8.7128 authority
173.28 263.194 17.1665 8.7128 shall
196.695 263.194 22.2522 8.7128 notify
225.269 263.194 11.7546 8.7128 the
243.412 263.194 23.4133 8.7128 issuer,
273.233 263.194 11.7546 8.7128 the

41.9184 273.739 25.8314 8.7128 offeror
70.5498 273.739 8.20424 8.7128 or
81.5482 273.739 11.7546 8.7128 the
96.1758 273.739 25.6107 8.7128 person
124.523 273.739 23.989 8.7128 asking
151.34 273.739 10.939 8.7128 for
165.06 273.739 38.0082 8.7128 admission
205.767 273.739 7.76284 8.7128 to
216.255 273.739 26.7237 8.7128 trading
245.85 273.739 9.96023 8.7128 on
258.55 273.739 4.07813 8.7128 a
265.466 273.739 19.4407 8.7128 regu-

41.9184 284.283 17.9246 8.7128 lated
63.5191 284.283 28.4797 8.7128 market,
95.6653 284.283 7.52295 8.7128 as
106.834 284.283 11.7546 8.7128 the
122.311 284.283 15.4489 8.7128 case
141.474 284.283 16.1014 8.7128 may
161.203 284.283 10.8526 8.7128 be,
175.774 284.283 7.67648 8.7128 of
187.057 284.283 8.61685 8.7128 its
199.303 284.283 30.7731 8.7128 decision
233.773 284.283 35.5709 8.7128 regarding
273.233 284.283 11.7546 8.7128 the

41.9184 294.828 33.0568 8.7128 approval
80.3574 294.828 7.67648 8.7128 of
93.2836 294.828 11.7546 8.7128 the
110.462 294.828 40.6949 8.7128 prospectus
156.498 294.828 24.2097 8.7128 within
186.092 294.828 10.2289 8.7128 10
201.627 294.828 31.3584 8.7128 working
238.365 294.828 16.6484 8.7128 days
260.306 294.828 7.67648 8.7128 of
273.232 294.828 11.7546 8.7128 the

41.9184 305.429 42.3262 8.7128 submission
86.9909 305.429 7.67648 8.7128 of
97.4788 305.429 11.7546 8.7128 the
112.163 305.429 17.6367 8.7128 draft
132.629 305.429 42.7772 8.7128 prospectus.

41.9184 333.492 5.3745 8.7128 If
52.9178 333.492 11.7565 8.7128 the
70.3818 333.492 40.1173 8.7128 competent
116.168 333.492 34.523 8.7128 authority
156.429 333.492 14.9442 8.7128 fails
177.013 333.492 7.7638 8.7128 to
190.394 333.492 15.1447 8.7128 give
211.374 333.492 4.07813 8.7128 a
221.181 333.492 30.7798 8.7128 decision
257.643 333.492 9.96119 8.7128 on
273.235 333.492 11.7565 8.7128 the

41.9184 344.037 40.6949 8.7128 prospectus
86.4804 344.037 24.2097 8.7128 within
114.601 344.037 11.7546 8.7128 the
130.192 344.037 16.7635 8.7128 time
150.829 344.037 20.9376 8.7128 limits
175.549 344.037 13.501 8.7128 laid
192.897 344.037 21.3886 8.7128 down
218.013 344.037 7.36942 8.7128 in
229.238 344.037 13.597 8.7128 this
246.643 344.037 38.1713 8.7128 paragraph

41.9184 354.582 13.8369 8.7128 and
62.1584 354.582 38.1713 8.7128 paragraph
107.004 354.582 7.1967 8.7128 3,
120.611 354.582 13.597 8.7128 this
140.624 354.582 17.1665 8.7128 shall
164.153 354.582 12.7813 8.7128 not
183.259 354.582 8.77038 8.7128 be
198.509 354.582 28.9787 8.7128 deemed
233.944 354.582 7.76284 8.7128 to
248.061 354.582 37.0198 8.7128 constitute

41.9184 365.183 33.0568 8.7128 approval
77.9201 365.183 7.67648 8.7128 of
88.4081 365.183 11.7546 8.7128 the
103.092 365.183 44.0054 8.7128 application.

41.9184 393.246 7.1967 8.7128 3.

63.5191 393.246 14.1151 8.7128 The
84.3262 393.246 16.7635 8.7128 time
107.684 393.246 17.4928 8.7128 limit
131.779 393.246 29.1226 8.7128 referred
167.667 393.246 7.76284 8.7128 to
181.897 393.246 7.36942 8.7128 in
195.9 393.246 38.1713 8.7128 paragraph
240.859 393.246 5.11445 8.7128 2
252.538 393.246 17.1665 8.7128 shall
276.236 393.246 8.77038 8.7128 be

41.9184 403.791 33.6614 8.7128 extended
78.6571 403.791 7.76284 8.7128 to
89.3159 403.791 10.2289 8.7128 20
102.525 403.791 31.3584 8.7128 working
136.882 403.791 16.6484 8.7128 days
156.499 403.791 5.08567 8.7128 if
164.606 403.791 11.7546 8.7128 the
179.347 403.791 23.3365 8.7128 public
205.766 403.791 17.6271 8.7128 offer
226.347 403.791 30.8115 8.7128 involves
260.137 403.791 24.7566 8.7128 securi-

41.9184 414.335 12.5702 8.7128 ties
59.4937 414.335 22.8087 8.7128 issued
87.2739 414.335 9.20218 8.7128 by
101.448 414.335 9.09663 8.7128 an
115.508 414.335 21.331 8.7128 issuer
141.814 414.335 22.9719 8.7128 which
169.879 414.335 17.0802 8.7128 does
191.877 414.335 12.7813 8.7128 not
209.508 414.335 17.3968 8.7128 have
231.959 414.335 13.4818 8.7128 any
250.441 414.335 34.429 8.7128 securities

41.9184 424.937 33.1432 8.7128 admitted
79.5072 424.937 7.76284 8.7128 to
91.6965 424.937 26.7237 8.7128 trading
122.992 424.937 9.96023 8.7128 on
137.392 424.937 4.07813 8.7128 a
146.01 424.937 34.4674 8.7128 regulated
185.072 424.937 26.3975 8.7128 market
215.971 424.937 13.8369 8.7128 and
234.227 424.937 16.61 8.7128 who
255.317 424.937 12.5031 8.7128 has
272.325 424.937 12.7813 8.7128 not

41.9184 435.481 38.9198 8.7128 previously
83.8157 435.481 26.3207 8.7128 offered
112.957 435.481 34.429 8.7128 securities
150.432 435.481 7.76284 8.7128 to
161.034 435.481 11.7546 8.7128 the
175.718 435.481 25.4187 8.7128 public.

41.9184 463.544 7.1967 8.7128 4.

63.5191 463.544 5.37354 8.7128 If
72.6464 463.544 11.7546 8.7128 the
88.2939 463.544 40.1096 8.7128 competent
132.232 463.544 34.5154 8.7128 authority
170.671 463.544 20.3715 8.7128 finds,
194.767 463.544 9.96023 8.7128 on
208.543 463.544 39.8793 8.7128 reasonable
252.255 463.544 32.817 8.7128 grounds,

41.9184 474.146 14.7005 8.7128 that
62.0452 474.146 11.7546 8.7128 the
79.2798 474.146 41.405 8.7128 documents
125.996 474.146 37.4612 8.7128 submitted
168.801 474.146 7.76284 8.7128 to
181.897 474.146 5.17203 8.7128 it
192.498 474.146 11.294 8.7128 are
209.337 474.146 41.9712 8.7128 incomplete
256.733 474.146 8.20424 8.7128 or
270.34 474.146 14.7005 8.7128 that

41.9184 484.69 55.7408 8.7128 supplementary
101.901 484.69 45.1569 8.7128 information
151.169 484.69 5.79574 8.7128 is
161.091 484.69 28.4414 8.7128 needed,
193.748 484.69 11.7546 8.7128 the
209.736 484.69 16.7635 8.7128 time
230.656 484.69 20.9376 8.7128 limits
255.715 484.69 29.1226 8.7128 referred

41.9184 495.235 7.76284 8.7128 to
53.9945 495.235 7.36942 8.7128 in
65.6733 495.235 41.6161 8.7128 paragraphs
111.823 495.235 5.11445 8.7128 2
121.235 495.235 13.8369 8.7128 and
139.377 495.235 5.11445 8.7128 3
148.788 495.235 17.1665 8.7128 shall
170.219 495.235 20.7745 8.7128 apply
195.335 495.235 16.6772 8.7128 only
216.255 495.235 18.5771 8.7128 from
239.103 495.235 11.7546 8.7128 the
255.205 495.235 15.5928 8.7128 date
275.162 495.235 9.96023 8.7128 on

41.9184 505.779 22.9719 8.7128 which
69.0749 505.779 17.2721 8.7128 such
90.3915 505.779 45.1569 8.7128 information
139.546 505.779 5.79574 8.7128 is
149.354 505.779 33.3639 8.7128 provided
186.829 505.779 9.20218 8.7128 by
200.039 505.779 11.7546 8.7128 the
215.856 505.779 23.4133 8.7128 issuer,
243.41 505.779 11.7546 8.7128 the
259.227 505.779 25.8314 8.7128 offeror

41.9184 516.324 8.20424 8.7128 or
54.2775 516.324 11.7546 8.7128 the
70.2657 516.324 25.6107 8.7128 person
100.03 516.324 23.989 8.7128 asking
128.208 516.324 10.939 8.7128 for
143.232 516.324 38.0082 8.7128 admission
185.299 516.324 7.76284 8.7128 to
197.147 516.324 26.7237 8.7128 trading
228.103 516.324 9.96023 8.7128 on
242.163 516.324 4.07813 8.7128 a
250.44 516.324 34.4674 8.7128 regulated

41.9184 526.869 28.4797 8.7128 market.

41.9184 554.989 7.65729 8.7128 In
52.9169 554.989 11.7546 8.7128 the
68.1106 554.989 15.4489 8.7128 case
86.9899 554.989 29.1226 8.7128 referred
119.646 554.989 7.76284 8.7128 to
130.757 554.989 7.36942 8.7128 in
141.529 554.989 38.1713 8.7128 paragraph
183.313 554.989 5.11445 8.7128 2
191.76 554.989 11.7546 8.7128 the
206.954 554.989 40.1096 8.7128 competent
250.439 554.989 34.5154 8.7128 authority

41.9184 565.533 25.3132 8.7128 should
70.0959 565.533 22.2522 8.7128 notify
95.268 565.533 11.7546 8.7128 the
110.009 565.533 21.331 8.7128 issuer
134.387 565.533 5.08567 8.7128 if
142.438 565.533 11.7546 8.7128 the
157.179 565.533 41.405 8.7128 documents
201.458 565.533 11.294 8.7128 are
215.801 565.533 41.9712 8.7128 incomplete
260.76 565.533 24.2097 8.7128 within

41.9184 576.078 10.2289 8.7128 10
55.0145 576.078 31.3584 8.7128 working
89.3149 576.078 16.6484 8.7128 days
108.761 576.078 7.67648 8.7128 of
119.249 576.078 11.7546 8.7128 the
133.933 576.078 42.3262 8.7128 submission
179.006 576.078 7.67648 8.7128 of
189.437 576.078 11.7546 8.7128 the
204.121 576.078 44.0054 8.7128 application.

41.9184 604.198 7.1967 8.7128 5.

63.5191 604.198 14.1151 8.7128 The
81.0377 604.198 40.1096 8.7128 competent
124.41 604.198 34.5154 8.7128 authority
162.225 604.198 7.67648 8.7128 of
173.11 604.198 11.7546 8.7128 the
188.191 604.198 21.5133 8.7128 home
212.967 604.198 31.1089 8.7128 Member
247.437 604.198 18.1933 8.7128 State
268.924 604.198 16.1014 8.7128 may

41.9184 614.742 28.5757 8.7128 transfer
77.7493 614.742 11.7546 8.7128 the
96.7419 614.742 33.0568 8.7128 approval
137.052 614.742 7.67648 8.7128 of
151.849 614.742 4.07813 8.7128 a
163.131 614.742 40.6949 8.7128 prospectus
211.038 614.742 7.76284 8.7128 to
225.949 614.742 11.7546 8.7128 the
244.941 614.742 40.1096 8.7128 competent

41.9184 625.287 34.5154 8.7128 authority
79.6205 625.287 7.67648 8.7128 of
90.2793 625.287 29.0555 8.7128 another
122.482 625.287 31.1089 8.7128 Member
156.726 625.287 20.2755 8.7128 State,
180.141 625.287 26.1672 8.7128 subject
209.395 625.287 7.76284 8.7128 to
220.167 625.287 11.7546 8.7128 the
235.078 625.287 39.1309 8.7128 agreement
277.429 625.287 7.67648 8.7128 of

41.9184 635.832 14.7005 8.7128 that
61.3648 635.832 36.5976 8.7128 authority.
102.753 635.832 49.2254 8.7128 Furthermore,
156.84 635.832 13.597 8.7128 this
175.152 635.832 28.5757 8.7128 transfer
208.432 635.832 17.1665 8.7128 shall
230.259 635.832 8.77038 8.7128 be
243.752 635.832 28.9115 8.7128 notified
277.316 635.832 7.76284 8.7128 to

41.9184 646.376 11.7546 8.7128 the
58.133 646.376 23.4133 8.7128 issuer,
86.0841 646.376 11.7546 8.7128 the
102.299 646.376 25.8314 8.7128 offeror
132.461 646.376 8.20424 8.7128 or
145.104 646.376 11.7546 8.7128 the
161.318 646.376 25.6107 8.7128 person
191.309 646.376 23.989 8.7128 asking
219.713 646.376 10.939 8.7128 for
235.021 646.376 38.0082 8.7128 admission
277.316 646.376 7.76284 8.7128 to

41.9184 656.977 26.7237 8.7128 trading
72.2501 656.977 9.96023 8.7128 on
85.6302 656.977 4.07813 8.7128 a
93.227 656.977 34.4674 8.7128 regulated
131.27 656.977 26.3975 8.7128 market
161.204 656.977 24.2097 8.7128 within
188.984 656.977 18.9705 8.7128 three
211.548 656.977 31.3584 8.7128 working
246.416 656.977 16.6484 8.7128 days
266.543 656.977 18.5771 8.7128 from

41.9184 667.522 11.7546 8.7128 the
57.9066 667.522 15.5928 8.7128 date
77.6927 667.522 7.67648 8.7128 of
89.4847 667.522 11.7546 8.7128 the
105.415 667.522 30.7731 8.7128 decision
140.396 667.522 20.5154 8.7128 taken
165.058 667.522 9.20218 8.7128 by
178.438 667.522 11.7546 8.7128 the
194.426 667.522 40.1096 8.7128 competent
238.648 667.522 34.5154 8.7128 authority
277.428 667.522 7.67648 8.7128 of

41.9184 678.067 11.7546 8.7128 the
58.3595 678.067 21.5133 8.7128 home
84.4394 678.067 31.1089 8.7128 Member
120.214 678.067 20.2755 8.7128 State.
145.159 678.067 14.1151 8.7128 The
163.925 678.067 16.7635 8.7128 time
185.356 678.067 17.4928 8.7128 limit
207.411 678.067 29.1226 8.7128 referred
241.314 678.067 7.76284 8.7128 to
253.617 678.067 7.36942 8.7128 in
265.636 678.067 19.3063 8.7128 para-

41.9184 688.611 21.7628 8.7128 graph
66.6942 688.611 5.11445 8.7128 2
74.6883 688.611 17.1665 8.7128 shall
94.6453 688.611 20.7745 8.7128 apply
118.344 688.611 18.5771 8.7128 from
139.718 688.611 14.7005 8.7128 that
157.293 688.611 17.6751 8.7128 date.

41.9184 716.731 7.1967 8.7128 6.

63.5191 716.731 15.9575 8.7128 This
83.8157 716.731 33.5942 8.7128 Directive
121.915 716.731 17.1665 8.7128 shall
143.289 716.731 12.7813 8.7128 not
160.297 716.731 20.2947 8.7128 affect
184.846 716.731 11.7546 8.7128 the
200.947 716.731 40.1096 8.7128 competent
245.339 716.731 39.7066 8.7128 authority's

41.9184 727.276 29.8999 8.7128 liability,
74.9714 727.276 22.9719 8.7128 which
101.165 727.276 17.1665 8.7128 shall
121.291 727.276 32.9513 8.7128 continue
157.35 727.276 7.76284 8.7128 to
168.122 727.276 8.77038 8.7128 be
179.97 727.276 34.7073 8.7128 governed
217.842 727.276 21.3886 8.7128 solely
242.164 727.276 9.20218 8.7128 by
254.41 727.276 30.6388 8.7128 national

41.9184 737.82 15.1802 8.7128 law.

41.9184 765.884 31.1089 8.7128 Member
77.7493 765.884 21.6381 8.7128 States
103.942 765.884 17.1665 8.7128 shall
125.656 765.884 24.5072 8.7128 ensure
154.854 765.884 14.7005 8.7128 that
174.13 765.884 17.368 8.7128 their
196.242 765.884 30.6388 8.7128 national
231.449 765.884 39.1309 8.7128 provisions
275.104 765.884 9.96023 8.7128 on

41.9184 776.485 11.7546 8.7128 the
56.7158 776.485 27.8176 8.7128 liability
87.558 776.485 7.67648 8.7128 of
98.1035 776.485 40.1096 8.7128 competent
141.135 776.485 39.8793 8.7128 authorities
184.053 776.485 20.7745 8.7128 apply
207.808 776.485 16.6772 8.7128 only
227.368 776.485 7.76284 8.7128 to
237.97 776.485 36.5017 8.7128 approvals
277.43 776.485 7.67648 8.7128 of

41.9184 787.029 48.0931 8.7128 prospectuses
92.8873 787.029 9.20218 8.7128 by
104.963 787.029 17.368 8.7128 their
125.373 787.029 40.1096 8.7128 competent
168.348 787.029 34.5154 8.7128 authority
205.824 787.029 8.20424 8.7128 or
216.879 787.029 41.9616 8.7128 authorities.

310.644 76.8907 7.1967 8.7128 7.
332.188 76.8907 7.65729 8.7128 In
344.491 76.8907 20.1604 8.7128 order
369.436 76.8907 7.76284 8.7128 to
381.796 76.8907 15.4969 8.7128 take
402.036 76.8907 29.6792 8.7128 account
436.393 76.8907 7.67648 8.7128 of
448.752 76.8907 33.479 8.7128 technical
487.021 76.8907 52.1713 8.7128 developments
543.83 76.8907 9.96023 8.7128 on

310.644 87.4353 31.9342 8.7128 financial
347.779 87.4353 29.8423 8.7128 markets
382.703 87.4353 13.8369 8.7128 and
401.639 87.4353 7.76284 8.7128 to
414.509 87.4353 24.5072 8.7128 ensure
444.273 87.4353 30.8211 8.7128 uniform
480.218 87.4353 41.9232 8.7128 application
527.388 87.4353 7.67648 8.7128 of
540.087 87.4353 13.597 8.7128 this

310.644 97.9799 35.6764 8.7128 Directive,
349.991 97.9799 11.7546 8.7128 the
365.241 97.9799 47.4023 8.7128 Commission
415.926 97.9799 18.1837 8.7128 may,
437.583 97.9799 7.36942 8.7128 in
448.412 97.9799 41.9903 8.7128 accordance
493.995 97.9799 16.8403 8.7128 with
514.348 97.9799 11.7546 8.7128 the
529.599 97.9799 24.0178 8.7128 proce-

310.644 108.525 16.8307 8.7128 dure
330.714 108.525 29.1226 8.7128 referred
363.144 108.525 7.76284 8.7128 to
374.029 108.525 7.36942 8.7128 in
384.63 108.525 25.0637 8.7128 Article
412.977 108.525 22.4345 8.7128 24(2),
438.603 108.525 21.5709 8.7128 adopt
463.266 108.525 52.5167 8.7128 implementing
518.997 108.525 34.6497 8.7128 measures

310.644 119.069 41.9616 8.7128 concerning
355.547 119.069 11.7546 8.7128 the
370.174 119.069 39.601 8.7128 conditions
412.469 119.069 7.36942 8.7128 in
422.674 119.069 41.9903 8.7128 accordance
467.576 119.069 16.8403 8.7128 with
487.306 119.069 22.9719 8.7128 which
513.215 119.069 16.7635 8.7128 time
532.831 119.069 20.9376 8.7128 limits

310.644 129.671 16.1014 8.7128 may
329.58 129.671 8.77038 8.7128 be
341.259 129.671 33.0185 8.7128 adjusted.

414.223 187.8 22.7991 8.74159 Article
439.906 187.8 10.2289 8.74159 14

371.816 221.889 45.8766 8.90472 Publication
420.687 221.889 8.39615 8.90472 of
431.97 221.889 13.0212 8.90472 the
447.958 221.889 44.514 8.90472 prospectus

310.644 256.437 7.1967 8.7128 1.
332.188 256.437 19.9205 8.7128 Once
357.304 256.437 37.4228 8.7128 approved,
399.881 256.437 11.7546 8.7128 the
416.833 256.437 40.6949 8.7128 prospectus
462.586 256.437 17.1665 8.7128 shall
484.81 256.437 8.77038 8.7128 be
498.7 256.437 16.111 8.7128 filed
519.903 256.437 16.8403 8.7128 with
541.9 256.437 11.7546 8.7128 the

310.644 266.981 40.1096 8.7128 competent
354.98 266.981 34.5154 8.7128 authority
393.873 266.981 7.67648 8.7128 of
405.721 266.981 11.7546 8.7128 the
421.766 266.981 21.5133 8.7128 home
447.562 266.981 31.1089 8.7128 Member
482.996 266.981 18.1933 8.7128 State
505.504 266.981 13.8369 8.7128 and
523.533 266.981 17.1665 8.7128 shall
544.907 266.981 8.77038 8.7128 be

310.644 277.526 20.4098 8.7128 made
335.363 277.526 32.4043 8.7128 available
372.159 277.526 7.76284 8.7128 to
384.178 277.526 11.7546 8.7128 the
400.28 277.526 23.3365 8.7128 public
428.003 277.526 9.20218 8.7128 by
441.553 277.526 11.7546 8.7128 the
457.654 277.526 23.4133 8.7128 issuer,
485.491 277.526 25.8314 8.7128 offeror
515.597 277.526 8.20424 8.7128 or
528.126 277.526 25.6107 8.7128 person

310.644 288.071 23.989 8.7128 asking
338.141 288.071 10.939 8.7128 for
352.541 288.071 38.0082 8.7128 admission
393.928 288.071 7.76284 8.7128 to
405.153 288.071 26.7237 8.7128 trading
435.485 288.071 9.96023 8.7128 on
448.865 288.071 4.07813 8.7128 a
456.462 288.071 34.642 8.7128 regulated
494.617 288.071 26.3975 8.7128 market
524.495 288.071 7.52295 8.7128 as
535.493 288.071 18.3468 8.7128 soon

310.644 298.672 7.52295 8.7128 as
321.473 298.672 40.6278 8.7128 practicable
365.638 298.672 13.8369 8.7128 and
382.816 298.672 7.36942 8.7128 in
393.589 298.672 13.4818 8.7128 any
410.483 298.672 17.5312 8.7128 case,
431.46 298.672 6.89924 8.7128 at
441.722 298.672 4.07813 8.7128 a
449.206 298.672 39.8793 8.7128 reasonable
492.463 298.672 16.7635 8.7128 time
512.647 298.672 7.36942 8.7128 in
523.419 298.672 30.2261 8.7128 advance

310.644 309.217 9.75873 8.7128 of,
323.627 309.217 13.8369 8.7128 and
340.748 309.217 6.89924 8.7128 at
351.01 309.217 11.7546 8.7128 the
366.09 309.217 19.4503 8.7128 latest
388.825 309.217 6.89924 8.7128 at
399.087 309.217 11.7546 8.7128 the
414.167 309.217 37.4324 8.7128 beginning
455.101 309.217 9.75873 8.7128 of,
468.141 309.217 11.7546 8.7128 the
483.221 309.217 17.6271 8.7128 offer
504.141 309.217 7.76284 8.7128 to
515.196 309.217 11.7546 8.7128 the
530.333 309.217 23.3365 8.7128 public

310.644 319.761 8.20424 8.7128 or
322.436 319.761 11.7546 8.7128 the
337.857 319.761 38.0082 8.7128 admission
379.358 319.761 7.76284 8.7128 to
390.64 319.761 26.7237 8.7128 trading
421.085 319.761 7.67648 8.7128 of
432.253 319.761 11.7546 8.7128 the
447.674 319.761 34.429 8.7128 securities
485.887 319.761 34.1891 8.7128 involved.
523.702 319.761 7.65729 8.7128 In
534.927 319.761 18.8074 8.7128 addi-

310.644 330.306 17.2145 8.7128 tion,
331.848 330.306 7.36942 8.7128 in
343.3 330.306 11.7546 8.7128 the
359.117 330.306 15.4489 8.7128 case
378.62 330.306 7.67648 8.7128 of
390.299 330.306 9.09663 8.7128 an
403.395 330.306 21.3022 8.7128 initial
428.851 330.306 23.3365 8.7128 public
456.235 330.306 17.6271 8.7128 offer
477.893 330.306 7.67648 8.7128 of
489.515 330.306 4.07813 8.7128 a
497.679 330.306 17.2721 8.7128 class
518.882 330.306 7.67648 8.7128 of
530.504 330.306 23.1638 8.7128 shares

310.644 340.85 12.7813 8.7128 not
326.292 340.85 26.8293 8.7128 already
356.17 340.85 33.1432 8.7128 admitted
392.228 340.85 7.76284 8.7128 to
402.887 340.85 26.7237 8.7128 trading
432.651 340.85 9.96023 8.7128 on
445.577 340.85 4.07813 8.7128 a
452.607 340.85 34.4674 8.7128 regulated
490.196 340.85 26.3975 8.7128 market
519.564 340.85 14.7005 8.7128 that
537.253 340.85 5.79574 8.7128 is
546.041 340.85 7.76284 8.7128 to

310.644 351.452 8.77038 8.7128 be
322.323 351.452 33.1432 8.7128 admitted
358.381 351.452 7.76284 8.7128 to
368.983 351.452 26.7237 8.7128 trading
398.691 351.452 10.939 8.7128 for
412.524 351.452 11.7546 8.7128 the
427.209 351.452 14.6141 8.7128 first
444.727 351.452 18.8458 8.7128 time,
466.554 351.452 11.7546 8.7128 the
481.295 351.452 40.6949 8.7128 prospectus
524.894 351.452 17.1665 8.7128 shall
544.907 351.452 8.77038 8.7128 be

310.644 361.996 32.4043 8.7128 available
345.965 361.996 6.89924 8.7128 at
355.772 361.996 16.6292 8.7128 least
375.219 361.996 10.2769 8.7128 six
388.428 361.996 31.3584 8.7128 working
422.672 361.996 16.6484 8.7128 days
442.175 361.996 23.6627 8.7128 before
468.708 361.996 11.7546 8.7128 the
483.392 361.996 13.7121 8.7128 end
500.004 361.996 7.67648 8.7128 of
510.435 361.996 11.7546 8.7128 the
525.119 361.996 19.7094 8.7128 offer.

310.644 396.296 7.1967 8.7128 2.
332.188 396.296 14.1151 8.7128 The
350.954 396.296 40.6949 8.7128 prospectus
396.197 396.296 17.1665 8.7128 shall
417.797 396.296 8.77038 8.7128 be
431.177 396.296 28.9787 8.7128 deemed
464.684 396.296 32.4043 8.7128 available
501.706 396.296 7.76284 8.7128 to
513.952 396.296 11.7546 8.7128 the
530.336 396.296 23.3365 8.7128 public

310.644 406.84 20.6401 8.7128 when
334.173 406.84 36.4825 8.7128 published
373.576 406.84 23.4037 8.7128 either:

311.438 433.259 9.08703 8.7128 (a)
325.327 433.259 9.20218 8.7128 by
342.562 433.259 33.1624 8.7128 insertion
383.836 433.259 7.36942 8.7128 in
399.257 433.259 13.9136 8.7128 one
421.197 433.259 8.20424 8.7128 or
437.468 433.259 19.7957 8.7128 more
465.305 433.259 43.8231 8.7128 newspapers
517.237 433.259 36.3577 8.7128 circulated

325.327 443.803 45.0322 8.7128 throughout,
374.482 443.803 8.20424 8.7128 or
386.784 443.803 24.4496 8.7128 widely
415.358 443.803 36.3577 8.7128 circulated
455.895 443.803 9.45167 8.7128 in,
469.501 443.803 11.7546 8.7128 the
485.375 443.803 31.1089 8.7128 Member
520.639 443.803 21.6381 8.7128 States
546.322 443.803 7.36942 8.7128 in

325.327 454.405 22.9719 8.7128 which
352.201 454.405 11.7546 8.7128 the
367.735 454.405 17.6271 8.7128 offer
389.053 454.405 7.76284 8.7128 to
400.505 454.405 11.7546 8.7128 the
416.039 454.405 23.3365 8.7128 public
443.196 454.405 5.79574 8.7128 is
452.72 454.405 20.4098 8.7128 made
476.873 454.405 8.20424 8.7128 or
488.835 454.405 11.7546 8.7128 the
504.37 454.405 38.0082 8.7128 admission
546.041 454.405 7.76284 8.7128 to

325.327 464.949 26.7237 8.7128 trading
355.035 464.949 5.79574 8.7128 is
363.71 464.949 27.5969 8.7128 sought;
394.155 464.949 8.20424 8.7128 or

310.757 491.368 9.82589 8.7128 (b)
325.327 491.368 7.36942 8.7128 in
336.666 491.368 4.07813 8.7128 a
344.717 491.368 27.1364 8.7128 printed
375.899 491.368 18.5771 8.7128 form
398.293 491.368 7.76284 8.7128 to
409.972 491.368 8.77038 8.7128 be
422.728 491.368 20.4098 8.7128 made
447.05 491.368 34.4866 8.7128 available,
485.603 491.368 13.904 8.7128 free
503.518 491.368 7.67648 8.7128 of
515.083 491.368 26.7813 8.7128 charge,
545.982 491.368 7.76284 8.7128 to

325.327 501.912 11.7546 8.7128 the
340.295 501.912 23.3365 8.7128 public
366.884 501.912 6.89924 8.7128 at
376.976 501.912 11.7546 8.7128 the
391.943 501.912 24.1329 8.7128 offices
419.214 501.912 7.67648 8.7128 of
429.986 501.912 11.7546 8.7128 the
444.953 501.912 26.3975 8.7128 market
474.491 501.912 9.96023 8.7128 on
487.587 501.912 22.9719 8.7128 which
513.837 501.912 11.7546 8.7128 the
528.804 501.912 24.7566 8.7128 securi-

325.327 512.457 12.5702 8.7128 ties
340.918 512.457 11.294 8.7128 are
355.318 512.457 20.5922 8.7128 being
379.017 512.457 33.1432 8.7128 admitted
415.132 512.457 7.76284 8.7128 to
425.847 512.457 28.806 8.7128 trading,
457.709 512.457 8.20424 8.7128 or
468.935 512.457 6.89924 8.7128 at
478.799 512.457 11.7546 8.7128 the
493.597 512.457 36.1946 8.7128 registered
533 512.457 20.6881 8.7128 office

325.327 523.002 7.67648 8.7128 of
337.006 523.002 11.7546 8.7128 the
352.824 523.002 21.331 8.7128 issuer
378.28 523.002 13.8369 8.7128 and
396.138 523.002 6.89924 8.7128 at
407.08 523.002 11.7546 8.7128 the
422.954 523.002 24.1329 8.7128 offices
451.075 523.002 7.67648 8.7128 of
462.697 523.002 11.7546 8.7128 the
478.571 523.002 31.9342 8.7128 financial
514.629 523.002 38.9869 8.7128 intermedi-

325.327 533.546 17.0898 8.7128 aries
348.628 533.546 27.1939 8.7128 placing
382.021 533.546 8.20424 8.7128 or
396.365 533.546 23.8834 8.7128 selling
426.356 533.546 11.7546 8.7128 the
444.214 533.546 36.5113 8.7128 securities,
487.019 533.546 35.1103 8.7128 including
528.349 533.546 25.2748 8.7128 paying

325.327 544.147 25.8505 8.7128 agents;
354.129 544.147 8.20424 8.7128 or

311.551 570.509 8.98148 8.7128 (c)
325.327 570.509 7.36942 8.7128 in
336.099 570.509 9.09663 8.7128 an
348.572 570.509 36.5784 8.7128 electronic
388.655 570.509 18.5771 8.7128 form
410.539 570.509 9.96023 8.7128 on
423.806 570.509 11.7546 8.7128 the
438.943 570.509 26.5222 8.7128 issuer's
468.821 570.509 28.0287 8.7128 website
500.287 570.509 15.9191 8.7128 and,
519.563 570.509 5.08567 8.7128 if
528.01 570.509 25.6107 8.7128 applic-

325.327 581.111 17.2625 8.7128 able,
346.304 581.111 9.96023 8.7128 on
359.854 581.111 11.7546 8.7128 the
375.275 581.111 28.0287 8.7128 website
407.024 581.111 7.67648 8.7128 of
418.307 581.111 11.7546 8.7128 the
433.728 581.111 31.9342 8.7128 financial
469.389 581.111 53.1788 8.7128 intermediaries
526.424 581.111 27.1939 8.7128 placing

325.327 591.655 8.20424 8.7128 or
336.439 591.655 23.8834 8.7128 selling
363.199 591.655 11.7546 8.7128 the
377.883 591.655 36.5113 8.7128 securities,
417.457 591.655 35.1103 8.7128 including
455.499 591.655 25.2748 8.7128 paying
483.79 591.655 25.8505 8.7128 agents;
512.535 591.655 8.20424 8.7128 or

310.871 618.017 9.74913 8.7128 (d)
325.327 618.017 7.36942 8.7128 in
338.593 618.017 9.09663 8.7128 an
353.617 618.017 36.5784 8.7128 electronic
396.138 618.017 18.5771 8.7128 form
420.517 618.017 9.96023 8.7128 on
436.334 618.017 11.7546 8.7128 the
453.966 618.017 28.0287 8.7128 website
487.982 618.017 7.67648 8.7128 of
501.419 618.017 11.7546 8.7128 the
519.108 618.017 34.4674 8.7128 regulated

325.327 628.619 26.3975 8.7128 market
354.639 628.619 22.8375 8.7128 where
380.491 628.619 11.7546 8.7128 the
395.176 628.619 38.0082 8.7128 admission
435.94 628.619 7.76284 8.7128 to
446.484 628.619 26.7237 8.7128 trading
476.192 628.619 5.79574 8.7128 is
484.867 628.619 27.5969 8.7128 sought;
515.312 628.619 8.20424 8.7128 or

311.551 654.981 8.96229 8.7128 (e)
325.327 654.981 7.36942 8.7128 in
339.784 654.981 36.5784 8.7128 electronic
383.552 654.981 18.5771 8.7128 form
409.122 654.981 9.96023 8.7128 on
426.073 654.981 11.7546 8.7128 the
444.953 654.981 28.0287 8.7128 website
480.103 654.981 7.67648 8.7128 of
494.788 654.981 11.7546 8.7128 the
513.61 654.981 40.1096 8.7128 competent

325.327 665.582 34.5154 8.7128 authority
364.107 665.582 7.67648 8.7128 of
375.842 665.582 11.7546 8.7128 the
391.773 665.582 21.5133 8.7128 home
417.456 665.582 31.1089 8.7128 Member
452.776 665.582 18.1933 8.7128 State
475.17 665.582 5.08567 8.7128 if
484.412 665.582 11.7546 8.7128 the
500.342 665.582 14.6141 8.7128 said
519.109 665.582 34.5154 8.7128 authority

325.327 676.126 12.5031 8.7128 has
340.692 676.126 28.451 8.7128 decided
372.101 676.126 7.76284 8.7128 to
382.646 676.126 17.6271 8.7128 offer
403.112 676.126 13.597 8.7128 this
419.61 676.126 27.405 8.7128 service.

310.644 710.426 6.37148 8.7128 A
320.339 710.426 21.5133 8.7128 home
345.171 710.426 31.1089 8.7128 Member
379.698 710.426 18.1933 8.7128 State
401.185 710.426 16.1014 8.7128 may
420.632 710.426 26.3303 8.7128 require
450.566 710.426 24.7758 8.7128 issuers
478.687 710.426 22.9719 8.7128 which
505.107 710.426 27.7889 8.7128 publish
536.232 710.426 17.368 8.7128 their

310.644 721.027 40.6949 8.7128 prospectus
355.434 721.027 7.36942 8.7128 in
366.942 721.027 41.9903 8.7128 accordance
413.149 721.027 16.8403 8.7128 with
434.183 721.027 9.08703 8.7128 (a)
447.392 721.027 8.20424 8.7128 or
459.751 721.027 9.82589 8.7128 (b)
473.641 721.027 14.7964 8.7128 also
492.463 721.027 7.76284 8.7128 to
504.312 721.027 27.7889 8.7128 publish
536.231 721.027 17.368 8.7128 their

310.644 731.572 40.6949 8.7128 prospectus
354.186 731.572 7.36942 8.7128 in
364.448 731.572 9.09663 8.7128 an
376.467 731.572 36.5784 8.7128 electronic
415.984 731.572 18.5771 8.7128 form
437.357 731.572 7.36942 8.7128 in
447.675 731.572 41.9903 8.7128 accordance
492.634 731.572 16.8403 8.7128 with
512.42 731.572 11.0637 8.7128 (c).

310.644 765.871 7.1967 8.7128 3.
332.188 765.871 7.65729 8.7128 In
343.924 765.871 33.124 8.7128 addition,
381.115 765.871 4.07813 8.7128 a
389.279 765.871 21.5133 8.7128 home
414.849 765.871 31.1089 8.7128 Member
450.169 765.871 18.1933 8.7128 State
472.45 765.871 16.1014 8.7128 may
492.633 765.871 26.3303 8.7128 require
523.306 765.871 30.3125 8.7128 publica-

310.644 776.472 15.1323 8.7128 tion
330.543 776.472 7.67648 8.7128 of
343.016 776.472 4.07813 8.7128 a
351.917 776.472 23.0582 8.7128 notice
379.867 776.472 24.9869 8.7128 stating
409.745 776.472 16.61 8.7128 how
431.175 776.472 11.7546 8.7128 the
447.786 776.472 40.6949 8.7128 prospectus
493.313 776.472 12.5031 8.7128 has
510.662 776.472 17.7423 8.7128 been
533.282 776.472 20.4098 8.7128 made

310.644 787.017 32.4043 8.7128 available
345.965 787.017 13.8369 8.7128 and
362.69 787.017 22.8375 8.7128 where
388.542 787.017 5.17203 8.7128 it
396.593 787.017 13.0692 8.7128 can
412.581 787.017 8.77038 8.7128 be
424.26 787.017 32.721 8.7128 obtained
459.808 787.017 9.20218 8.7128 by
471.884 787.017 11.7546 8.7128 the
486.568 787.017 25.4187 8.7128 public.

508.727 51.2759 45.0801 8.7128 31.12.2003

41.916 51.2759 4.55791 8.7128 L
49.3996 51.2759 28.3358 8.7128 345/76

223.846 51.2759 27.5298 8.7128 Official
254.347 51.2759 27.098 8.7128 Journal
284.283 51.2759 7.67648 8.7128 of
294.771 51.2759 11.7546 8.7128 the
309.455 51.2759 35.7724 8.7128 European
348.234 51.2759 23.634 8.7128 Union

120.154 52.1989 9.8344 7.7447 EN

41.9182 76.9011 7.1967 8.7128 4.

63.5189 76.9011 14.1151 8.7128 The
80.8677 76.9011 40.1096 8.7128 competent
124.126 76.9011 34.5154 8.7128 authority
161.884 76.9011 7.67648 8.7128 of
172.656 76.9011 11.7546 8.7128 the
187.567 76.9011 21.5133 8.7128 home
212.23 76.9011 31.1089 8.7128 Member
246.587 76.9011 18.1933 8.7128 State
267.961 76.9011 17.1665 8.7128 shall

41.9182 87.4457 27.7889 8.7128 publish
75.141 87.4457 9.96023 8.7128 on
90.4479 87.4457 8.61685 8.7128 its
104.508 87.4457 28.0287 8.7128 website
138.015 87.4457 16.5428 8.7128 over
160.013 87.4457 4.07813 8.7128 a
169.538 87.4457 24.2385 8.7128 period
199.246 87.4457 7.67648 8.7128 of
212.285 87.4457 10.2289 8.7128 12
227.876 87.4457 30.9266 8.7128 months,
264.104 87.4457 6.89924 8.7128 at
276.407 87.4457 8.61685 8.7128 its

41.9182 97.9903 26.2536 8.7128 choice,
73.2133 97.9903 8.74159 8.7128 all
86.7632 97.9903 11.7546 8.7128 the
103.432 97.9903 48.0931 8.7128 prospectuses
156.385 97.9903 37.4228 8.7128 approved,
198.736 97.9903 8.20424 8.7128 or
211.776 97.9903 6.89924 8.7128 at
223.568 97.9903 16.6292 8.7128 least
244.999 97.9903 11.7546 8.7128 the
261.667 97.9903 10.9486 8.7128 list
277.428 97.9903 7.67648 8.7128 of

41.9182 108.535 48.0931 8.7128 prospectuses
99.2932 108.535 35.3406 8.7128 approved
144.025 108.535 7.36942 8.7128 in
160.693 108.535 41.9903 8.7128 accordance
212.058 108.535 16.8403 8.7128 with
238.251 108.535 25.0637 8.7128 Article
272.721 108.535 12.3112 8.7128 13,

41.9182 119.079 37.1925 8.7128 including,
82.2284 119.079 5.08567 8.7128 if
90.2791 119.079 39.9753 8.7128 applicable,
133.367 119.079 4.07813 8.7128 a
140.453 119.079 35.9163 8.7128 hyperlink
179.403 119.079 7.76284 8.7128 to
190.118 119.079 11.7546 8.7128 the
204.859 119.079 40.6949 8.7128 prospectus
248.514 119.079 36.4825 8.7128 published

41.9182 129.682 9.96023 8.7128 on
55.0709 129.682 11.7546 8.7128 the
70.0381 129.682 28.0287 8.7128 website
101.333 129.682 7.67648 8.7128 of
112.162 129.682 11.7546 8.7128 the
127.129 129.682 23.4133 8.7128 issuer,
153.833 129.682 8.20424 8.7128 or
165.228 129.682 9.96023 8.7128 on
178.324 129.682 11.7546 8.7128 the
193.348 129.682 28.0287 8.7128 website
224.643 129.682 7.67648 8.7128 of
235.415 129.682 11.7546 8.7128 the
250.439 129.682 34.4674 8.7128 regulated

41.9182 140.226 28.4797 8.7128 market.

41.9182 171.124 7.1967 8.7128 5.

63.5189 171.124 7.65729 8.7128 In
74.2343 171.124 11.7546 8.7128 the
89.1449 171.124 15.4489 8.7128 case
107.798 171.124 7.67648 8.7128 of
118.513 171.124 4.07813 8.7128 a
125.713 171.124 40.6949 8.7128 prospectus
169.538 171.124 42.4221 8.7128 comprising
215.121 171.124 25.4091 8.7128 several
243.752 171.124 41.405 8.7128 documents

41.9182 181.669 24.8046 8.7128 and/or
70.5496 181.669 51.4612 8.7128 incorporating
125.998 181.669 45.1569 8.7128 information
174.869 181.669 9.20218 8.7128 by
187.909 181.669 36.1466 8.7128 reference,
228.105 181.669 11.7546 8.7128 the
243.753 181.669 41.405 8.7128 documents

41.9182 192.213 13.8369 8.7128 and
59.7766 192.213 45.1569 8.7128 information
108.874 192.213 28.1823 8.7128 making
141.134 192.213 9.86428 8.7128 up
155.023 192.213 11.7546 8.7128 the
170.841 192.213 40.6949 8.7128 prospectus
215.574 192.213 16.1014 8.7128 may
235.7 192.213 8.77038 8.7128 be
248.57 192.213 36.4825 8.7128 published

41.9182 202.758 13.8369 8.7128 and
59.267 202.758 36.3577 8.7128 circulated
99.2932 202.758 37.2981 8.7128 separately
140.227 202.758 33.3639 8.7128 provided
177.136 202.758 14.7005 8.7128 that
195.335 202.758 11.7546 8.7128 the
210.699 202.758 14.6141 8.7128 said
228.841 202.758 41.405 8.7128 documents
273.631 202.758 11.294 8.7128 are

41.9182 213.359 20.4098 8.7128 made
65.1626 213.359 34.4866 8.7128 available,
102.582 213.359 13.904 8.7128 free
119.363 213.359 7.67648 8.7128 of
129.795 213.359 26.7813 8.7128 charge,
159.616 213.359 7.76284 8.7128 to
170.104 213.359 11.7546 8.7128 the
184.731 213.359 25.4187 8.7128 public,
213.022 213.359 7.36942 8.7128 in
223.227 213.359 41.9903 8.7128 accordance
268.186 213.359 16.8403 8.7128 with

41.9182 223.904 11.7546 8.7128 the
58.1328 223.904 50.9814 8.7128 arrangements
113.581 223.904 40.9156 8.7128 established
158.823 223.904 7.36942 8.7128 in
170.615 223.904 38.1713 8.7128 paragraph
213.42 223.904 7.1967 8.7128 2.
224.986 223.904 17.6847 8.7128 Each
247.154 223.904 37.9602 8.7128 document

41.9182 234.448 17.1665 8.7128 shall
62.045 234.448 29.2858 8.7128 indicate
94.4176 234.448 22.8375 8.7128 where
120.384 234.448 11.7546 8.7128 the
135.182 234.448 19.9588 8.7128 other
158.2 234.448 42.0383 8.7128 constituent
203.159 234.448 41.405 8.7128 documents
247.438 234.448 7.67648 8.7128 of
258.04 234.448 11.7546 8.7128 the
272.837 234.448 12.2728 8.7128 full

41.9182 244.993 40.6949 8.7128 prospectus
85.5168 244.993 16.1014 8.7128 may
104.509 244.993 8.77038 8.7128 be
116.188 244.993 34.8032 8.7128 obtained.

41.9182 275.891 7.1967 8.7128 6.

63.5189 275.891 14.1151 8.7128 The
82.568 275.891 14.0767 8.7128 text
101.504 275.891 13.8369 8.7128 and
120.099 275.891 11.7546 8.7128 the
136.71 275.891 25.4763 8.7128 format
166.929 275.891 7.67648 8.7128 of
179.401 275.891 11.7546 8.7128 the
196.012 275.891 42.7772 8.7128 prospectus,
243.636 275.891 24.8046 8.7128 and/or
273.231 275.891 11.7546 8.7128 the

41.9182 286.492 47.4598 8.7128 supplements
92.8305 286.492 7.76284 8.7128 to
104.055 286.492 11.7546 8.7128 the
119.363 286.492 42.7772 8.7128 prospectus,
165.683 286.492 36.4825 8.7128 published
205.71 286.492 8.20424 8.7128 or
217.389 286.492 20.4098 8.7128 made
241.314 286.492 32.4043 8.7128 available
277.315 286.492 7.76284 8.7128 to

41.9182 297.037 11.7546 8.7128 the
57.0553 297.037 25.4187 8.7128 public,
85.9131 297.037 17.1665 8.7128 shall
106.323 297.037 6.89924 8.7128 at
116.528 297.037 8.74159 8.7128 all
128.604 297.037 20.2083 8.7128 times
152.076 297.037 8.77038 8.7128 be
164.208 297.037 31.6175 8.7128 identical
199.246 297.037 7.76284 8.7128 to
210.301 297.037 11.7546 8.7128 the
225.438 297.037 28.7868 8.7128 original
257.641 297.037 27.3571 8.7128 version

41.9182 307.581 35.3406 8.7128 approved
82.3416 307.581 9.20218 8.7128 by
96.5152 307.581 11.7546 8.7128 the
113.297 307.581 40.1096 8.7128 competent
158.369 307.581 34.5154 8.7128 authority
197.999 307.581 7.67648 8.7128 of
210.586 307.581 11.7546 8.7128 the
227.368 307.581 21.5133 8.7128 home
253.844 307.581 31.1089 8.7128 Member

41.9182 318.126 20.2755 8.7128 State.

41.9182 349.024 7.1967 8.7128 7.

63.5189 349.024 24.9582 8.7128 Where
91.8662 349.024 11.7546 8.7128 the
106.947 349.024 40.6949 8.7128 prospectus
150.885 349.024 5.79574 8.7128 is
159.956 349.024 20.4098 8.7128 made
183.597 349.024 32.4043 8.7128 available
219.315 349.024 9.20218 8.7128 by
231.787 349.024 42.5469 8.7128 publication
277.653 349.024 7.36942 8.7128 in

41.9182 359.568 36.5784 8.7128 electronic
81.6613 359.568 20.6593 8.7128 form,
105.303 359.568 4.07813 8.7128 a
112.502 359.568 21.2734 8.7128 paper
136.938 359.568 18.2892 8.7128 copy
158.255 359.568 18.7786 8.7128 must
180.026 359.568 45.5023 8.7128 nevertheless
228.67 359.568 8.77038 8.7128 be
240.518 359.568 33.671 8.7128 delivered
277.314 359.568 7.76284 8.7128 to

41.9182 370.169 11.7546 8.7128 the
56.8854 370.169 32.2604 8.7128 investor,
92.32 370.169 19.8245 8.7128 upon
115.225 370.169 10.7759 8.7128 his
129.172 370.169 26.9828 8.7128 request
159.39 370.169 13.8369 8.7128 and
176.285 370.169 13.904 8.7128 free
193.407 370.169 7.67648 8.7128 of
204.179 370.169 26.7813 8.7128 charge,
234.284 370.169 9.20218 8.7128 by
246.587 370.169 11.7546 8.7128 the
261.554 370.169 23.4133 8.7128 issuer,

41.9182 380.714 11.7546 8.7128 the
57.6224 380.714 27.9136 8.7128 offeror,
89.3713 380.714 11.7546 8.7128 the
105.075 380.714 25.6107 8.7128 person
134.5 380.714 23.989 8.7128 asking
162.394 380.714 10.939 8.7128 for
177.135 380.714 38.0082 8.7128 admission
218.919 380.714 7.76284 8.7128 to
230.484 380.714 26.7237 8.7128 trading
261.157 380.714 8.20424 8.7128 or
273.233 380.714 11.7546 8.7128 the

41.9182 391.259 31.9342 8.7128 financial
76.7857 391.259 53.1788 8.7128 intermediaries
133.084 391.259 27.1939 8.7128 placing
163.246 391.259 8.20424 8.7128 or
174.301 391.259 23.8834 8.7128 selling
201.118 391.259 11.7546 8.7128 the
215.745 391.259 36.5113 8.7128 securities.

41.9182 422.157 7.1967 8.7128 8.

63.5189 422.157 7.65729 8.7128 In
75.8214 422.157 20.1604 8.7128 order
100.71 422.157 7.76284 8.7128 to
113.126 422.157 15.4969 8.7128 take
133.366 422.157 29.6792 8.7128 account
167.723 422.157 7.67648 8.7128 of
180.026 422.157 33.479 8.7128 technical
218.352 422.157 52.1713 8.7128 developments
275.16 422.157 9.96023 8.7128 on

41.9182 432.701 31.9342 8.7128 financial
79.3372 432.701 29.8423 8.7128 markets
114.488 432.701 13.8369 8.7128 and
133.65 432.701 7.76284 8.7128 to
146.746 432.701 24.5072 8.7128 ensure
176.737 432.701 30.8211 8.7128 uniform
212.909 432.701 41.9232 8.7128 application
260.249 432.701 7.67648 8.7128 of
273.232 432.701 11.7546 8.7128 the

41.9182 443.246 35.6764 8.7128 Directive,
81.1508 443.246 11.7546 8.7128 the
96.2878 443.246 47.4023 8.7128 Commission
146.86 443.246 19.2488 8.7128 shall,
169.367 443.246 7.36942 8.7128 in
180.139 443.246 41.9903 8.7128 accordance
225.552 443.246 16.8403 8.7128 with
245.792 443.246 11.7546 8.7128 the
260.929 443.246 24.0178 8.7128 proce-

41.9182 453.847 16.8307 8.7128 dure
62.045 453.847 29.1226 8.7128 referred
94.4743 453.847 7.76284 8.7128 to
105.36 453.847 7.36942 8.7128 in
115.962 453.847 25.0637 8.7128 Article
144.309 453.847 22.4345 8.7128 24(2),
169.878 453.847 21.5709 8.7128 adopt
194.598 453.847 52.5167 8.7128 implementing
250.329 453.847 34.6497 8.7128 measures

41.9182 464.392 41.9616 8.7128 concerning
88.4079 464.392 41.6161 8.7128 paragraphs
134.558 464.392 7.1967 8.7128 1,
146.067 464.392 7.1967 8.7128 2,
157.632 464.392 5.11445 8.7128 3
167.1 464.392 13.8369 8.7128 and
185.243 464.392 7.1967 8.7128 4.
196.808 464.392 14.1151 8.7128 The
215.347 464.392 14.6141 8.7128 first
234.34 464.392 10.2193 8.7128 set
248.853 464.392 7.67648 8.7128 of
260.816 464.392 24.1617 8.7128 imple-

41.9182 474.936 31.2529 8.7128 menting
76.1054 474.936 34.6497 8.7128 measures
113.694 474.936 17.1665 8.7128 shall
133.651 474.936 8.77038 8.7128 be
145.33 474.936 30.2645 8.7128 adopted
178.383 474.936 9.20218 8.7128 by
190.459 474.936 5.11445 8.7128 1
198.453 474.936 14.1823 8.7128 July
215.518 474.936 22.5401 8.7128 2004.

145.554 526.206 22.7991 8.74159 Article
171.236 526.206 10.2289 8.74159 15

131.04 556.893 64.6935 8.90472 Advertisements

41.9182 587.983 7.1967 8.7128 1.

63.5189 587.983 15.7752 8.7128 Any
83.1351 587.983 16.1494 8.7128 type
103.092 587.983 7.67648 8.7128 of
114.488 587.983 55.8656 8.7128 advertisements
174.131 587.983 28.2686 8.7128 relating
206.334 587.983 21.3214 8.7128 either
231.62 587.983 7.76284 8.7128 to
243.073 587.983 9.09663 8.7128 an
255.942 587.983 17.6271 8.7128 offer
277.316 587.983 7.76284 8.7128 to

41.9182 598.527 11.7546 8.7128 the
56.659 598.527 23.3365 8.7128 public
82.9087 598.527 7.67648 8.7128 of
93.3967 598.527 34.429 8.7128 securities
130.929 598.527 8.20424 8.7128 or
141.984 598.527 7.76284 8.7128 to
152.586 598.527 9.09663 8.7128 an
164.606 598.527 38.0082 8.7128 admission
205.37 598.527 7.76284 8.7128 to
215.972 598.527 26.7237 8.7128 trading
245.623 598.527 9.96023 8.7128 on
258.436 598.527 4.07813 8.7128 a
265.409 598.527 19.4407 8.7128 regu-

41.9182 609.129 17.9246 8.7128 lated
64.9361 609.129 26.3975 8.7128 market
96.402 609.129 17.1665 8.7128 shall
118.57 609.129 28.758 8.7128 observe
152.416 609.129 11.7546 8.7128 the
169.311 609.129 36.6648 8.7128 principles
211.209 609.129 36.8951 8.7128 contained
253.162 609.129 7.36942 8.7128 in
265.635 609.129 19.3063 8.7128 para-

41.9182 619.673 25.2076 8.7128 graphs
72.0234 619.673 5.11445 8.7128 2
81.9443 619.673 7.76284 8.7128 to
94.4167 619.673 7.1967 8.7128 5.
106.436 619.673 41.1651 8.7128 Paragraphs
152.472 619.673 5.11445 8.7128 2
162.393 619.673 7.76284 8.7128 to
174.865 619.673 5.11445 8.7128 4
184.786 619.673 17.1665 8.7128 shall
206.67 619.673 20.7745 8.7128 apply
232.239 619.673 16.6772 8.7128 only
253.613 619.673 7.76284 8.7128 to
266.142 619.673 18.8937 8.7128 cases

41.9182 630.218 22.8375 8.7128 where
68.2245 630.218 11.7546 8.7128 the
83.305 630.218 23.4133 8.7128 issuer,
110.122 630.218 11.7546 8.7128 the
125.202 630.218 25.8314 8.7128 offeror
154.287 630.218 8.20424 8.7128 or
165.795 630.218 11.7546 8.7128 the
180.876 630.218 25.6107 8.7128 person
209.79 630.218 32.5963 8.7128 applying
245.735 630.218 10.939 8.7128 for
259.965 630.218 25.1501 8.7128 admis-

41.9182 640.763 15.756 8.7128 sion
62.9518 640.763 7.76284 8.7128 to
75.9346 640.763 26.7237 8.7128 trading
108.024 640.763 5.79574 8.7128 is
119.079 640.763 29.209 8.7128 covered
153.663 640.763 9.20218 8.7128 by
168.176 640.763 11.7546 8.7128 the
185.298 640.763 38.1041 8.7128 obligation
228.669 640.763 7.76284 8.7128 to
241.652 640.763 18.769 8.7128 draw
265.747 640.763 9.86428 8.7128 up
280.941 640.763 4.07813 8.7128 a

41.9182 651.307 42.7772 8.7128 prospectus.

41.9182 682.205 7.1967 8.7128 2.

63.5189 682.205 58.1589 8.7128 Advertisements
125.6 682.205 17.1665 8.7128 shall
146.576 682.205 17.1186 8.7128 state
167.61 682.205 14.7005 8.7128 that
186.206 682.205 4.07813 8.7128 a
194.2 682.205 40.6949 8.7128 prospectus
238.762 682.205 12.5031 8.7128 has
255.147 682.205 17.7423 8.7128 been
276.861 682.205 8.20424 8.7128 or

41.9182 692.806 13.7025 8.7128 will
59.8908 692.806 8.77038 8.7128 be
72.8736 692.806 36.4825 8.7128 published
113.58 692.806 13.8369 8.7128 and
131.609 692.806 29.2858 8.7128 indicate
165.229 692.806 22.8375 8.7128 where
192.442 692.806 33.623 8.7128 investors
230.258 692.806 11.294 8.7128 are
245.905 692.806 8.20424 8.7128 or
258.321 692.806 13.7025 8.7128 will
276.237 692.806 8.77038 8.7128 be

41.9182 703.351 15.1802 8.7128 able
60.004 703.351 7.76284 8.7128 to
70.6062 703.351 24.0274 8.7128 obtain
97.4796 703.351 7.25427 8.7128 it.

41.9182 734.249 7.1967 8.7128 3.

63.5189 734.249 58.1589 8.7128 Advertisements
125.316 734.249 17.1665 8.7128 shall
146.01 734.249 8.77038 8.7128 be
158.426 734.249 24.3153 8.7128 clearly
186.434 734.249 46.577 8.7128 recognisable
236.722 734.249 7.52295 8.7128 as
247.834 734.249 19.3543 8.7128 such.
270.852 734.249 14.1151 8.7128 The

41.9182 744.793 45.1569 8.7128 information
90.3338 744.793 36.8951 8.7128 contained
130.474 744.793 7.36942 8.7128 in
141.133 744.793 9.09663 8.7128 an
153.549 744.793 52.4208 8.7128 advertisement
209.28 744.793 17.1665 8.7128 shall
229.69 744.793 12.7813 8.7128 not
245.678 744.793 8.77038 8.7128 be
257.754 744.793 27.1651 8.7128 inaccu-

41.9182 755.338 16.2012 8.7128 rate,
62.8424 755.338 8.2052 8.7128 or
75.5997 755.338 42.4509 8.7128 misleading.
122.684 755.338 15.9604 8.7128 This
143.267 755.338 45.1665 8.7128 information
192.941 755.338 17.1704 8.7128 shall
214.659 755.338 14.7993 8.7128 also
233.938 755.338 8.77134 8.7128 be
247.319 755.338 37.7961 8.7128 consistent

41.9182 765.882 16.8403 8.7128 with
63.6321 765.882 11.7546 8.7128 the
80.243 765.882 45.1569 8.7128 information
130.134 765.882 36.8951 8.7128 contained
171.862 765.882 7.36942 8.7128 in
184.051 765.882 11.7546 8.7128 the
200.662 765.882 42.7772 8.7128 prospectus,
248.229 765.882 5.08567 8.7128 if
258.151 765.882 26.8293 8.7128 already

41.9182 776.484 38.5647 8.7128 published,
86.7076 776.484 8.20424 8.7128 or
101.051 776.484 16.8403 8.7128 with
124.126 776.484 11.7546 8.7128 the
142.097 776.484 45.1569 8.7128 information
193.349 776.484 31.0706 8.7128 required
230.825 776.484 7.76284 8.7128 to
244.714 776.484 8.77038 8.7128 be
259.682 776.484 7.36942 8.7128 in
273.232 776.484 11.7546 8.7128 the

41.9182 787.028 42.7772 8.7128 prospectus,
87.6144 787.028 5.08567 8.7128 if
95.6085 787.028 11.7546 8.7128 the
110.236 787.028 40.6949 8.7128 prospectus
153.835 787.028 5.79574 8.7128 is
162.509 787.028 36.4825 8.7128 published
201.856 787.028 41.1459 8.7128 afterwards.

310.644 76.8896 7.1967 8.7128 4.
332.188 76.8896 7.65729 8.7128 In
344.037 76.8896 13.4818 8.7128 any
361.782 76.8896 17.5312 8.7128 case,
383.609 76.8896 8.74159 8.7128 all
396.478 76.8896 45.1569 8.7128 information
445.801 76.8896 41.9616 8.7128 concerning
492.121 76.8896 11.7546 8.7128 the
508.166 76.8896 17.6271 8.7128 offer
529.993 76.8896 7.76284 8.7128 to
541.898 76.8896 11.7546 8.7128 the

310.644 87.4342 23.3365 8.7128 public
339.841 87.4342 8.20424 8.7128 or
353.845 87.4342 11.7546 8.7128 the
371.477 87.4342 38.0082 8.7128 admission
415.132 87.4342 7.76284 8.7128 to
428.682 87.4342 26.7237 8.7128 trading
461.281 87.4342 9.96023 8.7128 on
476.986 87.4342 4.07813 8.7128 a
486.906 87.4342 34.4674 8.7128 regulated
527.33 87.4342 26.3975 8.7128 market

310.644 97.9788 33.9204 8.7128 disclosed
347.609 97.9788 7.36942 8.7128 in
358.211 97.9788 9.09663 8.7128 an
370.57 97.9788 14.6141 8.7128 oral
388.372 97.9788 8.20424 8.7128 or
399.768 97.9788 26.9157 8.7128 written
429.986 97.9788 20.6593 8.7128 form,
453.798 97.9788 17.3105 8.7128 even
474.377 97.9788 5.08567 8.7128 if
482.711 97.9788 12.7813 8.7128 not
498.586 97.9788 10.939 8.7128 for
512.703 97.9788 40.8581 8.7128 advertising

310.644 108.523 35.9835 8.7128 purposes,
353.619 108.523 17.1665 8.7128 shall
377.658 108.523 8.77038 8.7128 be
393.418 108.523 37.7875 8.7128 consistent
438.094 108.523 16.8403 8.7128 with
462.018 108.523 14.7005 8.7128 that
483.676 108.523 36.8951 8.7128 contained
527.557 108.523 7.36942 8.7128 in
541.901 108.523 11.7546 8.7128 the

310.644 119.068 42.7772 8.7128 prospectus.

310.644 151.157 7.1967 8.7128 5.
332.188 151.157 22.7608 8.7128 When
362.179 151.157 36.7895 8.7128 according
406.287 151.157 7.76284 8.7128 to
421.141 151.157 13.597 8.7128 this
441.948 151.157 33.5942 8.7128 Directive
482.939 151.157 9.96023 8.7128 no
500.004 151.157 40.6949 8.7128 prospectus
547.911 151.157 5.79574 8.7128 is

310.644 161.701 33.1528 8.7128 required,
349.48 161.701 30.514 8.7128 material
385.539 161.701 45.1569 8.7128 information
436.054 161.701 33.3639 8.7128 provided
474.89 161.701 9.20218 8.7128 by
489.574 161.701 9.09663 8.7128 an
504.087 161.701 21.331 8.7128 issuer
530.961 161.701 8.20424 8.7128 or
544.624 161.701 9.09663 8.7128 an

310.644 172.246 25.8314 8.7128 offeror
339.275 172.246 13.8369 8.7128 and
355.944 172.246 36.3577 8.7128 addressed
395.12 172.246 7.76284 8.7128 to
405.664 172.246 32.0877 8.7128 qualified
440.758 172.246 33.623 8.7128 investors
477.213 172.246 8.20424 8.7128 or
488.268 172.246 25.1213 8.7128 special
516.332 172.246 37.2309 8.7128 categories

310.644 182.79 7.67648 8.7128 of
322.096 182.79 35.7052 8.7128 investors,
361.67 182.79 35.1103 8.7128 including
400.676 182.79 45.1569 8.7128 information
449.658 182.79 33.9204 8.7128 disclosed
487.304 182.79 7.36942 8.7128 in
498.586 182.79 11.7546 8.7128 the
514.234 182.79 28.0096 8.7128 context
546.096 182.79 7.67648 8.7128 of

310.644 193.335 33.6326 8.7128 meetings
347.496 193.335 28.2686 8.7128 relating
379.075 193.335 7.76284 8.7128 to
389.96 193.335 21.0719 8.7128 offers
414.169 193.335 7.67648 8.7128 of
424.941 193.335 36.5113 8.7128 securities,
464.854 193.335 17.1665 8.7128 shall
485.15 193.335 8.77038 8.7128 be
497.113 193.335 33.9204 8.7128 disclosed
534.135 193.335 7.76284 8.7128 to
545.02 193.335 8.74159 8.7128 all

310.644 203.88 32.0877 8.7128 qualified
346.985 203.88 33.623 8.7128 investors
384.744 203.88 8.20424 8.7128 or
397.16 203.88 25.1213 8.7128 special
426.528 203.88 37.2309 8.7128 categories
468.086 203.88 7.67648 8.7128 of
479.878 203.88 33.623 8.7128 investors
517.636 203.88 7.76284 8.7128 to
529.485 203.88 24.2481 8.7128 whom

310.644 214.481 11.7546 8.7128 the
329.069 214.481 17.6271 8.7128 offer
353.335 214.481 5.79574 8.7128 is
365.751 214.481 40.4646 8.7128 exclusively
413.034 214.481 38.44 8.7128 addressed.
458.05 214.481 24.9582 8.7128 Where
489.799 214.481 4.07813 8.7128 a
500.571 214.481 40.6949 8.7128 prospectus
547.911 214.481 5.79574 8.7128 is

310.644 225.025 31.0706 8.7128 required
345.114 225.025 7.76284 8.7128 to
356.056 225.025 8.77038 8.7128 be
368.076 225.025 38.5647 8.7128 published,
409.916 225.025 17.2721 8.7128 such
430.439 225.025 45.1569 8.7128 information
478.743 225.025 17.1665 8.7128 shall
499.097 225.025 8.77038 8.7128 be
511.116 225.025 31.9821 8.7128 included
546.323 225.025 7.36942 8.7128 in

310.644 235.57 11.7546 8.7128 the
325.555 235.57 40.6949 8.7128 prospectus
369.38 235.57 8.20424 8.7128 or
380.719 235.57 7.36942 8.7128 in
391.263 235.57 4.07813 8.7128 a
398.52 235.57 44.015 8.7128 supplement
445.634 235.57 7.76284 8.7128 to
456.519 235.57 11.7546 8.7128 the
471.43 235.57 40.6949 8.7128 prospectus
515.255 235.57 7.36942 8.7128 in
525.799 235.57 27.8656 8.7128 accord-

310.644 246.115 17.0226 8.7128 ance
330.601 246.115 16.8403 8.7128 with
350.387 246.115 25.0637 8.7128 Article
378.451 246.115 22.4345 8.7128 16(1).

310.644 278.147 7.1967 8.7128 6.
332.188 278.147 14.1151 8.7128 The
349.593 278.147 40.1096 8.7128 competent
392.795 278.147 34.5154 8.7128 authority
430.553 278.147 7.67648 8.7128 of
441.325 278.147 11.7546 8.7128 the
456.293 278.147 21.5133 8.7128 home
480.899 278.147 31.1089 8.7128 Member
515.256 278.147 18.1933 8.7128 State
536.63 278.147 17.1665 8.7128 shall

310.644 288.691 17.3968 8.7128 have
333.265 288.691 11.7546 8.7128 the
350.16 288.691 23.8355 8.7128 power
379.187 288.691 7.76284 8.7128 to
392 288.691 29.3721 8.7128 exercise
426.755 288.691 27.2899 8.7128 control
459.071 288.691 16.5428 8.7128 over
480.784 288.691 11.7546 8.7128 the
497.679 288.691 43.2474 8.7128 compliance
546.097 288.691 7.67648 8.7128 of

310.644 299.293 40.8581 8.7128 advertising
354.81 299.293 29.2474 8.7128 activity,
387.409 299.293 28.2686 8.7128 relating
418.988 299.293 7.76284 8.7128 to
429.93 299.293 4.07813 8.7128 a
437.243 299.293 23.3365 8.7128 public
463.833 299.293 17.6271 8.7128 offer
484.64 299.293 7.67648 8.7128 of
495.412 299.293 34.429 8.7128 securities
533.227 299.293 8.20424 8.7128 or
544.623 299.293 9.09663 8.7128 an

310.644 309.837 38.0082 8.7128 admission
351.634 309.837 7.76284 8.7128 to
362.463 309.837 26.7237 8.7128 trading
392.397 309.837 9.96023 8.7128 on
405.38 309.837 4.07813 8.7128 a
412.637 309.837 34.4674 8.7128 regulated
450.34 309.837 28.4797 8.7128 market,
481.975 309.837 16.8403 8.7128 with
501.989 309.837 11.7546 8.7128 the
516.899 309.837 36.6648 8.7128 principles

310.644 320.382 29.1226 8.7128 referred
342.79 320.382 7.76284 8.7128 to
353.392 320.382 7.36942 8.7128 in
363.654 320.382 41.6161 8.7128 paragraphs
408.33 320.382 5.11445 8.7128 2
416.268 320.382 7.76284 8.7128 to
426.87 320.382 7.1967 8.7128 5.

310.644 352.414 7.1967 8.7128 7.
332.188 352.414 7.65729 8.7128 In
344.49 352.414 20.1604 8.7128 order
369.436 352.414 7.76284 8.7128 to
381.795 352.414 15.4969 8.7128 take
402.035 352.414 29.6792 8.7128 account
436.392 352.414 7.67648 8.7128 of
448.751 352.414 33.479 8.7128 technical
487.021 352.414 52.1713 8.7128 developments
543.829 352.414 9.96023 8.7128 on

310.644 362.958 31.9342 8.7128 financial
347.779 362.958 29.8423 8.7128 markets
382.703 362.958 13.8369 8.7128 and
401.639 362.958 7.76284 8.7128 to
414.509 362.958 24.5072 8.7128 ensure
444.273 362.958 30.8211 8.7128 uniform
480.217 362.958 41.9232 8.7128 application
527.387 362.958 7.67648 8.7128 of
540.087 362.958 13.597 8.7128 this

310.644 373.503 35.6764 8.7128 Directive,
349.877 373.503 11.7546 8.7128 the
365.014 373.503 47.4023 8.7128 Commission
415.529 373.503 19.2488 8.7128 shall,
438.036 373.503 7.36942 8.7128 in
448.808 373.503 41.9903 8.7128 accordance
494.221 373.503 16.8403 8.7128 with
514.461 373.503 11.7546 8.7128 the
529.598 373.503 24.0178 8.7128 proce-

310.644 384.048 16.8307 8.7128 dure
330.714 384.048 29.1226 8.7128 referred
363.143 384.048 7.76284 8.7128 to
374.029 384.048 7.36942 8.7128 in
384.63 384.048 25.0637 8.7128 Article
412.977 384.048 22.4345 8.7128 24(2),
438.603 384.048 21.5709 8.7128 adopt
463.266 384.048 52.5167 8.7128 implementing
518.997 384.048 34.6497 8.7128 measures

310.644 394.649 41.9616 8.7128 concerning
358.494 394.649 11.7546 8.7128 the
376.07 394.649 52.1521 8.7128 dissemination
433.898 394.649 7.67648 8.7128 of
447.279 394.649 55.8656 8.7128 advertisements
508.906 394.649 44.7443 8.7128 announcing

310.644 405.193 11.7546 8.7128 the
326.065 405.193 34.2947 8.7128 intention
363.994 405.193 7.76284 8.7128 to
375.333 405.193 17.6271 8.7128 offer
396.536 405.193 34.429 8.7128 securities
434.749 405.193 7.76284 8.7128 to
446.088 405.193 11.7546 8.7128 the
461.509 405.193 23.3365 8.7128 public
488.552 405.193 8.20424 8.7128 or
500.401 405.193 11.7546 8.7128 the
515.822 405.193 38.0082 8.7128 admission

310.644 415.738 7.76284 8.7128 to
324.137 415.738 26.7237 8.7128 trading
356.736 415.738 9.96023 8.7128 on
372.497 415.738 4.07813 8.7128 a
382.418 415.738 34.4674 8.7128 regulated
422.841 415.738 28.4797 8.7128 market,
457.142 415.738 7.36942 8.7128 in
470.351 415.738 36.0219 8.7128 particular
512.362 415.738 23.6627 8.7128 before
541.9 415.738 11.7546 8.7128 the

310.644 426.283 40.6949 8.7128 prospectus
354.582 426.283 12.5031 8.7128 has
370.343 426.283 17.7423 8.7128 been
391.377 426.283 20.4098 8.7128 made
415.075 426.283 32.4043 8.7128 available
450.792 426.283 7.76284 8.7128 to
461.791 426.283 11.7546 8.7128 the
476.815 426.283 23.3365 8.7128 public
503.462 426.283 8.20424 8.7128 or
514.971 426.283 23.6627 8.7128 before
541.901 426.283 11.7546 8.7128 the

310.644 436.827 30.7251 8.7128 opening
345.001 436.827 7.67648 8.7128 of
356.227 436.827 11.7546 8.7128 the
371.648 436.827 48.3714 8.7128 subscription,
423.638 436.827 13.8369 8.7128 and
441.043 436.827 41.9616 8.7128 concerning
486.74 436.827 38.1713 8.7128 paragraph
528.693 436.827 7.1967 8.7128 4.
539.522 436.827 14.1151 8.7128 The

310.644 447.428 14.6141 8.7128 first
330.373 447.428 10.2193 8.7128 set
345.738 447.428 7.67648 8.7128 of
358.438 447.428 52.5167 8.7128 implementing
416.21 447.428 34.6497 8.7128 measures
456.01 447.428 17.1665 8.7128 shall
478.291 447.428 8.77038 8.7128 be
492.237 447.428 30.2645 8.7128 adopted
527.557 447.428 9.20218 8.7128 by
541.901 447.428 11.7546 8.7128 the

310.644 457.973 47.4023 8.7128 Commission
360.706 457.973 9.20218 8.7128 by
372.782 457.973 5.11445 8.7128 1
380.72 457.973 14.1823 8.7128 July
397.841 457.973 22.5401 8.7128 2004.

414.223 511.511 22.7991 8.74159 Article
439.905 511.511 10.2289 8.74159 16

368.244 543.332 52.8334 8.90472 Supplements
424.089 543.332 8.57847 8.90472 to
435.541 543.332 13.0212 8.90472 the
451.529 543.332 44.514 8.90472 prospectus

310.644 575.556 7.1967 8.7128 1.
332.188 575.556 20.6401 8.7128 Every
356.907 575.556 38.5935 8.7128 significant
399.541 575.556 15.66 8.7128 new
419.158 575.556 23.893 8.7128 factor,
446.995 575.556 30.514 8.7128 material
481.465 575.556 28.9307 8.7128 mistake
514.291 575.556 8.20424 8.7128 or
526.424 575.556 27.1651 8.7128 inaccu-

310.644 586.1 15.6984 8.7128 racy
331.734 586.1 28.2686 8.7128 relating
365.411 586.1 7.76284 8.7128 to
378.45 586.1 11.7546 8.7128 the
395.515 586.1 45.1569 8.7128 information
445.917 586.1 31.9821 8.7128 included
483.222 586.1 7.36942 8.7128 in
495.922 586.1 11.7546 8.7128 the
513.043 586.1 40.6949 8.7128 prospectus

310.644 596.645 22.9719 8.7128 which
338.084 596.645 5.79574 8.7128 is
348.233 596.645 28.2207 8.7128 capable
380.889 596.645 7.67648 8.7128 of
392.851 596.645 32.1165 8.7128 affecting
429.419 596.645 11.7546 8.7128 the
445.577 596.645 41.2419 8.7128 assessment
490.99 596.645 7.67648 8.7128 of
502.953 596.645 11.7546 8.7128 the
519.111 596.645 34.429 8.7128 securities

310.644 607.189 13.8369 8.7128 and
330.204 607.189 22.9719 8.7128 which
359.061 607.189 20.5346 8.7128 arises
385.481 607.189 8.20424 8.7128 or
399.428 607.189 5.79574 8.7128 is
411.05 607.189 21.475 8.7128 noted
438.207 607.189 31.2049 8.7128 between
475.285 607.189 11.7546 8.7128 the
492.861 607.189 16.7635 8.7128 time
515.425 607.189 20.6401 8.7128 when
541.901 607.189 11.7546 8.7128 the

310.644 617.734 40.6949 8.7128 prospectus
354.582 617.734 5.79574 8.7128 is
363.653 617.734 35.3406 8.7128 approved
402.376 617.734 13.8369 8.7128 and
419.441 617.734 11.7546 8.7128 the
434.521 617.734 16.514 8.7128 final
454.307 617.734 26.5126 8.7128 closing
484.072 617.734 7.67648 8.7128 of
494.957 617.734 11.7546 8.7128 the
510.038 617.734 17.6271 8.7128 offer
530.901 617.734 7.76284 8.7128 to
541.9 617.734 11.7546 8.7128 the

310.644 628.335 23.3365 8.7128 public
336.95 628.335 10.2865 8.7128 or,
350.161 628.335 7.52295 8.7128 as
360.592 628.335 11.7546 8.7128 the
375.276 628.335 15.4489 8.7128 case
393.702 628.335 16.1014 8.7128 may
412.694 628.335 10.8526 8.7128 be,
426.527 628.335 11.7546 8.7128 the
441.268 628.335 16.7635 8.7128 time
460.941 628.335 20.6401 8.7128 when
484.582 628.335 26.7237 8.7128 trading
514.29 628.335 9.96023 8.7128 on
527.103 628.335 4.07813 8.7128 a
534.133 628.335 19.4407 8.7128 regu-

310.644 638.88 17.9246 8.7128 lated
331.677 638.88 26.3975 8.7128 market
361.159 638.88 26.1192 8.7128 begins,
390.527 638.88 17.1665 8.7128 shall
410.711 638.88 8.77038 8.7128 be
422.674 638.88 40.4359 8.7128 mentioned
466.215 638.88 7.36942 8.7128 in
476.703 638.88 4.07813 8.7128 a
483.961 638.88 44.015 8.7128 supplement
531.074 638.88 7.76284 8.7128 to
541.903 638.88 11.7546 8.7128 the

310.644 649.424 42.7772 8.7128 prospectus.
357.19 649.424 18.3468 8.7128 Such
379.415 649.424 4.07813 8.7128 a
387.295 649.424 44.015 8.7128 supplement
435.088 649.424 17.1665 8.7128 shall
456.009 649.424 8.77038 8.7128 be
468.594 649.424 35.3406 8.7128 approved
507.827 649.424 7.36942 8.7128 in
518.995 649.424 11.7546 8.7128 the
534.586 649.424 19.1144 8.7128 same

310.644 659.969 15.1515 8.7128 way
330.204 659.969 7.36942 8.7128 in
341.939 659.969 4.07813 8.7128 a
350.386 659.969 38.6991 8.7128 maximum
393.474 659.969 7.67648 8.7128 of
405.437 659.969 20.7553 8.7128 seven
430.609 659.969 31.3584 8.7128 working
466.327 659.969 16.6484 8.7128 days
487.304 659.969 13.8369 8.7128 and
505.446 659.969 36.4825 8.7128 published
546.323 659.969 7.36942 8.7128 in

310.644 670.514 41.9903 8.7128 accordance
355.547 670.514 16.8403 8.7128 with
375.333 670.514 6.89924 8.7128 at
385.084 670.514 16.6292 8.7128 least
404.53 670.514 11.7546 8.7128 the
419.158 670.514 19.1144 8.7128 same
441.099 670.514 50.9814 8.7128 arrangements
495.016 670.514 7.52295 8.7128 as
505.39 670.514 17.8574 8.7128 were
526.254 670.514 27.4338 8.7128 applied

310.644 681.058 20.6401 8.7128 when
336.553 681.058 11.7546 8.7128 the
353.561 681.058 28.7868 8.7128 original
387.692 681.058 40.6949 8.7128 prospectus
433.614 681.058 14.2111 8.7128 was
453.061 681.058 38.5647 8.7128 published.
496.886 681.058 14.1151 8.7128 The
516.332 681.058 37.4036 8.7128 summary,

310.644 691.659 13.8369 8.7128 and
329.806 691.659 13.4818 8.7128 any
348.686 691.659 43.612 8.7128 translations
397.557 691.659 28.7292 8.7128 thereof,
431.744 691.659 17.1665 8.7128 shall
454.195 691.659 14.7964 8.7128 also
474.265 691.659 8.77038 8.7128 be
488.439 691.659 54.7909 8.7128 supplemented,
548.593 691.659 5.08567 8.7128 if

310.644 702.204 35.5133 8.7128 necessary
349.253 702.204 7.76284 8.7128 to
360.025 702.204 15.4969 8.7128 take
378.564 702.204 15.1323 8.7128 into
396.763 702.204 29.6792 8.7128 account
429.476 702.204 11.7546 8.7128 the
444.33 702.204 15.66 8.7128 new
463.096 702.204 45.1569 8.7128 information
511.287 702.204 31.9821 8.7128 included
546.324 702.204 7.36942 8.7128 in

310.644 712.749 11.7546 8.7128 the
325.271 712.749 46.0973 8.7128 supplement.

310.644 744.781 7.1967 8.7128 2.
332.188 744.781 33.9109 8.7128 Investors
373.518 744.781 16.61 8.7128 who
397.614 744.781 17.3968 8.7128 have
422.616 744.781 26.8293 8.7128 already
457.03 744.781 24.44 8.7128 agreed
489.119 744.781 7.76284 8.7128 to
504.313 744.781 33.5558 8.7128 purchase
545.53 744.781 8.20424 8.7128 or

310.644 755.325 34.9376 8.7128 subscribe
349.253 755.325 10.939 8.7128 for
363.766 755.325 11.7546 8.7128 the
379.187 755.325 34.429 8.7128 securities
417.4 755.325 23.6627 8.7128 before
444.727 755.325 11.7546 8.7128 the
460.148 755.325 44.015 8.7128 supplement
507.772 755.325 5.79574 8.7128 is
517.24 755.325 36.4825 8.7128 published

310.644 765.87 17.1665 8.7128 shall
330.997 765.87 17.3968 8.7128 have
351.804 765.87 11.7546 8.7128 the
366.885 765.87 19.9493 8.7128 right,
390.3 765.87 40.599 8.7128 exercisable
434.352 765.87 24.2097 8.7128 within
461.963 765.87 4.07813 8.7128 a
469.333 765.87 16.7635 8.7128 time
489.403 765.87 17.4928 8.7128 limit
510.21 765.87 22.9719 8.7128 which
536.63 765.87 17.1665 8.7128 shall

310.644 776.471 12.7813 8.7128 not
326.972 776.471 8.77038 8.7128 be
339.444 776.471 26.6662 8.7128 shorter
369.832 776.471 16.8979 8.7128 than
390.412 776.471 14.451 8.7128 two
408.498 776.471 31.3584 8.7128 working
443.535 776.471 16.6484 8.7128 days
463.832 776.471 16.8499 8.7128 after
484.355 776.471 11.7546 8.7128 the
499.833 776.471 42.5469 8.7128 publication
546.096 776.471 7.67648 8.7128 of

310.644 787.016 11.7546 8.7128 the
325.271 787.016 46.0973 8.7128 supplement,
374.256 787.016 7.76284 8.7128 to
384.858 787.016 35.6093 8.7128 withdraw
423.41 787.016 17.368 8.7128 their
443.764 787.016 46.3372 8.7128 acceptances.

41.9182 51.2759 45.0801 8.7128 31.12.2003

517.914 51.2759 4.55791 8.7128 L
525.397 51.2759 28.3358 8.7128 345/77

223.846 51.2759 27.5298 8.7128 Official
254.348 51.2759 27.098 8.7128 Journal
284.283 51.2759 7.67648 8.7128 of
294.771 51.2759 11.7546 8.7128 the
309.455 51.2759 35.7724 8.7128 European
348.235 51.2759 23.634 8.7128 Union

120.154 52.1989 9.8344 7.7447 EN

141.358 76.8603 34.2541 7.7447 CHAPTER
178.151 76.8603 7.49734 7.7447 IV

52.4632 96.5317 63.8681 7.91528 CROSS-BORDER
118.793 96.5317 29.9297 7.91528 OFFERS
151.391 96.5317 18.5429 7.91528 AND
172.48 96.5317 47.0141 7.91528 ADMISSION
221.916 96.5317 11.7279 7.91528 TO
236.203 96.5317 38.3055 7.91528 TRADING

145.553 127.207 22.7991 8.74159 Article
171.235 127.207 10.2289 8.74159 17

65.5025 147.973 49.0719 8.90472 Community
117.491 147.973 23.1638 8.90472 scope
143.571 147.973 8.39615 8.90472 of
154.854 147.973 39.6586 8.90472 approvals
197.318 147.973 8.39615 8.90472 of
208.601 147.973 52.795 8.90472 prospectuses

41.9184 169.198 7.1967 8.7128 1.

63.5191 169.198 31.5983 8.7128 Without
99.6906 169.198 34.381 8.7128 prejudice
138.81 169.198 7.76284 8.7128 to
151.056 169.198 25.0637 8.7128 Article
180.82 169.198 12.3112 8.7128 23,
197.659 169.198 22.8375 8.7128 where
225.213 169.198 9.09663 8.7128 an
238.876 169.198 17.6271 8.7128 offer
260.987 169.198 7.76284 8.7128 to
273.233 169.198 11.7546 8.7128 the

41.9184 179.743 23.3365 8.7128 public
71.7962 179.743 8.20424 8.7128 or
86.4804 179.743 38.0082 8.7128 admission
130.872 179.743 7.76284 8.7128 to
145.046 179.743 26.7237 8.7128 trading
178.326 179.743 9.96023 8.7128 on
194.71 179.743 4.07813 8.7128 a
205.311 179.743 34.4674 8.7128 regulated
246.358 179.743 26.3975 8.7128 market
279.242 179.743 5.79574 8.7128 is

41.9184 190.287 33.3639 8.7128 provided
79.3374 190.287 10.939 8.7128 for
94.1914 190.287 7.36942 8.7128 in
105.587 190.287 13.9136 8.7128 one
123.445 190.287 8.20424 8.7128 or
135.635 190.287 19.7957 8.7128 more
159.39 190.287 31.1089 8.7128 Member
194.54 190.287 23.7203 8.7128 States,
222.207 190.287 8.20424 8.7128 or
234.397 190.287 7.36942 8.7128 in
245.792 190.287 4.07813 8.7128 a
253.843 190.287 31.1089 8.7128 Member

41.9184 200.832 18.1933 8.7128 State
66.4668 200.832 19.9588 8.7128 other
92.8298 200.832 16.8979 8.7128 than
116.074 200.832 11.7546 8.7128 the
134.217 200.832 21.5133 8.7128 home
162.053 200.832 31.1089 8.7128 Member
199.586 200.832 20.2755 8.7128 State,
226.232 200.832 11.7546 8.7128 the
244.374 200.832 40.6949 8.7128 prospectus

41.9184 211.377 35.3406 8.7128 approved
82.455 211.377 9.20218 8.7128 by
96.7985 211.377 11.7546 8.7128 the
113.75 211.377 21.5133 8.7128 home
140.396 211.377 31.1089 8.7128 Member
176.738 211.377 18.1933 8.7128 State
200.039 211.377 13.8369 8.7128 and
219.031 211.377 13.4818 8.7128 any
237.626 211.377 47.4598 8.7128 supplements

41.9184 221.978 26.7333 8.7128 thereto
72.6474 221.978 17.1665 8.7128 shall
93.6809 221.978 8.77038 8.7128 be
106.437 221.978 17.8862 8.7128 valid
128.264 221.978 10.939 8.7128 for
143.062 221.978 11.7546 8.7128 the
158.823 221.978 23.3365 8.7128 public
186.15 221.978 17.6271 8.7128 offer
207.637 221.978 8.20424 8.7128 or
219.77 221.978 11.7546 8.7128 the
235.531 221.978 38.0082 8.7128 admission
277.315 221.978 7.76284 8.7128 to

41.9184 232.522 26.7237 8.7128 trading
73.1003 232.522 7.36942 8.7128 in
84.8357 232.522 13.4818 8.7128 any
102.694 232.522 29.564 8.7128 number
136.597 232.522 7.67648 8.7128 of
148.56 232.522 16.1878 8.7128 host
169.027 232.522 31.1089 8.7128 Member
204.574 232.522 23.7203 8.7128 States,
232.582 232.522 33.3639 8.7128 provided
270.341 232.522 14.7005 8.7128 that

41.9184 243.067 11.7546 8.7128 the
57.2829 243.067 40.1096 8.7128 competent
100.881 243.067 34.5154 8.7128 authority
138.981 243.067 7.67648 8.7128 of
150.149 243.067 16.9842 8.7128 each
170.729 243.067 16.1878 8.7128 host
190.345 243.067 31.1089 8.7128 Member
225.099 243.067 18.1933 8.7128 State
246.813 243.067 5.79574 8.7128 is
256.111 243.067 28.9115 8.7128 notified

41.9184 253.612 7.36942 8.7128 in
53.5972 253.612 41.9903 8.7128 accordance
99.9171 253.612 16.8403 8.7128 with
121.007 253.612 25.0637 8.7128 Article
150.432 253.612 12.3112 8.7128 18.
166.986 253.612 41.7696 8.7128 Competent
212.909 253.612 39.8793 8.7128 authorities
257.131 253.612 7.67648 8.7128 of
268.923 253.612 16.1878 8.7128 host

41.9184 264.156 31.1089 8.7128 Member
76.3321 264.156 21.6381 8.7128 States
101.165 264.156 17.1665 8.7128 shall
121.461 264.156 12.7813 8.7128 not
137.335 264.156 37.3461 8.7128 undertake
177.928 264.156 13.4818 8.7128 any
194.653 264.156 33.0568 8.7128 approval
230.938 264.156 8.20424 8.7128 or
242.334 264.156 42.6812 8.7128 administra-

41.9184 274.701 13.5106 8.7128 tive
58.4161 274.701 41.3954 8.7128 procedures
102.808 274.701 28.2686 8.7128 relating
134.047 274.701 7.76284 8.7128 to
144.649 274.701 50.1754 8.7128 prospectuses.

41.9184 295.734 7.1967 8.7128 2.

63.5191 295.734 5.37354 8.7128 If
72.9304 295.734 18.9705 8.7128 there
96.1748 295.734 11.294 8.7128 are
111.653 295.734 38.7384 8.7128 significant
154.514 295.734 15.66 8.7128 new
174.3 295.734 27.3379 8.7128 factors,
205.71 295.734 30.514 8.7128 material
240.407 295.734 32.3756 8.7128 mistakes
276.805 295.734 8.20424 8.7128 or

41.9184 306.279 47.7218 8.7128 inaccuracies,
95.2114 306.279 7.52295 8.7128 as
108.307 306.279 29.1226 8.7128 referred
143.175 306.279 7.76284 8.7128 to
156.498 306.279 7.36942 8.7128 in
169.48 306.279 25.0637 8.7128 Article
200.266 306.279 12.3112 8.7128 16,
218.181 306.279 24.9582 8.7128 arising
248.852 306.279 18.7402 8.7128 since
273.231 306.279 11.7546 8.7128 the

41.9184 316.824 33.0568 8.7128 approval
80.3008 316.824 7.67648 8.7128 of
93.1138 316.824 11.7546 8.7128 the
110.179 316.824 42.7772 8.7128 prospectus,
158.199 316.824 11.7546 8.7128 the
175.207 316.824 40.1096 8.7128 competent
220.563 316.824 34.5154 8.7128 authority
260.419 316.824 7.67648 8.7128 of
273.232 316.824 11.7546 8.7128 the

41.9184 327.368 21.5133 8.7128 home
67.318 327.368 31.1089 8.7128 Member
102.412 327.368 18.1933 8.7128 State
124.466 327.368 17.1665 8.7128 shall
145.443 327.368 26.3303 8.7128 require
175.945 327.368 11.7546 8.7128 the
191.592 327.368 42.5469 8.7128 publication
238.082 327.368 7.67648 8.7128 of
249.535 327.368 4.07813 8.7128 a
257.529 327.368 27.4818 8.7128 supple-

41.9184 337.969 19.4311 8.7128 ment
66.4102 337.969 7.76284 8.7128 to
79.2232 337.969 8.77038 8.7128 be
93.0562 337.969 35.3406 8.7128 approved
133.536 337.969 7.52295 8.7128 as
146.122 337.969 33.3639 8.7128 provided
184.617 337.969 10.939 8.7128 for
200.606 337.969 7.36942 8.7128 in
213.078 337.969 25.0637 8.7128 Article
243.353 337.969 22.4345 8.7128 13(1).
270.85 337.969 14.1151 8.7128 The

41.9184 348.514 40.1096 8.7128 competent
86.1407 348.514 34.5154 8.7128 authority
124.806 348.514 7.67648 8.7128 of
136.485 348.514 11.7546 8.7128 the
152.416 348.514 16.1878 8.7128 host
172.599 348.514 31.1089 8.7128 Member
207.863 348.514 18.1933 8.7128 State
230.144 348.514 16.1014 8.7128 may
250.327 348.514 18.769 8.7128 draw
273.232 348.514 11.7546 8.7128 the

41.9184 359.059 33.8245 8.7128 attention
81.151 359.059 7.67648 8.7128 of
94.1338 359.059 11.7546 8.7128 the
111.312 359.059 40.1096 8.7128 competent
156.782 359.059 34.5154 8.7128 authority
196.751 359.059 7.67648 8.7128 of
209.734 359.059 11.7546 8.7128 the
226.969 359.059 21.5133 8.7128 home
253.842 359.059 31.1089 8.7128 Member

41.9184 369.603 18.1933 8.7128 State
63.0086 369.603 7.76284 8.7128 to
73.6107 369.603 11.7546 8.7128 the
88.2949 369.603 17.6655 8.7128 need
108.818 369.603 10.939 8.7128 for
122.594 369.603 13.4818 8.7128 any
138.979 369.603 15.66 8.7128 new
157.574 369.603 47.2391 8.7128 information.

145.554 401.087 22.7991 8.74159 Article
171.236 401.087 10.2289 8.74159 18

138.977 421.852 48.8512 8.90472 Notification

41.9184 443.078 7.1967 8.7128 1.

63.5191 443.078 14.1151 8.7128 The
80.6405 443.078 40.1096 8.7128 competent
123.615 443.078 34.5154 8.7128 authority
161.091 443.078 7.67648 8.7128 of
171.579 443.078 11.7546 8.7128 the
186.263 443.078 21.5133 8.7128 home
210.642 443.078 31.1089 8.7128 Member
244.772 443.078 18.1933 8.7128 State
265.862 443.078 19.2488 8.7128 shall,

41.9184 453.622 6.89924 8.7128 at
54.6182 453.622 11.7546 8.7128 the
72.1369 453.622 26.9828 8.7128 request
104.963 453.622 7.67648 8.7128 of
118.344 453.622 11.7546 8.7128 the
135.919 453.622 21.331 8.7128 issuer
163.019 453.622 8.20424 8.7128 or
176.965 453.622 11.7546 8.7128 the
194.54 453.622 25.6107 8.7128 person
225.892 453.622 42.5085 8.7128 responsible
274.14 453.622 10.939 8.7128 for

41.9184 464.167 30.5908 8.7128 drawing
78.2598 464.167 9.86428 8.7128 up
93.7375 464.167 11.7546 8.7128 the
111.143 464.167 40.6949 8.7128 prospectus
157.463 464.167 13.8369 8.7128 and
176.853 464.167 24.2097 8.7128 within
206.731 464.167 18.9705 8.7128 three
231.45 464.167 31.3584 8.7128 working
268.415 464.167 16.6484 8.7128 days

41.9184 474.712 35.7916 8.7128 following
81.7181 474.712 14.7005 8.7128 that
100.541 474.712 26.9828 8.7128 request
131.723 474.712 10.2865 8.7128 or,
146.066 474.712 5.08567 8.7128 if
155.308 474.712 11.7546 8.7128 the
171.182 474.712 26.9828 8.7128 request
202.364 474.712 5.79574 8.7128 is
212.228 474.712 37.4612 8.7128 submitted
253.729 474.712 31.1857 8.7128 together

41.9184 485.313 16.8403 8.7128 with
63.5757 485.313 11.7546 8.7128 the
80.0734 485.313 17.6367 8.7128 draft
102.411 485.313 42.7772 8.7128 prospectus,
149.922 485.313 24.2097 8.7128 within
178.949 485.313 13.9136 8.7128 one
197.545 485.313 31.3584 8.7128 working
233.716 485.313 13.2035 8.7128 day
251.631 485.313 16.8499 8.7128 after
273.232 485.313 11.7546 8.7128 the

41.9184 495.857 33.0568 8.7128 approval
78.4297 495.857 7.67648 8.7128 of
89.4281 495.857 11.7546 8.7128 the
104.622 495.857 40.6949 8.7128 prospectus
148.674 495.857 28.6237 8.7128 provide
180.764 495.857 11.7546 8.7128 the
195.958 495.857 40.1096 8.7128 competent
239.443 495.857 34.5154 8.7128 authority
277.428 495.857 7.67648 8.7128 of

41.9184 506.402 11.7546 8.7128 the
57.7358 506.402 16.1878 8.7128 host
77.8059 506.402 31.1089 8.7128 Member
112.957 506.402 18.1933 8.7128 State
135.181 506.402 16.8403 8.7128 with
156.045 506.402 4.07813 8.7128 a
164.095 506.402 36.2714 8.7128 certificate
204.575 506.402 7.67648 8.7128 of
216.198 506.402 33.0568 8.7128 approval
253.219 506.402 31.7614 8.7128 attesting

41.9184 516.947 14.7005 8.7128 that
59.8343 516.947 11.7546 8.7128 the
74.8016 516.947 40.6949 8.7128 prospectus
118.683 516.947 12.5031 8.7128 has
134.387 516.947 17.7423 8.7128 been
155.364 516.947 23.7875 8.7128 drawn
182.408 516.947 9.86428 8.7128 up
195.447 516.947 7.36942 8.7128 in
206.049 516.947 41.9903 8.7128 accordance
251.348 516.947 16.8403 8.7128 with
271.418 516.947 13.597 8.7128 this

41.9184 527.491 33.5942 8.7128 Directive
79.1666 527.491 13.8369 8.7128 and
96.3446 527.491 16.8403 8.7128 with
116.641 527.491 4.07813 8.7128 a
124.125 527.491 18.2892 8.7128 copy
145.839 527.491 7.67648 8.7128 of
156.837 527.491 11.7546 8.7128 the
172.031 527.491 14.6141 8.7128 said
190.06 527.491 42.7772 8.7128 prospectus.
236.267 527.491 5.37354 8.7128 If
244.941 527.491 39.9753 8.7128 applicable,

41.9184 538.092 13.597 8.7128 this
59.7202 538.092 43.4009 8.7128 notification
107.287 538.092 17.1665 8.7128 shall
128.548 538.092 8.77038 8.7128 be
141.531 538.092 49.734 8.7128 accompanied
195.505 538.092 9.20218 8.7128 by
208.885 538.092 4.07813 8.7128 a
217.162 538.092 40.1672 8.7128 translation
261.441 538.092 7.67648 8.7128 of
273.233 538.092 11.7546 8.7128 the

41.9184 548.637 35.3214 8.7128 summary
82.1153 548.637 35.4749 8.7128 produced
122.482 548.637 21.8492 8.7128 under
149.299 548.637 11.7546 8.7128 the
165.967 548.637 50.4633 8.7128 responsibility
221.358 548.637 7.67648 8.7128 of
233.83 548.637 11.7546 8.7128 the
250.556 548.637 21.331 8.7128 issuer
276.805 548.637 8.20424 8.7128 or

41.9184 559.182 25.6107 8.7128 person
71.967 559.182 42.5085 8.7128 responsible
118.911 559.182 10.939 8.7128 for
134.275 559.182 30.5908 8.7128 drawing
169.426 559.182 9.86428 8.7128 up
183.769 559.182 11.7546 8.7128 the
200.04 559.182 42.7772 8.7128 prospectus.
247.267 559.182 14.1151 8.7128 The
265.919 559.182 19.1144 8.7128 same

41.9184 569.726 37.9506 8.7128 procedure
87.3872 569.726 17.1665 8.7128 shall
111.822 569.726 8.77038 8.7128 be
127.98 569.726 32.6634 8.7128 followed
167.78 569.726 10.939 8.7128 for
186.036 569.726 13.4818 8.7128 any
206.843 569.726 44.015 8.7128 supplement
258.208 569.726 7.76284 8.7128 to
273.232 569.726 11.7546 8.7128 the

41.9184 580.271 42.7772 8.7128 prospectus.

41.9184 601.304 7.1967 8.7128 2.

63.5191 601.304 14.1151 8.7128 The
81.6048 601.304 41.9232 8.7128 application
127.471 601.304 7.67648 8.7128 of
138.98 601.304 11.7546 8.7128 the
154.627 601.304 39.1309 8.7128 provisions
197.602 601.304 7.67648 8.7128 of
209.111 601.304 25.0637 8.7128 Article
238.195 601.304 15.2378 8.7128 8(2)
257.245 601.304 13.8369 8.7128 and
274.933 601.304 10.1234 8.7128 (3)

41.9184 611.849 17.1665 8.7128 shall
61.9319 611.849 8.77038 8.7128 be
73.6107 611.849 21.8588 8.7128 stated
98.2734 611.849 7.36942 8.7128 in
108.535 611.849 11.7546 8.7128 the
123.219 611.849 38.3536 8.7128 certificate,
164.663 611.849 7.52295 8.7128 as
175.038 611.849 15.305 8.7128 well
193.237 611.849 7.52295 8.7128 as
203.612 611.849 8.61685 8.7128 its
215.064 611.849 46.2863 8.7128 justification.

142.491 643.109 34.2541 7.7447 CHAPTER
179.341 643.109 5.15176 7.7447 V

41.9187 662.781 15.4126 7.91528 USE
64.0286 662.781 10.7812 7.91528 OF
81.6034 662.781 50.4599 7.91528 LANGUAGES
138.75 662.781 18.5429 7.91528 AND
164.034 662.781 33.0941 7.91528 ISSUERS
203.719 662.781 65.8896 7.91528 INCORPORATED
276.342 662.781 8.74264 7.91528 IN

125.597 672.135 26.3558 7.91528 THIRD
154.397 672.135 47.0993 7.91528 COUNTRIES

145.553 702.81 22.7991 8.74159 Article
171.235 702.81 10.2289 8.74159 19

129.282 723.632 15.209 8.90472 Use
147.367 723.632 8.39615 8.90472 of
158.593 723.632 39.0829 8.90472 languages

41.9174 744.801 7.1967 8.7128 1.

63.5181 744.801 24.9582 8.7128 Where
93.3393 744.801 9.09663 8.7128 an
107.116 744.801 17.6271 8.7128 offer
129.397 744.801 7.76284 8.7128 to
141.756 744.801 11.7546 8.7128 the
158.254 744.801 23.3365 8.7128 public
186.318 744.801 5.79574 8.7128 is
196.806 744.801 20.4098 8.7128 made
221.865 744.801 8.20424 8.7128 or
234.734 744.801 38.0082 8.7128 admission
277.312 744.801 7.76284 8.7128 to

41.9174 755.346 26.7237 8.7128 trading
74.007 755.346 9.96023 8.7128 on
89.2007 755.346 4.07813 8.7128 a
98.5555 755.346 34.4674 8.7128 regulated
138.412 755.346 26.3975 8.7128 market
170.104 755.346 5.79574 8.7128 is
181.159 755.346 25.5147 8.7128 sought
211.945 755.346 16.6772 8.7128 only
233.772 755.346 7.36942 8.7128 in
246.472 755.346 11.7546 8.7128 the
263.536 755.346 21.5133 8.7128 home

41.9174 765.89 31.1089 8.7128 Member
76.6151 765.89 20.2755 8.7128 State,
100.37 765.89 11.7546 8.7128 the
115.62 765.89 40.6949 8.7128 prospectus
159.786 765.89 17.1665 8.7128 shall
180.309 765.89 8.77038 8.7128 be
192.612 765.89 23.7875 8.7128 drawn
219.825 765.89 9.86428 8.7128 up
233.205 765.89 7.36942 8.7128 in
244.09 765.89 4.07813 8.7128 a
251.63 765.89 33.2392 8.7128 language

41.9174 776.492 32.4811 8.7128 accepted
79.9026 776.492 9.20218 8.7128 by
94.4159 776.492 11.7546 8.7128 the
111.537 776.492 40.1096 8.7128 competent
157.007 776.492 34.5154 8.7128 authority
196.92 776.492 7.67648 8.7128 of
209.846 776.492 11.7546 8.7128 the
227.024 776.492 21.5133 8.7128 home
253.841 776.492 31.1089 8.7128 Member

41.9174 787.036 20.2755 8.7128 State.

310.643 76.8976 7.1967 8.7128 2.
332.187 76.8976 24.9582 8.7128 Where
362.008 76.8976 9.09663 8.7128 an
375.785 76.8976 17.6271 8.7128 offer
398.066 76.8976 7.76284 8.7128 to
410.425 76.8976 11.7546 8.7128 the
426.923 76.8976 23.3365 8.7128 public
454.987 76.8976 5.79574 8.7128 is
465.475 76.8976 20.4098 8.7128 made
490.534 76.8976 8.20424 8.7128 or
503.46 76.8976 38.0082 8.7128 admission
545.981 76.8976 7.76284 8.7128 to

310.643 87.4422 26.7237 8.7128 trading
343.47 87.4422 9.96023 8.7128 on
359.457 87.4422 4.07813 8.7128 a
369.605 87.4422 34.4674 8.7128 regulated
410.312 87.4422 26.3975 8.7128 market
442.741 87.4422 5.79574 8.7128 is
454.646 87.4422 25.5147 8.7128 sought
486.225 87.4422 7.36942 8.7128 in
499.662 87.4422 13.9136 8.7128 one
519.618 87.4422 8.20424 8.7128 or
533.905 87.4422 19.7957 8.7128 more

310.643 97.9868 31.1089 8.7128 Member
350.046 97.9868 21.6381 8.7128 States
379.81 97.9868 36.1754 8.7128 excluding
424.316 97.9868 11.7546 8.7128 the
444.328 97.9868 21.5133 8.7128 home
474.036 97.9868 31.1089 8.7128 Member
513.439 97.9868 20.2755 8.7128 State,
541.899 97.9868 11.7546 8.7128 the

310.643 108.531 40.6949 8.7128 prospectus
354.752 108.531 17.1665 8.7128 shall
375.332 108.531 8.77038 8.7128 be
387.578 108.531 23.7875 8.7128 drawn
414.848 108.531 9.86428 8.7128 up
428.228 108.531 21.3214 8.7128 either
453.173 108.531 7.36942 8.7128 in
464.059 108.531 4.07813 8.7128 a
471.599 108.531 33.2392 8.7128 language
508.451 108.531 32.4811 8.7128 accepted
544.509 108.531 9.20218 8.7128 by

310.643 119.076 11.7546 8.7128 the
328.105 119.076 40.1096 8.7128 competent
373.858 119.076 39.8793 8.7128 authorities
419.498 119.076 7.67648 8.7128 of
432.764 119.076 20.1412 8.7128 those
458.56 119.076 31.1089 8.7128 Member
495.412 119.076 21.6381 8.7128 States
522.682 119.076 8.20424 8.7128 or
536.515 119.076 7.36942 8.7128 in
549.611 119.076 4.07813 8.7128 a

310.643 129.678 33.2392 8.7128 language
348.345 129.678 39.4187 8.7128 customary
392.057 129.678 7.36942 8.7128 in
403.736 129.678 11.7546 8.7128 the
419.894 129.678 24.5839 8.7128 sphere
448.865 129.678 7.67648 8.7128 of
460.771 129.678 48.0452 8.7128 international
513.214 129.678 29.209 8.7128 finance,
546.834 129.678 6.89924 8.7128 at

310.643 140.223 11.7546 8.7128 the
325.384 140.223 24.1713 8.7128 choice
352.655 140.223 7.67648 8.7128 of
363.2 140.223 11.7546 8.7128 the
377.941 140.223 23.4133 8.7128 issuer,
404.417 140.223 25.8314 8.7128 offeror
433.162 140.223 8.20424 8.7128 or
444.33 140.223 25.6107 8.7128 person
472.904 140.223 23.989 8.7128 asking
499.834 140.223 10.939 8.7128 for
513.724 140.223 40.0904 8.7128 admission,

310.643 150.767 7.52295 8.7128 as
323.286 150.767 11.7546 8.7128 the
340.238 150.767 15.4489 8.7128 case
360.932 150.767 16.1014 8.7128 may
382.192 150.767 10.8526 8.7128 be.
398.237 150.767 14.1151 8.7128 The
417.57 150.767 40.1096 8.7128 competent
462.812 150.767 34.5154 8.7128 authority
502.612 150.767 7.67648 8.7128 of
515.368 150.767 16.9842 8.7128 each
537.593 150.767 16.1878 8.7128 host

310.643 161.312 31.1089 8.7128 Member
344.83 161.312 18.1933 8.7128 State
366.091 161.312 16.1014 8.7128 may
385.197 161.312 16.6772 8.7128 only
404.87 161.312 26.3303 8.7128 require
434.465 161.312 14.7005 8.7128 that
452.21 161.312 11.7546 8.7128 the
467.064 161.312 35.3214 8.7128 summary
505.39 161.312 8.77038 8.7128 be
517.238 161.312 36.5496 8.7128 translated

310.643 171.857 15.1351 8.7128 into
328.619 171.857 8.61877 8.7128 its
340.073 171.857 25.5022 8.7128 official
368.427 171.857 43.7857 8.7128 language(s).

310.643 208.991 12.3975 8.7128 For
326.575 208.991 11.7546 8.7128 the
341.939 208.991 30.4564 8.7128 purpose
375.957 208.991 7.67648 8.7128 of
387.125 208.991 11.7546 8.7128 the
402.489 208.991 30.1302 8.7128 scrutiny
436.223 208.991 9.20218 8.7128 by
448.979 208.991 11.7546 8.7128 the
464.344 208.991 40.1096 8.7128 competent
507.942 208.991 34.5154 8.7128 authority
546.098 208.991 7.67648 8.7128 of

310.643 219.535 11.7546 8.7128 the
327.538 219.535 21.5133 8.7128 home
354.185 219.535 31.1089 8.7128 Member
390.527 219.535 20.2755 8.7128 State,
415.926 219.535 11.7546 8.7128 the
432.878 219.535 40.6949 8.7128 prospectus
478.687 219.535 17.1665 8.7128 shall
500.968 219.535 8.77038 8.7128 be
514.858 219.535 23.7875 8.7128 drawn
543.829 219.535 9.86428 8.7128 up

310.643 230.08 21.3214 8.7128 either
335.192 230.08 7.36942 8.7128 in
345.623 230.08 4.07813 8.7128 a
352.766 230.08 33.2392 8.7128 language
389.221 230.08 32.4811 8.7128 accepted
424.882 230.08 9.20218 8.7128 by
437.128 230.08 13.597 8.7128 this
453.796 230.08 34.5154 8.7128 authority
491.442 230.08 8.20424 8.7128 or
502.724 230.08 7.36942 8.7128 in
513.155 230.08 4.07813 8.7128 a
520.298 230.08 33.2392 8.7128 language

310.643 240.624 39.4187 8.7128 customary
353.561 240.624 7.36942 8.7128 in
364.503 240.624 11.7546 8.7128 the
379.811 240.624 24.5839 8.7128 sphere
408.045 240.624 7.67648 8.7128 of
419.214 240.624 48.0452 8.7128 international
470.806 240.624 29.209 8.7128 finance,
503.633 240.624 6.89924 8.7128 at
514.064 240.624 11.7546 8.7128 the
529.429 240.624 24.1713 8.7128 choice

310.643 251.169 7.67648 8.7128 of
321.359 251.169 11.7546 8.7128 the
336.269 251.169 23.4133 8.7128 issuer,
362.86 251.169 25.8314 8.7128 offeror
391.831 251.169 8.20424 8.7128 or
403.113 251.169 25.6107 8.7128 person
431.858 251.169 23.989 8.7128 asking
458.958 251.169 10.939 8.7128 for
472.961 251.169 38.0082 8.7128 admission
514.008 251.169 7.76284 8.7128 to
524.837 251.169 28.806 8.7128 trading,

310.643 261.77 7.52295 8.7128 as
321.018 261.77 11.7546 8.7128 the
335.645 261.77 15.4489 8.7128 case
354.071 261.77 16.1014 8.7128 may
373.007 261.77 10.8526 8.7128 be.

310.643 298.848 7.1967 8.7128 3.
332.187 298.848 24.9582 8.7128 Where
362.008 298.848 9.09663 8.7128 an
375.785 298.848 17.6271 8.7128 offer
398.066 298.848 7.76284 8.7128 to
410.425 298.848 11.7546 8.7128 the
426.923 298.848 23.3365 8.7128 public
454.987 298.848 5.79574 8.7128 is
465.475 298.848 20.4098 8.7128 made
490.534 298.848 8.20424 8.7128 or
503.46 298.848 38.0082 8.7128 admission
545.981 298.848 7.76284 8.7128 to

310.643 309.392 26.7237 8.7128 trading
342.619 309.392 9.96023 8.7128 on
357.699 309.392 4.07813 8.7128 a
366.997 309.392 34.4674 8.7128 regulated
406.797 309.392 26.3975 8.7128 market
438.433 309.392 5.79574 8.7128 is
449.431 309.392 25.5147 8.7128 sought
480.102 309.392 7.36942 8.7128 in
492.746 309.392 19.7957 8.7128 more
517.691 309.392 16.8979 8.7128 than
539.802 309.392 13.9136 8.7128 one

310.643 319.937 31.1089 8.7128 Member
350.669 319.937 18.1933 8.7128 State
377.713 319.937 35.1103 8.7128 including
421.764 319.937 11.7546 8.7128 the
442.4 319.937 21.5133 8.7128 home
472.732 319.937 31.1089 8.7128 Member
512.758 319.937 20.2755 8.7128 State,
541.899 319.937 11.7546 8.7128 the

310.643 330.538 40.6949 8.7128 prospectus
355.772 330.538 17.1665 8.7128 shall
377.26 330.538 8.77038 8.7128 be
390.527 330.538 23.7875 8.7128 drawn
418.761 330.538 9.86428 8.7128 up
433.048 330.538 7.36942 8.7128 in
444.896 330.538 4.07813 8.7128 a
453.456 330.538 33.2392 8.7128 language
491.272 330.538 32.4811 8.7128 accepted
528.293 330.538 9.20218 8.7128 by
541.9 330.538 11.7546 8.7128 the

310.643 341.083 40.1096 8.7128 competent
354.298 341.083 34.5154 8.7128 authority
392.511 341.083 7.67648 8.7128 of
403.737 341.083 11.7546 8.7128 the
419.158 341.083 21.5133 8.7128 home
444.273 341.083 31.1089 8.7128 Member
479.084 341.083 18.1933 8.7128 State
500.911 341.083 13.8369 8.7128 and
518.317 341.083 17.1665 8.7128 shall
539.011 341.083 14.7964 8.7128 also

310.643 351.627 8.77038 8.7128 be
322.719 351.627 20.4098 8.7128 made
346.417 351.627 32.4043 8.7128 available
382.192 351.627 21.3214 8.7128 either
407.024 351.627 7.36942 8.7128 in
417.74 351.627 4.07813 8.7128 a
425.11 351.627 33.2392 8.7128 language
461.849 351.627 32.4811 8.7128 accepted
497.736 351.627 9.20218 8.7128 by
510.209 351.627 11.7546 8.7128 the
525.346 351.627 28.3934 8.7128 compe-

310.643 362.172 14.6141 8.7128 tent
329.749 362.172 39.8793 8.7128 authorities
374.254 362.172 7.67648 8.7128 of
386.387 362.172 16.9842 8.7128 each
407.988 362.172 16.1878 8.7128 host
428.625 362.172 31.1089 8.7128 Member
464.343 362.172 18.1933 8.7128 State
487.077 362.172 8.20424 8.7128 or
499.777 362.172 7.36942 8.7128 in
511.683 362.172 4.07813 8.7128 a
520.3 362.172 33.2392 8.7128 language

310.643 372.717 39.4187 8.7128 customary
353.561 372.717 7.36942 8.7128 in
364.503 372.717 11.7546 8.7128 the
379.811 372.717 24.5839 8.7128 sphere
408.045 372.717 7.67648 8.7128 of
419.214 372.717 48.0452 8.7128 international
470.806 372.717 29.209 8.7128 finance,
503.633 372.717 6.89924 8.7128 at
514.064 372.717 11.7546 8.7128 the
529.429 372.717 24.1713 8.7128 choice

310.643 383.261 7.67648 8.7128 of
321.131 383.261 11.7546 8.7128 the
335.872 383.261 23.4133 8.7128 issuer,
362.235 383.261 27.9136 8.7128 offeror,
393.077 383.261 8.20424 8.7128 or
404.189 383.261 25.6107 8.7128 person
432.706 383.261 23.989 8.7128 asking
459.579 383.261 10.939 8.7128 for
473.412 383.261 38.0082 8.7128 admission
514.233 383.261 7.76284 8.7128 to
524.835 383.261 28.806 8.7128 trading,

310.643 393.862 7.52295 8.7128 as
323.286 393.862 11.7546 8.7128 the
340.238 393.862 15.4489 8.7128 case
360.932 393.862 16.1014 8.7128 may
382.192 393.862 10.8526 8.7128 be.
398.237 393.862 14.1151 8.7128 The
417.57 393.862 40.1096 8.7128 competent
462.812 393.862 34.5154 8.7128 authority
502.612 393.862 7.67648 8.7128 of
515.368 393.862 16.9842 8.7128 each
537.593 393.862 16.1878 8.7128 host

310.643 404.407 31.1089 8.7128 Member
345.794 404.407 18.1933 8.7128 State
367.905 404.407 16.1014 8.7128 may
387.975 404.407 16.6772 8.7128 only
408.555 404.407 26.3303 8.7128 require
439.113 404.407 14.7005 8.7128 that
457.766 404.407 11.7546 8.7128 the
473.527 404.407 35.3214 8.7128 summary
512.759 404.407 29.1226 8.7128 referred
546.039 404.407 7.76284 8.7128 to

310.643 414.952 7.36942 8.7128 in
320.905 414.952 25.0637 8.7128 Article
348.969 414.952 15.2378 8.7128 5(2)
367.055 414.952 8.77038 8.7128 be
378.734 414.952 36.5496 8.7128 translated
418.08 414.952 15.1323 8.7128 into
436.053 414.952 8.61685 8.7128 its
447.562 414.952 25.4955 8.7128 official
475.909 414.952 43.7751 8.7128 language(s).

310.643 452.029 7.1967 8.7128 4.
332.187 452.029 24.9582 8.7128 Where
362.462 452.029 38.0082 8.7128 admission
405.55 452.029 7.76284 8.7128 to
418.42 452.029 26.7237 8.7128 trading
450.395 452.029 9.96023 8.7128 on
465.476 452.029 4.07813 8.7128 a
474.774 452.029 34.4674 8.7128 regulated
514.517 452.029 26.3975 8.7128 market
546.096 452.029 7.67648 8.7128 of

310.643 462.63 40.9348 8.7128 non-equity
354.865 462.63 34.429 8.7128 securities
392.737 462.63 24.0082 8.7128 whose
420.007 462.63 52.8718 8.7128 denomination
476.079 462.63 12.2056 8.7128 per
491.67 462.63 15.0651 8.7128 unit
510.039 462.63 32.817 8.7128 amounts
545.983 462.63 7.76284 8.7128 to

310.643 473.175 6.89924 8.7128 at
321.018 473.175 16.6292 8.7128 least
341.088 473.175 16.6292 8.7128 EUR
362.576 473.175 10.2289 8.7128 50
375.162 473.175 15.3434 8.7128 000
393.928 473.175 5.79574 8.7128 is
403.17 473.175 25.5147 8.7128 sought
432.141 473.175 7.36942 8.7128 in
443.026 473.175 13.9136 8.7128 one
460.375 473.175 8.20424 8.7128 or
472.054 473.175 19.7957 8.7128 more
495.356 473.175 31.1089 8.7128 Member
529.996 473.175 23.7203 8.7128 States,

310.643 483.719 11.7546 8.7128 the
325.61 483.719 40.6949 8.7128 prospectus
369.492 483.719 17.1665 8.7128 shall
389.789 483.719 8.77038 8.7128 be
401.808 483.719 23.7875 8.7128 drawn
428.795 483.719 9.86428 8.7128 up
441.947 483.719 21.3214 8.7128 either
466.61 483.719 7.36942 8.7128 in
477.211 483.719 4.07813 8.7128 a
484.525 483.719 33.2392 8.7128 language
521.15 483.719 32.4811 8.7128 accepted

310.643 494.264 9.20218 8.7128 by
324.25 494.264 11.7546 8.7128 the
340.521 494.264 40.1096 8.7128 competent
385.026 494.264 39.8793 8.7128 authorities
429.475 494.264 7.67648 8.7128 of
441.551 494.264 11.7546 8.7128 the
457.766 494.264 21.5133 8.7128 home
483.732 494.264 13.8369 8.7128 and
501.988 494.264 16.1878 8.7128 host
522.511 494.264 31.1089 8.7128 Member

310.643 504.809 21.6381 8.7128 States
335.135 504.809 8.20424 8.7128 or
346.303 504.809 7.36942 8.7128 in
356.621 504.809 4.07813 8.7128 a
363.708 504.809 33.2392 8.7128 language
400.049 504.809 39.4187 8.7128 customary
442.344 504.809 7.36942 8.7128 in
452.719 504.809 11.7546 8.7128 the
467.459 504.809 24.5839 8.7128 sphere
495.07 504.809 7.67648 8.7128 of
505.615 504.809 48.0452 8.7128 international

310.643 515.353 29.209 8.7128 finance,
342.959 515.353 6.89924 8.7128 at
352.881 515.353 11.7546 8.7128 the
367.735 515.353 24.1713 8.7128 choice
395.062 515.353 7.67648 8.7128 of
405.721 515.353 11.7546 8.7128 the
420.519 515.353 23.4133 8.7128 issuer,
447.051 515.353 25.8314 8.7128 offeror
475.909 515.353 8.20424 8.7128 or
487.135 515.353 25.6107 8.7128 person
515.765 515.353 23.989 8.7128 asking
542.809 515.353 10.939 8.7128 for

310.643 525.954 38.0082 8.7128 admission
352.314 525.954 7.76284 8.7128 to
363.823 525.954 28.806 8.7128 trading,
396.48 525.954 7.52295 8.7128 as
407.762 525.954 11.7546 8.7128 the
423.353 525.954 15.4489 8.7128 case
442.629 525.954 16.1014 8.7128 may
462.528 525.954 10.8526 8.7128 be.
477.212 525.954 31.1089 8.7128 Member
512.25 525.954 21.6381 8.7128 States
537.593 525.954 16.1014 8.7128 may

310.643 536.499 26.2344 8.7128 choose
340.692 536.499 7.76284 8.7128 to
352.257 536.499 26.3303 8.7128 require
382.759 536.499 7.36942 8.7128 in
394.04 536.499 17.368 8.7128 their
415.415 536.499 30.6388 8.7128 national
449.885 536.499 38.0753 8.7128 legislation
491.839 536.499 14.7005 8.7128 that
510.435 536.499 4.07813 8.7128 a
518.429 536.499 35.3214 8.7128 summary

310.643 547.044 8.77038 8.7128 be
322.322 547.044 23.7875 8.7128 drawn
348.969 547.044 9.86428 8.7128 up
361.725 547.044 7.36942 8.7128 in
372.044 547.044 17.368 8.7128 their
392.397 547.044 25.4955 8.7128 official
420.744 547.044 43.7751 8.7128 language(s).

414.222 610.673 22.7991 8.74159 Article
439.905 610.673 10.2289 8.74159 20

352.539 647.596 28.0383 8.90472 Issuers
383.382 647.596 53.0445 8.90472 incorporated
439.339 647.596 8.04111 8.90472 in
450.338 647.596 20.2371 8.90472 third
473.526 647.596 38.2097 8.90472 countries

310.643 684.865 7.1967 8.7128 1.
332.187 684.865 14.1151 8.7128 The
350.726 684.865 40.1096 8.7128 competent
395.175 684.865 34.5154 8.7128 authority
434.124 684.865 7.67648 8.7128 of
446.087 684.865 11.7546 8.7128 the
462.188 684.865 21.5133 8.7128 home
488.041 684.865 31.1089 8.7128 Member
523.589 684.865 18.1933 8.7128 State
546.096 684.865 7.67648 8.7128 of

310.643 695.41 24.7758 8.7128 issuers
340.238 695.41 25.2652 8.7128 having
370.4 695.41 17.368 8.7128 their
392.737 695.41 36.1946 8.7128 registered
433.898 695.41 20.6881 8.7128 office
459.41 695.41 7.36942 8.7128 in
471.6 695.41 4.07813 8.7128 a
480.501 695.41 18.1549 8.7128 third
503.519 695.41 29.2762 8.7128 country
537.593 695.41 16.1014 8.7128 may

310.643 706.011 30.5946 8.7128 approve
345.221 706.011 4.07813 8.7128 a
353.215 706.011 40.6863 8.7128 prospectus
397.768 706.011 10.9371 8.7128 for
412.643 706.011 9.09663 8.7128 an
425.626 706.011 17.6233 8.7128 offer
447.11 706.011 7.76188 8.7128 to
458.731 706.011 11.7527 8.7128 the
474.433 706.011 23.3317 8.7128 public
501.698 706.011 8.20328 8.7128 or
513.83 706.011 10.9371 8.7128 for
528.625 706.011 25.1453 8.7128 admis-

310.643 716.556 15.756 8.7128 sion
329.579 716.556 7.76284 8.7128 to
340.521 716.556 26.7237 8.7128 trading
370.626 716.556 9.96023 8.7128 on
383.779 716.556 4.07813 8.7128 a
391.149 716.556 34.4674 8.7128 regulated
428.965 716.556 28.4797 8.7128 market,
460.714 716.556 23.7875 8.7128 drawn
487.813 716.556 9.86428 8.7128 up
500.966 716.556 7.36942 8.7128 in
511.625 716.556 41.9903 8.7128 accordance

310.643 727.1 16.8403 8.7128 with
330.373 727.1 11.7546 8.7128 the
345.057 727.1 38.0753 8.7128 legislation
386.047 727.1 7.67648 8.7128 of
396.535 727.1 4.07813 8.7128 a
403.508 727.1 18.1549 8.7128 third
424.542 727.1 31.3584 8.7128 country,
458.842 727.1 33.3639 8.7128 provided
495.127 727.1 16.7827 8.7128 that:

311.437 755.333 9.08703 8.7128 (a)
325.326 755.333 11.7546 8.7128 the
339.954 755.333 40.6949 8.7128 prospectus
383.439 755.333 12.5031 8.7128 has
398.69 755.333 17.7423 8.7128 been
419.27 755.333 23.7875 8.7128 drawn
445.86 755.333 9.86428 8.7128 up
458.559 755.333 7.36942 8.7128 in
468.764 755.333 41.9903 8.7128 accordance
513.61 755.333 16.8403 8.7128 with
533.34 755.333 20.3043 8.7128 inter-

325.326 765.878 30.6388 8.7128 national
360.477 765.878 35.6285 8.7128 standards
400.561 765.878 10.2193 8.7128 set
415.358 765.878 9.20218 8.7128 by
429.078 765.878 48.0452 8.7128 international
481.747 765.878 34.429 8.7128 securities
520.923 765.878 32.8841 8.7128 commis-

325.326 776.479 15.756 8.7128 sion
346.247 776.479 52.2864 8.7128 organisations,
403.736 776.479 35.1103 8.7128 including
444.103 776.479 11.7546 8.7128 the
461.111 776.479 26.7429 8.7128 IOSCO
493.03 776.479 37.3173 8.7128 disclosure
535.494 776.479 18.2604 8.7128 stan-

325.326 787.024 22.3482 8.7128 dards;

508.727 51.2759 45.0801 8.7128 31.12.2003

41.916 51.2759 4.55791 8.7128 L
49.3996 51.2759 28.3358 8.7128 345/78

223.846 51.2759 27.5298 8.7128 Official
254.347 51.2759 27.098 8.7128 Journal
284.283 51.2759 7.67648 8.7128 of
294.771 51.2759 11.7546 8.7128 the
309.455 51.2759 35.7724 8.7128 European
348.234 51.2759 23.634 8.7128 Union

120.154 52.1989 9.8344 7.7447 EN

42.0882 76.9011 9.82589 8.7128 (b)
56.6582 76.9011 11.7546 8.7128 the
73.1559 76.9011 45.1569 8.7128 information
122.877 76.9011 51.2885 8.7128 requirements,
179.063 76.9011 35.1103 8.7128 including
218.919 76.9011 45.1569 8.7128 information
268.64 76.9011 7.67648 8.7128 of
280.943 76.9011 4.07813 8.7128 a

56.6582 87.4457 31.9342 8.7128 financial
92.8863 87.4457 26.0904 8.7128 nature,
123.275 87.4457 11.294 8.7128 are
138.866 87.4457 38.44 8.7128 equivalent
181.671 87.4457 7.76284 8.7128 to
193.576 87.4457 11.7546 8.7128 the
209.564 87.4457 49.2062 8.7128 requirements
263.141 87.4457 21.8492 8.7128 under

56.6582 97.9903 13.597 8.7128 this
73.1559 97.9903 35.6764 8.7128 Directive.

41.9184 124.013 7.1967 8.7128 2.

63.519 124.013 7.65729 8.7128 In
76.2188 124.013 11.7546 8.7128 the
93.0571 124.013 15.4489 8.7128 case
113.58 124.013 7.67648 8.7128 of
126.28 124.013 9.09663 8.7128 an
140.397 124.013 17.6271 8.7128 offer
163.075 124.013 7.76284 8.7128 to
175.832 124.013 11.7546 8.7128 the
192.67 124.013 23.3365 8.7128 public
221.131 124.013 8.20424 8.7128 or
234.396 124.013 38.0082 8.7128 admission
277.315 124.013 7.76284 8.7128 to

41.9184 134.557 26.7237 8.7128 trading
72.1934 134.557 9.96023 8.7128 on
85.5169 134.557 4.07813 8.7128 a
93.1138 134.557 34.4674 8.7128 regulated
131.156 134.557 26.3975 8.7128 market
160.978 134.557 7.67648 8.7128 of
172.033 134.557 36.5113 8.7128 securities,
212.173 134.557 22.8087 8.7128 issued
238.423 134.557 9.20218 8.7128 by
251.066 134.557 9.09663 8.7128 an
263.652 134.557 21.331 8.7128 issuer

41.9184 145.102 48.333 8.7128 incorporated
93.9073 145.102 7.36942 8.7128 in
104.906 145.102 4.07813 8.7128 a
112.559 145.102 18.1549 8.7128 third
134.386 145.102 31.3584 8.7128 country,
169.311 145.102 7.36942 8.7128 in
180.309 145.102 4.07813 8.7128 a
188.019 145.102 31.1089 8.7128 Member
222.773 145.102 18.1933 8.7128 State
244.544 145.102 19.9588 8.7128 other
268.129 145.102 16.8979 8.7128 than

41.9184 155.646 11.7546 8.7128 the
58.0198 155.646 21.5133 8.7128 home
83.759 155.646 31.1089 8.7128 Member
119.194 155.646 20.2755 8.7128 State,
143.742 155.646 11.7546 8.7128 the
159.843 155.646 49.2062 8.7128 requirements
213.477 155.646 10.2193 8.7128 set
227.934 155.646 12.6374 8.7128 out
244.772 155.646 7.36942 8.7128 in
256.451 155.646 28.5085 8.7128 Articles

41.9184 166.248 12.3112 8.7128 17,
57.113 166.248 10.2289 8.7128 18
70.2091 166.248 13.8369 8.7128 and
86.8776 166.248 10.2289 8.7128 19
99.917 166.248 17.1665 8.7128 shall
119.931 166.248 22.8567 8.7128 apply.

41.9184 192.213 7.1967 8.7128 3.

63.519 192.213 7.65729 8.7128 In
75.0846 192.213 20.1604 8.7128 order
99.2367 192.213 7.76284 8.7128 to
110.859 192.213 24.5072 8.7128 ensure
139.376 192.213 30.8211 8.7128 uniform
174.129 192.213 41.9232 8.7128 application
220.052 192.213 7.67648 8.7128 of
231.618 192.213 13.597 8.7128 this
249.136 192.213 35.6764 8.7128 Directive,

41.9184 202.815 11.7546 8.7128 the
57.1686 202.815 47.4023 8.7128 Commission
107.74 202.815 16.1014 8.7128 may
127.284 202.815 21.5709 8.7128 adopt
152.173 202.815 52.5167 8.7128 implementing
208.187 202.815 34.6497 8.7128 measures
246.286 202.815 7.36942 8.7128 in
257.115 202.815 27.8656 8.7128 accord-

41.9184 213.359 17.0226 8.7128 ance
63.7455 213.359 16.8403 8.7128 with
85.3461 213.359 11.7546 8.7128 the
101.787 213.359 37.9506 8.7128 procedure
144.592 213.359 29.1226 8.7128 referred
178.552 213.359 7.76284 8.7128 to
190.968 213.359 7.36942 8.7128 in
203.044 213.359 25.0637 8.7128 Article
232.922 213.359 22.4345 8.7128 24(2),
260.022 213.359 24.9869 8.7128 stating

41.9184 223.904 14.7005 8.7128 that
61.3082 223.904 4.07813 8.7128 a
70.1525 223.904 18.1549 8.7128 third
93.0005 223.904 29.2762 8.7128 country
127.017 223.904 27.952 8.7128 ensures
159.673 223.904 11.7546 8.7128 the
176.17 223.904 43.5448 8.7128 equivalence
224.644 223.904 7.67648 8.7128 of
236.947 223.904 48.0931 8.7128 prospectuses

41.9184 234.448 23.7875 8.7128 drawn
69.5287 234.448 9.86428 8.7128 up
83.1919 234.448 7.36942 8.7128 in
94.3602 234.448 14.7005 8.7128 that
112.842 234.448 29.2762 8.7128 country
145.895 234.448 16.8403 8.7128 with
166.589 234.448 13.597 8.7128 this
183.938 234.448 35.6764 8.7128 Directive,
223.624 234.448 9.20218 8.7128 by
236.607 234.448 24.6991 8.7128 reason
265.068 234.448 7.67648 8.7128 of
276.407 234.448 8.61685 8.7128 its

41.9184 244.993 30.6388 8.7128 national
77.0123 244.993 13.098 8.7128 law
94.6443 244.993 8.20424 8.7128 or
107.344 244.993 7.67648 8.7128 of
119.42 244.993 32.8457 8.7128 practices
156.952 244.993 8.20424 8.7128 or
169.652 244.993 41.3954 8.7128 procedures
215.631 244.993 21.0336 8.7128 based
241.144 244.993 9.96023 8.7128 on
255.544 244.993 29.4009 8.7128 interna-

41.9184 255.594 21.5421 8.7128 tional
68.622 255.594 35.6285 8.7128 standards
109.329 255.594 10.2193 8.7128 set
124.694 255.594 9.20218 8.7128 by
139.094 255.594 48.0452 8.7128 international
192.33 255.594 52.3862 8.7128 organisations,
249.819 255.594 35.1103 8.7128 including

41.9184 266.139 11.7546 8.7128 the
56.6025 266.139 26.7429 8.7128 IOSCO
86.1973 266.139 37.3173 8.7128 disclosure
126.338 266.139 37.7107 8.7128 standards.

141.358 307.43 34.2541 7.7447 CHAPTER
178.151 307.43 7.49734 7.7447 VI

109.667 332.091 49.2573 7.91528 COMPETENT
161.37 332.091 56.0467 7.91528 AUTHORITIES

145.553 372.744 22.7991 8.74159 Article
171.235 372.744 10.2289 8.74159 21

148.274 398.555 30.3701 8.90472 Powers

41.9174 424.769 7.1967 8.7128 1.

63.5181 424.769 17.6847 8.7128 Each
85.9689 424.769 31.1089 8.7128 Member
121.856 424.769 18.1933 8.7128 State
144.705 424.769 17.1665 8.7128 shall
166.475 424.769 34.8128 8.7128 designate
206.048 424.769 4.07813 8.7128 a
214.779 424.769 25.4379 8.7128 central
244.941 424.769 40.1096 8.7128 competent

41.9174 435.314 53.3918 8.7128 administrative
98.2724 435.314 34.5154 8.7128 authority
135.748 435.314 42.5085 8.7128 responsible
181.161 435.314 10.939 8.7128 for
194.994 435.314 30.7827 8.7128 carrying
228.897 435.314 12.6374 8.7128 out
244.432 435.314 11.7546 8.7128 the
259.116 435.314 25.8697 8.7128 obliga-

41.9174 445.858 18.5771 8.7128 tions
64.5957 445.858 33.3639 8.7128 provided
102.185 445.858 10.939 8.7128 for
117.265 445.858 7.36942 8.7128 in
128.887 445.858 13.597 8.7128 this
146.632 445.858 33.5942 8.7128 Directive
184.617 445.858 13.8369 8.7128 and
202.59 445.858 10.939 8.7128 for
217.67 445.858 32.3756 8.7128 ensuring
254.352 445.858 14.7005 8.7128 that
273.231 445.858 11.7546 8.7128 the

41.9174 456.403 39.1309 8.7128 provisions
83.9289 456.403 30.2645 8.7128 adopted
116.982 456.403 33.3639 8.7128 pursuant
153.267 456.403 7.76284 8.7128 to
163.811 456.403 13.597 8.7128 this
180.309 456.403 33.5942 8.7128 Directive
216.991 456.403 11.294 8.7128 are
231.221 456.403 29.5161 8.7128 applied.

41.9174 482.425 35.7532 8.7128 However,
81.434 482.425 4.07813 8.7128 a
89.0875 482.425 31.1089 8.7128 Member
123.898 482.425 18.1933 8.7128 State
145.669 482.425 18.1837 8.7128 may,
167.439 482.425 5.08567 8.7128 if
176.114 482.425 8.38655 8.7128 so
188.019 482.425 31.0706 8.7128 required
222.887 482.425 9.20218 8.7128 by
235.643 482.425 30.6388 8.7128 national
269.83 482.425 15.1802 8.7128 law,

41.9174 492.97 34.8128 8.7128 designate
79.7327 492.97 19.9588 8.7128 other
102.581 492.97 53.294 8.7128 administrative
158.823 492.97 39.8793 8.7128 authorities
201.741 492.97 7.76284 8.7128 to
212.285 492.97 20.7745 8.7128 apply
235.984 492.97 29.7176 8.7128 Chapter
268.64 492.97 9.99862 8.7128 III.

41.9174 518.992 21.5133 8.7128 These
68.1672 518.992 40.1096 8.7128 competent
112.842 518.992 39.8793 8.7128 authorities
157.461 518.992 17.1665 8.7128 shall
179.118 518.992 8.77038 8.7128 be
192.555 518.992 41.3187 8.7128 completely
238.421 518.992 46.5579 8.7128 independent

41.9174 529.537 18.5771 8.7128 from
63.2916 529.537 8.74159 8.7128 all
74.9138 529.537 26.3975 8.7128 market
104.169 529.537 46.2604 8.7128 participants.

41.9174 555.559 5.37354 8.7128 If
51.1014 555.559 9.09663 8.7128 an
64.0276 555.559 17.6271 8.7128 offer
85.4584 555.559 7.67648 8.7128 of
96.8542 555.559 34.429 8.7128 securities
135.293 555.559 5.79574 8.7128 is
144.931 555.559 20.4098 8.7128 made
169.196 555.559 7.76284 8.7128 to
180.705 555.559 11.7546 8.7128 the
196.353 555.559 23.3365 8.7128 public
223.566 555.559 8.20424 8.7128 or
235.585 555.559 38.0082 8.7128 admission
277.313 555.559 7.76284 8.7128 to

41.9174 566.104 26.7237 8.7128 trading
73.6664 566.104 9.96023 8.7128 on
88.4638 566.104 4.07813 8.7128 a
97.4779 566.104 34.4674 8.7128 regulated
136.994 566.104 26.3975 8.7128 market
168.29 566.104 5.79574 8.7128 is
179.005 566.104 25.5147 8.7128 sought
209.393 566.104 7.36942 8.7128 in
221.696 566.104 4.07813 8.7128 a
230.71 566.104 31.1089 8.7128 Member
266.825 566.104 18.1933 8.7128 State

41.9174 576.648 19.9588 8.7128 other
64.992 576.648 16.8979 8.7128 than
84.9479 576.648 11.7546 8.7128 the
99.8019 576.648 21.5133 8.7128 home
124.294 576.648 31.1089 8.7128 Member
158.538 576.648 20.2755 8.7128 State,
181.896 576.648 16.6772 8.7128 only
201.569 576.648 11.7546 8.7128 the
216.423 576.648 25.4379 8.7128 central
244.94 576.648 40.1096 8.7128 competent

41.9174 587.25 53.3918 8.7128 administrative
98.5555 587.25 34.5154 8.7128 authority
136.427 587.25 39.5531 8.7128 designated
179.232 587.25 9.20218 8.7128 by
191.705 587.25 16.9842 8.7128 each
212.058 587.25 31.1089 8.7128 Member
246.472 587.25 18.1933 8.7128 State
267.902 587.25 17.1665 8.7128 shall

41.9174 597.794 8.77038 8.7128 be
53.5962 597.794 27.9904 8.7128 entitled
84.495 597.794 7.76284 8.7128 to
95.0396 597.794 30.6004 8.7128 approve
128.66 597.794 11.7546 8.7128 the
143.287 597.794 42.7772 8.7128 prospectus.

41.9174 623.817 7.1967 8.7128 2.

63.5181 623.817 31.1089 8.7128 Member
99.2924 623.817 21.6381 8.7128 States
125.429 623.817 16.1014 8.7128 may
146.123 623.817 20.3715 8.7128 allow
170.955 623.817 17.368 8.7128 their
193.01 623.817 40.1096 8.7128 competent
237.685 623.817 34.5154 8.7128 authority
276.804 623.817 8.20424 8.7128 or

41.9174 634.361 39.8793 8.7128 authorities
85.0621 634.361 7.76284 8.7128 to
95.9474 634.361 30.2837 8.7128 delegate
129.454 634.361 20.5154 8.7128 tasks.
153.039 634.361 24.8718 8.7128 Except
181.16 634.361 10.939 8.7128 for
195.221 634.361 38.6415 8.7128 delegation
237.061 634.361 7.67648 8.7128 of
247.777 634.361 11.7546 8.7128 the
262.744 634.361 22.2618 8.7128 publi-

41.9174 644.906 23.183 8.7128 cation
68.7909 644.906 9.96023 8.7128 on
82.2842 644.906 11.7546 8.7128 the
97.7619 644.906 29.4873 8.7128 Internet
130.872 644.906 7.67648 8.7128 of
142.097 644.906 35.3406 8.7128 approved
181.16 644.906 48.0931 8.7128 prospectuses
232.866 644.906 13.8369 8.7128 and
250.272 644.906 11.7546 8.7128 the
265.749 644.906 19.2392 8.7128 filing

41.9174 655.45 7.67648 8.7128 of
53.4264 655.45 48.0931 8.7128 prospectuses
105.359 655.45 7.52295 8.7128 as
116.754 655.45 40.4359 8.7128 mentioned
160.977 655.45 7.36942 8.7128 in
172.258 655.45 25.0637 8.7128 Article
201.343 655.45 12.3112 8.7128 14,
217.501 655.45 13.4818 8.7128 any
234.849 655.45 38.6415 8.7128 delegation
277.427 655.45 7.67648 8.7128 of

41.9174 665.995 18.4331 8.7128 tasks
64.255 665.995 28.2686 8.7128 relating
96.6843 665.995 7.76284 8.7128 to
108.42 665.995 11.7546 8.7128 the
124.294 665.995 41.5489 8.7128 obligations
169.82 665.995 33.3639 8.7128 provided
207.239 665.995 10.939 8.7128 for
222.15 665.995 7.36942 8.7128 in
233.602 665.995 13.597 8.7128 this
251.234 665.995 33.5942 8.7128 Directive

41.9174 676.596 13.8369 8.7128 and
58.9823 676.596 7.36942 8.7128 in
69.641 676.596 8.61685 8.7128 its
81.4897 676.596 52.5167 8.7128 implementing
137.334 676.596 34.6497 8.7128 measures
175.263 676.596 17.1665 8.7128 shall
195.616 676.596 8.77038 8.7128 be
207.635 676.596 35.3694 8.7128 reviewed,
246.472 676.596 7.36942 8.7128 in
257.13 676.596 27.8656 8.7128 accord-

41.9174 687.141 17.0226 8.7128 ance
62.6113 687.141 16.8403 8.7128 with
83.0778 687.141 25.0637 8.7128 Article
111.822 687.141 10.2289 8.7128 31
125.542 687.141 9.20218 8.7128 by
138.299 687.141 10.2289 8.7128 31
152.075 687.141 38.0945 8.7128 December
193.802 687.141 22.5401 8.7128 2008,
219.882 687.141 13.8369 8.7128 and
237.231 687.141 17.1665 8.7128 shall
257.868 687.141 13.7121 8.7128 end
275.161 687.141 9.96023 8.7128 on

41.9174 697.685 10.2289 8.7128 31
56.3176 697.685 38.0945 8.7128 December
98.6121 697.685 22.5401 8.7128 2011.
125.259 697.685 15.7752 8.7128 Any
145.215 697.685 38.6415 8.7128 delegation
188.077 697.685 7.67648 8.7128 of
199.812 697.685 18.4331 8.7128 tasks
222.263 697.685 7.76284 8.7128 to
234.112 697.685 26.7142 8.7128 entities
265.067 697.685 19.9588 8.7128 other

41.9174 708.23 16.8979 8.7128 than
61.8168 708.23 11.7546 8.7128 the
76.6142 708.23 39.8793 8.7128 authorities
119.589 708.23 29.1226 8.7128 referred
151.848 708.23 7.76284 8.7128 to
162.564 708.23 7.36942 8.7128 in
172.939 708.23 38.1713 8.7128 paragraph
214.326 708.23 5.11445 8.7128 1
222.377 708.23 17.1665 8.7128 shall
242.447 708.23 8.77038 8.7128 be
254.239 708.23 20.4098 8.7128 made
277.654 708.23 7.36942 8.7128 in

41.9174 718.775 4.07813 8.7128 a
50.3078 718.775 27.7697 8.7128 specific
82.4541 718.775 28.9691 8.7128 manner
115.677 718.775 24.9869 8.7128 stating
144.931 718.775 11.7546 8.7128 the
160.976 718.775 18.4331 8.7128 tasks
183.54 718.775 7.76284 8.7128 to
195.503 718.775 8.77038 8.7128 be
208.542 718.775 42.3646 8.7128 undertaken
255.202 718.775 13.8369 8.7128 and
273.231 718.775 11.7546 8.7128 the

41.9174 729.319 39.601 8.7128 conditions
84.3252 729.319 21.8492 8.7128 under
109.101 729.319 22.9719 8.7128 which
135.067 729.319 16.1398 8.7128 they
154.116 729.319 11.294 8.7128 are
168.403 729.319 7.76284 8.7128 to
179.005 729.319 8.77038 8.7128 be
190.684 729.319 25.6203 8.7128 carried
219.314 729.319 14.7197 8.7128 out.

41.9174 755.342 21.5133 8.7128 These
67.9407 755.342 39.601 8.7128 conditions
111.766 755.342 17.1665 8.7128 shall
133.253 755.342 27.2419 8.7128 include
164.946 755.342 4.07813 8.7128 a
173.449 755.342 22.6552 8.7128 clause
200.492 755.342 30.7155 8.7128 obliging
235.7 755.342 11.7546 8.7128 the
251.858 755.342 21.3502 8.7128 entity
277.654 755.342 7.36942 8.7128 in

41.9174 765.886 32.0781 8.7128 question
77.3521 765.886 7.76284 8.7128 to
88.4072 765.886 10.8718 8.7128 act
102.637 765.886 13.8369 8.7128 and
119.759 765.886 8.77038 8.7128 be
131.892 765.886 36.2426 8.7128 organised
171.521 765.886 7.36942 8.7128 in
182.237 765.886 17.2721 8.7128 such
202.873 765.886 4.07813 8.7128 a
210.357 765.886 28.9691 8.7128 manner
242.673 765.886 7.52295 8.7128 as
253.501 765.886 7.76284 8.7128 to
264.5 765.886 20.4962 8.7128 avoid

41.9174 776.487 28.1439 8.7128 conflict
75.8772 776.487 7.67648 8.7128 of
89.3139 776.487 27.6257 8.7128 interest
122.821 776.487 13.8369 8.7128 and
142.437 776.487 8.38655 8.7128 so
156.554 776.487 14.7005 8.7128 that
177.077 776.487 45.1569 8.7128 information
227.99 776.487 32.721 8.7128 obtained
266.542 776.487 18.5771 8.7128 from

41.9174 787.032 30.7827 8.7128 carrying
78.3155 787.032 12.6374 8.7128 out
96.288 787.032 11.7546 8.7128 the
113.466 787.032 35.0239 8.7128 delegated
153.946 787.032 18.4331 8.7128 tasks
177.644 787.032 5.79574 8.7128 is
188.813 787.032 12.7813 8.7128 not
206.898 787.032 17.013 8.7128 used
229.293 787.032 29.0363 8.7128 unfairly
263.763 787.032 8.20424 8.7128 or
277.313 787.032 7.76284 8.7128 to

310.643 76.8933 28.3838 8.7128 prevent
343.923 76.8933 47.882 8.7128 competition.
396.592 76.8933 7.65729 8.7128 In
408.951 76.8933 13.4818 8.7128 any
427.263 76.8933 17.5312 8.7128 case,
449.658 76.8933 11.7546 8.7128 the
466.268 76.8933 16.514 8.7128 final
487.528 76.8933 50.4633 8.7128 responsibility
542.806 76.8933 10.939 8.7128 for

310.643 87.4379 42.5277 8.7128 supervising
356.963 87.4379 43.2474 8.7128 compliance
403.907 87.4379 16.8403 8.7128 with
424.486 87.4379 13.597 8.7128 this
441.779 87.4379 33.5942 8.7128 Directive
479.198 87.4379 13.8369 8.7128 and
496.66 87.4379 16.8403 8.7128 with
517.239 87.4379 8.61685 8.7128 its
529.485 87.4379 24.1617 8.7128 imple-

310.643 97.9825 31.2529 8.7128 menting
346.361 97.9825 34.6497 8.7128 measures
385.48 97.9825 13.8369 8.7128 and
403.736 97.9825 10.939 8.7128 for
419.044 97.9825 38.4688 8.7128 approving
462.075 97.9825 11.7546 8.7128 the
478.346 97.9825 40.6949 8.7128 prospectus
523.476 97.9825 17.1665 8.7128 shall
545.02 97.9825 8.63604 8.7128 lie

310.643 108.527 16.8403 8.7128 with
333.888 108.527 11.7546 8.7128 the
352.03 108.527 40.1096 8.7128 competent
398.52 108.527 34.5154 8.7128 authority
439.454 108.527 8.20424 8.7128 or
454.024 108.527 39.8793 8.7128 authorities
500.343 108.527 39.5531 8.7128 designated
546.323 108.527 7.36942 8.7128 in

310.643 119.072 41.9903 8.7128 accordance
355.602 119.072 16.8403 8.7128 with
375.389 119.072 38.1713 8.7128 paragraph
416.605 119.072 7.1967 8.7128 1.

310.643 152.237 31.1089 8.7128 Member
344.661 152.237 21.6381 8.7128 States
369.096 152.237 17.1665 8.7128 shall
388.996 152.237 25.9465 8.7128 inform
417.741 152.237 11.7546 8.7128 the
432.368 152.237 47.4023 8.7128 Commission
482.373 152.237 13.8369 8.7128 and
498.985 152.237 11.7546 8.7128 the
513.669 152.237 40.1096 8.7128 competent

310.643 162.839 39.8793 8.7128 authorities
353.448 162.839 7.67648 8.7128 of
363.88 162.839 19.9588 8.7128 other
386.728 162.839 31.1089 8.7128 Member
420.802 162.839 21.6381 8.7128 States
445.237 162.839 7.67648 8.7128 of
455.668 162.839 13.4818 8.7128 any
471.996 162.839 50.9814 8.7128 arrangements
525.913 162.839 27.7025 8.7128 entered

310.643 173.384 15.1323 8.7128 into
330.146 173.384 16.8403 8.7128 with
351.463 173.384 23.7491 8.7128 regard
379.754 173.384 7.76284 8.7128 to
391.886 173.384 38.6415 8.7128 delegation
434.974 173.384 7.67648 8.7128 of
446.994 173.384 20.5154 8.7128 tasks,
471.77 173.384 35.1103 8.7128 including
511.399 173.384 11.7546 8.7128 the
527.614 173.384 25.9273 8.7128 precise

310.643 183.928 39.601 8.7128 conditions
352.994 183.928 37.5956 8.7128 regulating
393.644 183.928 17.2721 8.7128 such
413.828 183.928 40.7237 8.7128 delegation.

310.643 217.094 7.1967 8.7128 3.
332.187 217.094 17.6847 8.7128 Each
352.938 217.094 40.1096 8.7128 competent
395.913 217.094 34.5154 8.7128 authority
433.445 217.094 17.1665 8.7128 shall
453.458 217.094 17.3968 8.7128 have
473.868 217.094 8.74159 8.7128 all
485.49 217.094 11.7546 8.7128 the
500.231 217.094 27.2803 8.7128 powers
530.45 217.094 23.2405 8.7128 neces-

310.643 227.638 15.1706 8.7128 sary
332.981 227.638 10.939 8.7128 for
351.067 227.638 11.7546 8.7128 the
370.059 227.638 47.8053 8.7128 performance
425.11 227.638 7.67648 8.7128 of
439.907 227.638 8.61685 8.7128 its
455.668 227.638 37.2597 8.7128 functions.
500.06 227.638 6.37148 8.7128 A
513.61 227.638 40.1096 8.7128 competent

310.643 238.183 34.5154 8.7128 authority
350.953 238.183 14.7005 8.7128 that
371.363 238.183 12.5031 8.7128 has
389.619 238.183 30.5716 8.7128 received
426.13 238.183 9.09663 8.7128 an
440.927 238.183 41.9232 8.7128 application
488.665 238.183 10.939 8.7128 for
505.276 238.183 38.4688 8.7128 approving
549.611 238.183 4.07813 8.7128 a

310.643 248.784 40.6949 8.7128 prospectus
354.185 248.784 17.1665 8.7128 shall
374.142 248.784 8.77038 8.7128 be
385.821 248.784 44.1206 8.7128 empowered
432.878 248.784 6.89924 8.7128 at
442.685 248.784 16.6292 8.7128 least
462.132 248.784 9.84509 8.7128 to:

311.663 274.409 9.08703 8.7128 (a)
325.553 274.409 26.3303 8.7128 require
355.601 274.409 26.8581 8.7128 issuers,
385.99 274.409 29.2762 8.7128 offerors
418.645 274.409 8.20424 8.7128 or
430.324 274.409 29.0555 8.7128 persons
462.81 274.409 23.989 8.7128 asking
490.251 274.409 10.939 8.7128 for
504.651 274.409 38.0082 8.7128 admission
545.981 274.409 7.76284 8.7128 to

325.553 284.954 26.7237 8.7128 trading
355.828 284.954 9.96023 8.7128 on
369.208 284.954 4.07813 8.7128 a
376.861 284.954 34.4674 8.7128 regulated
414.904 284.954 26.3975 8.7128 market
444.839 284.954 7.76284 8.7128 to
456.007 284.954 27.2419 8.7128 include
486.792 284.954 7.36942 8.7128 in
497.734 284.954 11.7546 8.7128 the
512.985 284.954 40.6949 8.7128 prospectus

325.553 295.498 55.7408 8.7128 supplementary
390.015 295.498 47.2391 8.7128 information,
445.86 295.498 5.08567 8.7128 if
459.693 295.498 35.5133 8.7128 necessary
503.915 295.498 10.939 8.7128 for
523.531 295.498 30.1782 8.7128 investor

325.553 306.043 41.1555 8.7128 protection;

310.926 331.668 9.82589 8.7128 (b)
325.554 331.668 26.3303 8.7128 require
355.602 331.668 26.8581 8.7128 issuers,
385.991 331.668 29.2762 8.7128 offerors
418.646 331.668 8.20424 8.7128 or
430.325 331.668 29.0555 8.7128 persons
462.811 331.668 23.989 8.7128 asking
490.252 331.668 10.939 8.7128 for
504.652 331.668 38.0082 8.7128 admission
545.982 331.668 7.76284 8.7128 to

325.553 342.213 26.7237 8.7128 trading
355.431 342.213 9.96023 8.7128 on
368.413 342.213 4.07813 8.7128 a
375.614 342.213 34.4674 8.7128 regulated
413.259 342.213 28.4797 8.7128 market,
444.839 342.213 13.8369 8.7128 and
461.734 342.213 11.7546 8.7128 the
476.644 342.213 29.0555 8.7128 persons
508.734 342.213 14.7005 8.7128 that
526.479 342.213 27.2899 8.7128 control

325.553 352.814 19.3927 8.7128 them
349.762 352.814 8.20424 8.7128 or
362.858 352.814 11.294 8.7128 are
379.072 352.814 38.3152 8.7128 controlled
422.104 352.814 9.20218 8.7128 by
436.164 352.814 21.475 8.7128 them,
462.527 352.814 7.76284 8.7128 to
475.056 352.814 28.6237 8.7128 provide
508.62 352.814 45.1569 8.7128 information

325.553 363.358 13.8369 8.7128 and
342.221 363.358 43.4873 8.7128 documents;

311.72 388.983 8.98148 8.7128 (c)
325.553 388.983 26.3303 8.7128 require
357.699 388.983 30.514 8.7128 auditors
393.757 388.983 13.8369 8.7128 and
413.09 388.983 35.9259 8.7128 managers
454.591 388.983 7.67648 8.7128 of
467.743 388.983 11.7546 8.7128 the
485.092 388.983 23.4133 8.7128 issuer,
514.176 388.983 25.8314 8.7128 offeror
545.529 388.983 8.20424 8.7128 or

325.553 399.528 25.6107 8.7128 person
356.962 399.528 23.989 8.7128 asking
386.783 399.528 10.939 8.7128 for
403.565 399.528 38.0082 8.7128 admission
447.277 399.528 7.76284 8.7128 to
460.827 399.528 26.7237 8.7128 trading
493.426 399.528 9.96023 8.7128 on
509.187 399.528 4.07813 8.7128 a
519.108 399.528 34.4674 8.7128 regulated

325.553 410.073 28.4797 8.7128 market,
357.189 410.073 7.52295 8.7128 as
367.847 410.073 15.305 8.7128 well
386.273 410.073 7.52295 8.7128 as
396.932 410.073 31.9342 8.7128 financial
432.026 410.073 53.1788 8.7128 intermediaries
488.607 410.073 54.4358 8.7128 commissioned
546.04 410.073 7.76284 8.7128 to

325.553 420.617 18.9609 8.7128 carry
348.968 420.617 12.6374 8.7128 out
365.863 420.617 11.7546 8.7128 the
381.964 420.617 17.6271 8.7128 offer
403.848 420.617 7.76284 8.7128 to
415.868 420.617 11.7546 8.7128 the
431.969 420.617 23.3365 8.7128 public
459.693 420.617 8.20424 8.7128 or
472.165 420.617 12.1672 8.7128 ask
488.606 420.617 10.939 8.7128 for
503.8 420.617 38.0082 8.7128 admission
545.981 420.617 7.76284 8.7128 to

325.553 431.218 28.806 8.7128 trading,
357.302 431.218 7.76284 8.7128 to
367.904 431.218 28.6237 8.7128 provide
399.483 431.218 47.2391 8.7128 information;

311.039 456.844 9.74913 8.7128 (d)
325.553 456.844 30.466 8.7128 suspend
362.291 456.844 4.07813 8.7128 a
372.723 456.844 23.3365 8.7128 public
402.487 456.844 17.6271 8.7128 offer
426.412 456.844 8.20424 8.7128 or
440.926 456.844 38.0082 8.7128 admission
485.204 456.844 7.76284 8.7128 to
499.208 456.844 26.7237 8.7128 trading
532.374 456.844 10.939 8.7128 for
549.609 456.844 4.07813 8.7128 a

325.553 467.388 38.6991 8.7128 maximum
368.584 467.388 7.67648 8.7128 of
380.547 467.388 10.2289 8.7128 10
395.117 467.388 43.6888 8.7128 consecutive
443.251 467.388 31.3584 8.7128 working
479.026 467.388 16.6484 8.7128 days
500.003 467.388 9.96023 8.7128 on
514.233 467.388 13.4818 8.7128 any
532.148 467.388 21.5517 8.7128 single

325.553 477.933 32.721 8.7128 occasion
362.858 477.933 5.08567 8.7128 if
372.609 477.933 5.17203 8.7128 it
382.473 477.933 12.5031 8.7128 has
399.594 477.933 39.8793 8.7128 reasonable
444.1 477.933 30.7347 8.7128 grounds
479.478 477.933 10.939 8.7128 for
495.012 477.933 39.3228 8.7128 suspecting
539.007 477.933 14.7005 8.7128 that

325.553 488.477 11.7546 8.7128 the
340.237 488.477 39.1309 8.7128 provisions
382.191 488.477 7.67648 8.7128 of
392.679 488.477 13.597 8.7128 this
409.12 488.477 33.5942 8.7128 Directive
445.802 488.477 17.3968 8.7128 have
466.155 488.477 17.7423 8.7128 been
486.849 488.477 35.9643 8.7128 infringed;

311.72 514.102 8.96229 8.7128 (e)
325.553 514.102 30.514 8.7128 prohibit
360.08 514.102 8.20424 8.7128 or
372.212 514.102 30.466 8.7128 suspend
406.569 514.102 55.8656 8.7128 advertisements
466.439 514.102 10.939 8.7128 for
481.293 514.102 4.07813 8.7128 a
489.344 514.102 38.6991 8.7128 maximum
531.978 514.102 7.67648 8.7128 of
543.487 514.102 10.2289 8.7128 10

325.553 524.647 43.6888 8.7128 consecutive
373.347 524.647 31.3584 8.7128 working
408.724 524.647 16.6484 8.7128 days
429.303 524.647 9.96023 8.7128 on
443.193 524.647 13.4818 8.7128 any
460.655 524.647 21.5517 8.7128 single
486.224 524.647 32.8083 8.7128 occasion
522.962 524.647 5.08567 8.7128 if
532.033 524.647 5.17203 8.7128 it
541.217 524.647 12.5031 8.7128 has

325.553 535.248 39.8793 8.7128 reasonable
368.698 535.248 30.7347 8.7128 grounds
402.657 535.248 10.939 8.7128 for
416.831 535.248 33.6134 8.7128 believing
453.853 535.248 14.7005 8.7128 that
471.825 535.248 11.7546 8.7128 the
486.906 535.248 39.1309 8.7128 provisions
529.257 535.248 7.67648 8.7128 of
540.085 535.248 13.597 8.7128 this

325.553 545.793 33.5942 8.7128 Directive
362.235 545.793 17.3968 8.7128 have
382.588 545.793 17.7423 8.7128 been
403.282 545.793 35.9643 8.7128 infringed;

313.024 571.418 7.74365 8.7128 (f)
325.553 571.418 30.514 8.7128 prohibit
359.514 571.418 4.07813 8.7128 a
366.997 571.418 23.3365 8.7128 public
393.757 571.418 17.6271 8.7128 offer
414.734 571.418 5.08567 8.7128 if
423.239 571.418 5.17203 8.7128 it
431.799 571.418 18.2892 8.7128 finds
453.4 571.418 14.7005 8.7128 that
471.486 571.418 11.7546 8.7128 the
486.679 571.418 39.1309 8.7128 provisions
529.144 571.418 7.67648 8.7128 of
540.085 571.418 13.597 8.7128 this

325.553 581.962 33.5942 8.7128 Directive
366.089 581.962 17.3968 8.7128 have
390.355 581.962 17.7423 8.7128 been
414.96 581.962 33.8821 8.7128 infringed
455.723 581.962 8.20424 8.7128 or
470.69 581.962 5.08567 8.7128 if
482.595 581.962 5.17203 8.7128 it
494.557 581.962 12.5031 8.7128 has
513.833 581.962 39.8793 8.7128 reasonable

325.553 592.507 30.7347 8.7128 grounds
359.116 592.507 10.939 8.7128 for
372.893 592.507 39.3228 8.7128 suspecting
415.131 592.507 14.7005 8.7128 that
432.706 592.507 16.1398 8.7128 they
451.812 592.507 23.5764 8.7128 would
478.175 592.507 8.77038 8.7128 be
489.853 592.507 35.9643 8.7128 infringed;

311.266 618.132 9.46126 8.7128 (g)
325.553 618.132 30.466 8.7128 suspend
360.08 618.132 8.20424 8.7128 or
372.439 618.132 12.1672 8.7128 ask
388.71 618.132 11.7546 8.7128 the
404.698 618.132 29.8039 8.7128 relevant
438.716 618.132 34.4674 8.7128 regulated
477.495 618.132 29.8423 8.7128 markets
511.455 618.132 7.76284 8.7128 to
523.304 618.132 30.466 8.7128 suspend

325.553 628.677 26.7237 8.7128 trading
355.431 628.677 9.96023 8.7128 on
368.357 628.677 4.07813 8.7128 a
375.556 628.677 34.4674 8.7128 regulated
413.202 628.677 26.3975 8.7128 market
442.683 628.677 10.939 8.7128 for
456.631 628.677 4.07813 8.7128 a
463.83 628.677 38.6991 8.7128 maximum
505.558 628.677 7.67648 8.7128 of
516.216 628.677 10.2289 8.7128 10
529.54 628.677 24.2289 8.7128 conse-

325.553 639.278 22.3577 8.7128 cutive
351.009 639.278 31.3584 8.7128 working
385.366 639.278 16.6484 8.7128 days
404.926 639.278 9.96023 8.7128 on
417.795 639.278 13.4818 8.7128 any
434.236 639.278 21.5517 8.7128 single
458.785 639.278 32.721 8.7128 occasion
494.446 639.278 5.08567 8.7128 if
502.497 639.278 5.17203 8.7128 it
510.661 639.278 12.5031 8.7128 has
526.138 639.278 27.5969 8.7128 reason-

325.553 649.823 15.1802 8.7128 able
343.808 649.823 30.7347 8.7128 grounds
377.598 649.823 10.939 8.7128 for
391.546 649.823 33.6134 8.7128 believing
428.454 649.823 14.7005 8.7128 that
446.199 649.823 11.7546 8.7128 the
461.11 649.823 39.1309 8.7128 provisions
503.291 649.823 7.67648 8.7128 of
513.95 649.823 13.597 8.7128 this
530.618 649.823 22.9815 8.7128 Direc-

325.553 660.367 13.5106 8.7128 tive
341.994 660.367 17.3968 8.7128 have
362.404 660.367 17.7423 8.7128 been
383.041 660.367 35.9643 8.7128 infringed;

310.755 685.992 9.98902 8.7128 (h)
325.553 685.992 30.514 8.7128 prohibit
360.194 685.992 26.7237 8.7128 trading
391.093 685.992 9.96023 8.7128 on
405.097 685.992 4.07813 8.7128 a
413.26 685.992 34.4674 8.7128 regulated
451.926 685.992 26.3975 8.7128 market
482.371 685.992 5.08567 8.7128 if
491.555 685.992 5.17203 8.7128 it
500.853 685.992 18.2892 8.7128 finds
523.134 685.992 14.7005 8.7128 that
541.9 685.992 11.7546 8.7128 the

325.553 696.537 39.1309 8.7128 provisions
367.507 696.537 7.67648 8.7128 of
377.995 696.537 13.597 8.7128 this
394.436 696.537 33.5942 8.7128 Directive
431.118 696.537 17.3968 8.7128 have
451.528 696.537 17.7423 8.7128 been
472.165 696.537 35.9643 8.7128 infringed;

313.364 722.162 7.35983 8.7128 (i)
325.553 722.162 20.3139 8.7128 make
348.741 722.162 23.3365 8.7128 public
375.047 722.162 11.7546 8.7128 the
389.731 722.162 13.6066 8.7128 fact
406.229 722.162 14.7005 8.7128 that
423.804 722.162 9.09663 8.7128 an
435.824 722.162 21.331 8.7128 issuer
460.146 722.162 5.79574 8.7128 is
468.82 722.162 23.3173 8.7128 failing
495.126 722.162 7.76284 8.7128 to
505.728 722.162 28.259 8.7128 comply
536.797 722.162 16.8403 8.7128 with

325.553 732.706 8.61685 8.7128 its
337.005 732.706 43.6312 8.7128 obligations.

310.642 765.872 24.9582 8.7128 Where
339.726 765.872 35.5133 8.7128 necessary
379.356 765.872 21.8492 8.7128 under
405.323 765.872 30.6388 8.7128 national
439.906 765.872 15.1802 8.7128 law,
459.183 765.872 11.7546 8.7128 the
475 765.872 40.1096 8.7128 competent
519.11 765.872 34.5154 8.7128 authority

310.642 776.473 16.1014 8.7128 may
330.202 776.473 12.1672 8.7128 ask
345.793 776.473 11.7546 8.7128 the
361.101 776.473 29.8039 8.7128 relevant
394.494 776.473 26.9828 8.7128 judicial
425.052 776.473 34.5154 8.7128 authority
463.152 776.473 7.76284 8.7128 to
474.32 776.473 23.7107 8.7128 decide
501.647 776.473 9.96023 8.7128 on
515.028 776.473 11.7546 8.7128 the
530.335 776.473 12.2728 8.7128 use
546.096 776.473 7.67648 8.7128 of

310.642 787.018 11.7546 8.7128 the
325.27 787.018 27.2803 8.7128 powers
355.488 787.018 29.1226 8.7128 referred
387.634 787.018 7.76284 8.7128 to
398.237 787.018 7.36942 8.7128 in
408.498 787.018 23.5668 8.7128 points
434.861 787.018 9.74913 8.7128 (d)
447.448 787.018 7.76284 8.7128 to
457.992 787.018 9.98902 8.7128 (h)
470.918 787.018 24.2577 8.7128 above.

41.9182 51.2759 45.0801 8.7128 31.12.2003

517.914 51.2759 4.55791 8.7128 L
525.397 51.2759 28.3358 8.7128 345/79

223.846 51.2759 27.5298 8.7128 Official
254.348 51.2759 27.098 8.7128 Journal
284.283 51.2759 7.67648 8.7128 of
294.771 51.2759 11.7546 8.7128 the
309.455 51.2759 35.7724 8.7128 European
348.235 51.2759 23.634 8.7128 Union

120.154 52.1989 9.8344 7.7447 EN

41.9182 76.9011 7.1967 8.7128 4.

63.5189 76.9011 17.6847 8.7128 Each
85.7432 76.9011 40.1096 8.7128 competent
130.249 76.9011 34.5154 8.7128 authority
169.255 76.9011 17.1665 8.7128 shall
190.742 76.9011 16.8787 8.7128 also,
211.946 76.9011 17.8862 8.7128 once
234.226 76.9011 11.7546 8.7128 the
250.441 76.9011 34.429 8.7128 securities

41.9182 87.4457 17.3968 8.7128 have
65.5032 87.4457 17.7423 8.7128 been
89.3147 87.4457 33.1432 8.7128 admitted
128.434 87.4457 7.76284 8.7128 to
142.154 87.4457 26.7237 8.7128 trading
174.98 87.4457 9.96023 8.7128 on
190.911 87.4457 4.07813 8.7128 a
201.059 87.4457 34.4674 8.7128 regulated
241.709 87.4457 28.4797 8.7128 market,
276.236 87.4457 8.77038 8.7128 be

41.9182 97.9903 44.1206 8.7128 empowered
89.0316 97.9903 9.84509 8.7128 to:

42.7684 122.595 9.08703 8.7128 (a)
56.658 122.595 26.3303 8.7128 require
86.3094 122.595 11.7546 8.7128 the
101.163 122.595 21.331 8.7128 issuer
125.542 122.595 7.76284 8.7128 to
136.314 122.595 29.1802 8.7128 disclose
168.46 122.595 8.74159 8.7128 all
180.196 122.595 30.514 8.7128 material
213.816 122.595 45.1569 8.7128 information
261.95 122.595 22.9719 8.7128 which

56.658 133.14 16.1014 8.7128 may
78.1454 133.14 17.3968 8.7128 have
101.107 133.14 9.09663 8.7128 an
115.563 133.14 20.17 8.7128 effect
141.189 133.14 9.96023 8.7128 on
156.496 133.14 11.7546 8.7128 the
173.731 133.14 41.2419 8.7128 assessment
220.221 133.14 7.67648 8.7128 of
233.204 133.14 11.7546 8.7128 the
250.438 133.14 34.429 8.7128 securities

56.658 143.685 33.1432 8.7128 admitted
92.7163 143.685 7.76284 8.7128 to
103.375 143.685 26.7237 8.7128 trading
133.14 143.685 9.96023 8.7128 on
145.953 143.685 34.4674 8.7128 regulated
183.542 143.685 29.8423 8.7128 markets
216.255 143.685 7.36942 8.7128 in
226.63 143.685 20.1604 8.7128 order
249.761 143.685 7.76284 8.7128 to
260.42 143.685 24.5072 8.7128 ensure

56.658 154.229 30.1782 8.7128 investor
89.711 154.229 39.0733 8.7128 protection
131.722 154.229 8.20424 8.7128 or
142.777 154.229 11.7546 8.7128 the
157.461 154.229 28.7676 8.7128 smooth
188.927 154.229 36.3577 8.7128 operation
228.216 154.229 7.67648 8.7128 of
238.647 154.229 11.7546 8.7128 the
253.331 154.229 28.4797 8.7128 market;

42.088 178.834 9.82589 8.7128 (b)
56.658 178.834 30.466 8.7128 suspend
91.6954 178.834 8.20424 8.7128 or
104.508 178.834 12.1672 8.7128 ask
121.177 178.834 11.7546 8.7128 the
137.618 178.834 29.8039 8.7128 relevant
172.088 178.834 34.4674 8.7128 regulated
211.321 178.834 26.3975 8.7128 market
242.333 178.834 7.76284 8.7128 to
254.635 178.834 30.466 8.7128 suspend

56.658 189.379 11.7546 8.7128 the
73.2689 189.379 34.5106 8.7128 securities
112.729 189.379 18.5771 8.7128 from
136.03 189.379 26.7237 8.7128 trading
167.666 189.379 7.16791 8.7128 if,
179.742 189.379 7.36942 8.7128 in
191.931 189.379 8.61685 8.7128 its
205.368 189.379 31.6943 8.7128 opinion,
241.936 189.379 11.7546 8.7128 the
258.547 189.379 26.5222 8.7128 issuer's

56.658 199.923 32.7018 8.7128 situation
92.2625 199.923 5.79574 8.7128 is
100.937 199.923 17.2721 8.7128 such
121.12 199.923 14.7005 8.7128 that
138.696 199.923 26.7237 8.7128 trading
168.404 199.923 23.5764 8.7128 would
194.767 199.923 8.77038 8.7128 be
206.445 199.923 42.9691 8.7128 detrimental
252.368 199.923 7.76284 8.7128 to
262.913 199.923 22.0507 8.7128 inves-

56.658 210.468 16.2166 8.7128 tors'
75.6506 210.468 33.1528 8.7128 interests;

42.8816 235.073 8.98148 8.7128 (c)
56.658 235.073 24.5072 8.7128 ensure
84.5515 235.073 14.7005 8.7128 that
102.524 235.073 24.7758 8.7128 issuers
130.588 235.073 24.0082 8.7128 whose
157.858 235.073 34.429 8.7128 securities
195.73 235.073 11.294 8.7128 are
210.414 235.073 23.5956 8.7128 traded
237.287 235.073 9.96023 8.7128 on
250.44 235.073 34.4674 8.7128 regulated

56.658 245.618 29.8423 8.7128 markets
90.2781 245.618 28.259 8.7128 comply
122.311 245.618 16.8403 8.7128 with
143.062 245.618 11.7546 8.7128 the
158.709 245.618 41.5489 8.7128 obligations
204.008 245.618 33.3639 8.7128 provided
241.256 245.618 10.939 8.7128 for
255.997 245.618 7.36942 8.7128 in
267.222 245.618 17.7039 8.7128 Arti-

56.658 256.162 13.7025 8.7128 cles
73.3265 256.162 15.3434 8.7128 102
91.5255 256.162 13.8369 8.7128 and
108.307 256.162 15.3434 8.7128 103
126.563 256.162 7.67648 8.7128 of
137.108 256.162 33.5942 8.7128 Directive
173.847 256.162 46.5003 8.7128 2001/34/EC
223.228 256.162 13.8369 8.7128 and
240.01 256.162 14.7005 8.7128 that
257.642 256.162 27.2131 8.7128 equiva-

56.658 266.763 14.1247 8.7128 lent
75.9336 266.763 45.1569 8.7128 information
126.222 266.763 5.79574 8.7128 is
137.221 266.763 33.3639 8.7128 provided
175.773 266.763 7.76284 8.7128 to
188.699 266.763 33.623 8.7128 investors
227.479 266.763 13.8369 8.7128 and
246.415 266.763 38.44 8.7128 equivalent

56.658 277.308 36.3673 8.7128 treatment
97.138 277.308 5.79574 8.7128 is
107.06 277.308 28.3262 8.7128 granted
139.489 277.308 9.20218 8.7128 by
152.813 277.308 11.7546 8.7128 the
168.687 277.308 21.331 8.7128 issuer
194.199 277.308 7.76284 8.7128 to
205.991 277.308 8.74159 8.7128 all
218.748 277.308 34.429 8.7128 securities
257.414 277.308 27.6545 8.7128 holders

56.658 287.853 16.61 8.7128 who
77.0112 287.853 11.294 8.7128 are
92.0917 287.853 7.36942 8.7128 in
103.26 287.853 11.7546 8.7128 the
118.794 287.853 19.1144 8.7128 same
141.586 287.853 32.9417 8.7128 position,
178.21 287.853 7.36942 8.7128 in
189.379 287.853 8.74159 8.7128 all
201.794 287.853 31.1089 8.7128 Member
236.718 287.853 21.6381 8.7128 States
262.005 287.853 22.8375 8.7128 where

56.658 298.397 11.7546 8.7128 the
71.2855 298.397 17.6271 8.7128 offer
91.6388 298.397 7.76284 8.7128 to
102.183 298.397 11.7546 8.7128 the
116.753 298.397 23.3365 8.7128 public
142.946 298.397 5.79574 8.7128 is
151.564 298.397 20.4098 8.7128 made
174.752 298.397 8.20424 8.7128 or
185.75 298.397 11.7546 8.7128 the
200.378 298.397 34.429 8.7128 securities
237.74 298.397 11.294 8.7128 are
251.971 298.397 33.1432 8.7128 admitted

56.658 308.942 7.76284 8.7128 to
67.2602 308.942 28.806 8.7128 trading;

42.1447 333.547 9.74913 8.7128 (d)
56.658 333.547 18.9609 8.7128 carry
79.7892 333.547 12.6374 8.7128 out
96.4577 333.547 25.4283 8.7128 on-site
125.883 333.547 42.307 8.7128 inspections
172.202 333.547 7.36942 8.7128 in
183.655 333.547 8.61685 8.7128 its
196.241 333.547 31.061 8.7128 territory
231.505 333.547 7.36942 8.7128 in
242.958 333.547 41.9903 8.7128 accordance

56.658 344.092 16.8403 8.7128 with
77.6916 344.092 30.6388 8.7128 national
112.446 344.092 15.1802 8.7128 law,
131.779 344.092 7.36942 8.7128 in
143.288 344.092 20.1604 8.7128 order
167.61 344.092 7.76284 8.7128 to
179.459 344.092 21.0719 8.7128 verify
204.802 344.092 43.2474 8.7128 compliance
252.199 344.092 16.8403 8.7128 with
273.233 344.092 11.7546 8.7128 the

56.658 354.636 39.1309 8.7128 provisions
98.9525 354.636 7.67648 8.7128 of
109.781 354.636 13.597 8.7128 this
126.62 354.636 33.5942 8.7128 Directive
163.585 354.636 13.8369 8.7128 and
180.593 354.636 8.61685 8.7128 its
192.441 354.636 52.5167 8.7128 implementing
248.229 354.636 36.732 8.7128 measures.

56.658 365.237 24.9582 8.7128 Where
89.7676 365.237 35.5133 8.7128 necessary
133.366 365.237 21.8492 8.7128 under
163.301 365.237 30.6388 8.7128 national
201.909 365.237 15.1802 8.7128 law,
225.154 365.237 11.7546 8.7128 the
244.94 365.237 40.1096 8.7128 competent

56.658 375.782 34.5154 8.7128 authority
94.5865 375.782 8.20424 8.7128 or
106.152 375.782 39.8793 8.7128 authorities
149.467 375.782 16.1014 8.7128 may
168.913 375.782 12.2728 8.7128 use
184.561 375.782 13.597 8.7128 this
201.512 375.782 23.8355 8.7128 power
228.782 375.782 9.20218 8.7128 by
241.311 375.782 32.5963 8.7128 applying
277.312 375.782 7.76284 8.7128 to

56.658 386.327 11.7546 8.7128 the
72.816 386.327 29.8039 8.7128 relevant
107.116 386.327 26.9828 8.7128 judicial
138.582 386.327 34.5154 8.7128 authority
177.532 386.327 24.8046 8.7128 and/or
206.673 386.327 7.36942 8.7128 in
218.465 386.327 45.272 8.7128 cooperation
268.13 386.327 16.8403 8.7128 with

56.658 396.871 19.9588 8.7128 other
79.5627 396.871 41.9616 8.7128 authorities.

41.9182 428.449 7.1967 8.7128 5.

63.5189 428.449 41.1651 8.7128 Paragraphs
107.911 428.449 5.11445 8.7128 1
116.075 428.449 7.76284 8.7128 to
126.847 428.449 5.11445 8.7128 4
135.067 428.449 17.1665 8.7128 shall
155.251 428.449 8.77038 8.7128 be
167.1 428.449 29.4777 8.7128 without
199.699 428.449 34.381 8.7128 prejudice
237.344 428.449 7.76284 8.7128 to
248.173 428.449 11.7546 8.7128 the
263.027 428.449 22.0699 8.7128 possi-

41.9182 439.051 19.0569 8.7128 bility
64.7663 439.051 10.939 8.7128 for
79.4504 439.051 4.07813 8.7128 a
87.2737 439.051 31.1089 8.7128 Member
122.198 439.051 18.1933 8.7128 State
144.138 439.051 7.76284 8.7128 to
155.591 439.051 20.3139 8.7128 make
179.629 439.051 30.5812 8.7128 separate
214.043 439.051 17.1473 8.7128 legal
235.02 439.051 13.8369 8.7128 and
252.539 439.051 32.5195 8.7128 adminis-

41.9182 449.595 23.6723 8.7128 trative
72.817 449.595 50.9814 8.7128 arrangements
130.986 449.595 10.939 8.7128 for
148.958 449.595 31.464 8.7128 overseas
187.51 449.595 35.7724 8.7128 European
230.485 449.595 36.4249 8.7128 territories
274.14 449.595 10.939 8.7128 for

41.9182 460.14 24.0082 8.7128 whose
68.7916 460.14 29.8999 8.7128 external
101.675 460.14 32.2028 8.7128 relations
136.769 460.14 14.7005 8.7128 that
154.344 460.14 31.1089 8.7128 Member
188.418 460.14 18.1933 8.7128 State
209.452 460.14 5.79574 8.7128 is
218.126 460.14 44.5908 8.7128 responsible.

145.554 512.827 22.7991 8.74159 Article
171.236 512.827 10.2289 8.74159 22

44.5829 544.194 49.5805 8.90472 Professional
97.0257 544.194 30.3029 8.90472 secrecy
130.192 544.194 14.806 8.90472 and
147.88 544.194 49.3406 8.90472 cooperation
200.153 544.194 35.0815 8.90472 between
238.309 544.194 43.9862 8.90472 authorities

41.9182 575.964 7.1967 8.7128 1.

63.5189 575.964 14.1151 8.7128 The
82.1142 575.964 38.1041 8.7128 obligation
124.522 575.964 7.67648 8.7128 of
136.485 575.964 45.4927 8.7128 professional
186.206 575.964 26.9444 8.7128 secrecy
217.672 575.964 17.1665 8.7128 shall
239.103 575.964 20.7745 8.7128 apply
264.275 575.964 7.76284 8.7128 to
276.351 575.964 8.74159 8.7128 all

41.9182 586.566 29.0555 8.7128 persons
73.8946 586.566 16.61 8.7128 who
93.4542 586.566 19.5366 8.7128 work
115.962 586.566 8.20424 8.7128 or
127.13 586.566 17.3968 8.7128 have
147.596 586.566 28.2303 8.7128 worked
178.722 586.566 10.939 8.7128 for
192.611 586.566 11.7546 8.7128 the
207.352 586.566 40.1096 8.7128 competent
250.44 586.566 34.5154 8.7128 authority

41.9182 597.11 13.8369 8.7128 and
58.983 597.11 10.939 8.7128 for
73.1567 597.11 26.7142 8.7128 entities
103.205 597.11 7.76284 8.7128 to
114.147 597.11 22.9719 8.7128 which
140.453 597.11 40.1096 8.7128 competent
183.826 597.11 39.8793 8.7128 authorities
227.027 597.11 16.1014 8.7128 may
246.417 597.11 17.3968 8.7128 have
267.111 597.11 17.8766 8.7128 dele-

41.9182 607.655 20.0452 8.7128 gated
64.9927 607.655 25.4571 8.7128 certain
93.5665 607.655 20.5154 8.7128 tasks.
116.925 607.655 45.4448 8.7128 Information
165.173 607.655 29.209 8.7128 covered
197.432 607.655 9.20218 8.7128 by
209.621 607.655 45.4927 8.7128 professional
257.926 607.655 26.9444 8.7128 secrecy

41.9182 618.199 16.1014 8.7128 may
61.8176 618.199 12.7813 8.7128 not
78.3153 618.199 8.77038 8.7128 be
90.9009 618.199 33.9204 8.7128 disclosed
128.49 618.199 7.76284 8.7128 to
139.942 618.199 13.4818 8.7128 any
157.234 618.199 19.9588 8.7128 other
180.989 618.199 25.6107 8.7128 person
210.357 618.199 8.20424 8.7128 or
222.377 618.199 34.5154 8.7128 authority
260.759 618.199 24.1713 8.7128 except

41.9182 628.744 7.36942 8.7128 in
52.2363 628.744 41.9903 8.7128 accordance
97.1956 628.744 16.8403 8.7128 with
116.982 628.744 39.1309 8.7128 provisions
158.936 628.744 13.501 8.7128 laid
175.32 628.744 21.3886 8.7128 down
199.472 628.744 9.20218 8.7128 by
211.548 628.744 15.1802 8.7128 law.

41.9182 660.379 7.1967 8.7128 2.

63.5189 660.379 41.7696 8.7128 Competent
109.441 660.379 39.8793 8.7128 authorities
153.664 660.379 7.67648 8.7128 of
165.456 660.379 31.1089 8.7128 Member
200.89 660.379 21.6381 8.7128 States
226.743 660.379 17.1665 8.7128 shall
248.06 660.379 36.9143 8.7128 cooperate

41.9182 670.923 16.8403 8.7128 with
61.6477 670.923 16.9842 8.7128 each
81.5471 670.923 19.9588 8.7128 other
104.395 670.923 36.1946 8.7128 whenever
143.571 670.923 35.5133 8.7128 necessary
182.01 670.923 10.939 8.7128 for
195.73 670.923 11.7546 8.7128 the
210.357 670.923 30.4564 8.7128 purpose
243.637 670.923 7.67648 8.7128 of
254.068 670.923 30.7827 8.7128 carrying

41.9182 681.468 12.6374 8.7128 out
59.0396 681.468 17.368 8.7128 their
80.98 681.468 22.185 8.7128 duties
107.684 681.468 13.8369 8.7128 and
125.939 681.468 28.1823 8.7128 making
158.653 681.468 12.2728 8.7128 use
175.378 681.468 7.67648 8.7128 of
187.51 681.468 17.368 8.7128 their
209.451 681.468 29.3625 8.7128 powers.
243.354 681.468 41.7696 8.7128 Competent

41.9182 692.013 39.8793 8.7128 authorities
86.1971 692.013 17.1665 8.7128 shall
107.515 692.013 24.1905 8.7128 render
136.088 692.013 36.6072 8.7128 assistance
176.909 692.013 7.76284 8.7128 to
188.872 692.013 40.1096 8.7128 competent
233.207 692.013 39.8793 8.7128 authorities
277.43 692.013 7.67648 8.7128 of

41.9182 702.557 19.9588 8.7128 other
66.0137 702.557 31.1089 8.7128 Member
101.334 702.557 23.7203 8.7128 States.
129.114 702.557 7.65729 8.7128 In
140.793 702.557 38.1041 8.7128 particular,
183.201 702.557 16.1398 8.7128 they
203.441 702.557 17.1665 8.7128 shall
224.644 702.557 34.8896 8.7128 exchange
263.82 702.557 21.2063 8.7128 infor-

41.9182 713.158 26.8485 8.7128 mation
71.6828 713.158 13.8369 8.7128 and
88.4645 713.158 36.9143 8.7128 cooperate
128.434 713.158 20.6401 8.7128 when
152.132 713.158 9.09663 8.7128 an
164.208 713.158 21.331 8.7128 issuer
188.53 713.158 12.5031 8.7128 has
204.008 713.158 19.7957 8.7128 more
226.8 713.158 16.8979 8.7128 than
246.642 713.158 13.9136 8.7128 one
263.537 713.158 21.5133 8.7128 home

41.9182 723.703 40.1096 8.7128 competent
85.4035 723.703 34.5154 8.7128 authority
123.332 723.703 29.0939 8.7128 because
155.818 723.703 7.67648 8.7128 of
166.76 723.703 8.61685 8.7128 its
178.723 723.703 27.3379 8.7128 various
209.452 723.703 24.6703 8.7128 classes
237.403 723.703 7.67648 8.7128 of
248.345 723.703 36.5113 8.7128 securities,

41.9182 734.248 8.20424 8.7128 or
53.7668 734.248 22.8375 8.7128 where
80.3563 734.248 11.7546 8.7128 the
95.7207 734.248 33.0568 8.7128 approval
132.459 734.248 7.67648 8.7128 of
143.628 734.248 4.07813 8.7128 a
151.338 734.248 40.6949 8.7128 prospectus
195.617 734.248 12.5031 8.7128 has
211.718 734.248 17.7423 8.7128 been
233.149 734.248 40.5318 8.7128 transferred
277.315 734.248 7.76284 8.7128 to

41.9182 744.792 11.7546 8.7128 the
57.3959 744.792 40.1096 8.7128 competent
101.164 744.792 34.5154 8.7128 authority
139.433 744.792 7.67648 8.7128 of
150.716 744.792 29.0555 8.7128 another
183.486 744.792 31.1089 8.7128 Member
218.41 744.792 18.1933 8.7128 State
240.237 744.792 33.3639 8.7128 pursuant
277.316 744.792 7.76284 8.7128 to

41.9182 755.337 25.0637 8.7128 Article
70.6062 755.337 22.4345 8.7128 13(5).
96.4586 755.337 18.5003 8.7128 They
118.513 755.337 17.1665 8.7128 shall
139.036 755.337 14.7964 8.7128 also
157.179 755.337 25.3612 8.7128 closely
185.923 755.337 36.9143 8.7128 cooperate
226.403 755.337 20.6401 8.7128 when
250.555 755.337 34.1987 8.7128 requiring

41.9182 765.881 41.4818 8.7128 suspension
88.2947 765.881 8.20424 8.7128 or
101.447 765.881 42.8252 8.7128 prohibition
149.298 765.881 7.67648 8.7128 of
161.884 765.881 26.7237 8.7128 trading
193.633 765.881 10.939 8.7128 for
209.507 765.881 34.429 8.7128 securities
249.08 765.881 23.5956 8.7128 traded
277.654 765.881 7.36942 8.7128 in

41.9182 776.483 27.3379 8.7128 various
73.1567 776.483 31.1089 8.7128 Member
108.137 776.483 21.6381 8.7128 States
133.537 776.483 7.36942 8.7128 in
144.762 776.483 20.1604 8.7128 order
168.801 776.483 7.76284 8.7128 to
180.31 776.483 24.5072 8.7128 ensure
208.714 776.483 4.07813 8.7128 a
216.594 776.483 16.9554 8.7128 level
237.401 776.483 27.6065 8.7128 playing
268.923 776.483 16.111 8.7128 field

41.9182 787.027 31.2049 8.7128 between
78.6559 787.027 26.7237 8.7128 trading
110.915 787.027 25.6298 8.7128 venues
142.041 787.027 13.8369 8.7128 and
161.26 787.027 39.0733 8.7128 protection
205.765 787.027 7.67648 8.7128 of
218.804 787.027 35.7052 8.7128 investors.
259.908 787.027 24.9582 8.7128 Where

310.644 76.8886 45.7998 8.7128 appropriate,
359.855 76.8886 11.7546 8.7128 the
374.822 76.8886 40.1096 8.7128 competent
418.138 76.8886 34.5154 8.7128 authority
455.953 76.8886 7.67648 8.7128 of
466.782 76.8886 11.7546 8.7128 the
481.805 76.8886 16.1878 8.7128 host
501.082 76.8886 31.1089 8.7128 Member
535.496 76.8886 18.1933 8.7128 State

310.644 87.4332 16.1014 8.7128 may
330.941 87.4332 26.9828 8.7128 request
362.293 87.4332 11.7546 8.7128 the
378.281 87.4332 36.6072 8.7128 assistance
419.102 87.4332 7.67648 8.7128 of
430.951 87.4332 11.7546 8.7128 the
446.939 87.4332 40.1096 8.7128 competent
491.274 87.4332 34.5154 8.7128 authority
530.111 87.4332 7.67648 8.7128 of
541.903 87.4332 11.7546 8.7128 the

310.644 97.9778 21.5133 8.7128 home
335.42 97.9778 31.1089 8.7128 Member
369.89 97.9778 18.1933 8.7128 State
391.434 97.9778 18.5771 8.7128 from
413.205 97.9778 11.7546 8.7128 the
428.285 97.9778 18.7498 8.7128 stage
450.396 97.9778 6.89924 8.7128 at
460.601 97.9778 22.9719 8.7128 which
487.021 97.9778 11.7546 8.7128 the
502.101 97.9778 15.4489 8.7128 case
520.924 97.9778 5.79574 8.7128 is
529.995 97.9778 23.6244 8.7128 scruti-

310.644 108.522 21.5901 8.7128 nised,
335.192 108.522 7.36942 8.7128 in
345.511 108.522 36.0219 8.7128 particular
384.686 108.522 7.52295 8.7128 as
395.174 108.522 27.1939 8.7128 regards
425.393 108.522 4.07813 8.7128 a
432.479 108.522 15.66 8.7128 new
451.132 108.522 16.1494 8.7128 type
470.295 108.522 8.20424 8.7128 or
481.406 108.522 14.5565 8.7128 rare
499.095 108.522 22.0219 8.7128 forms
523.927 108.522 7.67648 8.7128 of
534.529 108.522 19.1432 8.7128 secu-

310.644 119.067 20.2659 8.7128 rities.
334.059 119.067 14.1151 8.7128 The
351.294 119.067 40.1096 8.7128 competent
394.438 119.067 34.5154 8.7128 authority
432.084 119.067 7.67648 8.7128 of
442.743 119.067 11.7546 8.7128 the
457.597 119.067 21.5133 8.7128 home
482.145 119.067 31.1089 8.7128 Member
516.389 119.067 18.1933 8.7128 State
537.592 119.067 16.1014 8.7128 may

310.644 129.669 12.1672 8.7128 ask
326.575 129.669 10.939 8.7128 for
341.315 129.669 45.1569 8.7128 information
390.187 129.669 18.5771 8.7128 from
412.524 129.669 11.7546 8.7128 the
428.172 129.669 40.1096 8.7128 competent
472.11 129.669 34.5154 8.7128 authority
510.549 129.669 7.67648 8.7128 of
521.945 129.669 11.7546 8.7128 the
537.592 129.669 16.1878 8.7128 host

310.644 140.214 31.1089 8.7128 Member
344.718 140.214 18.1933 8.7128 State
365.751 140.214 9.96023 8.7128 on
378.564 140.214 13.4818 8.7128 any
394.892 140.214 20.2083 8.7128 items
417.967 140.214 27.7697 8.7128 specific
448.752 140.214 7.76284 8.7128 to
459.354 140.214 11.7546 8.7128 the
474.038 140.214 29.8039 8.7128 relevant
506.808 140.214 28.4797 8.7128 market.

310.644 165.895 31.5983 8.7128 Without
346.248 165.895 34.381 8.7128 prejudice
384.857 165.895 7.76284 8.7128 to
396.593 165.895 25.0637 8.7128 Article
425.79 165.895 12.3112 8.7128 21,
442.118 165.895 11.7546 8.7128 the
457.992 165.895 40.1096 8.7128 competent
502.101 165.895 39.8793 8.7128 authorities
546.096 165.895 7.67648 8.7128 of

310.644 176.44 31.1041 8.7128 Member
344.599 176.44 21.6333 8.7128 States
368.973 176.44 16.0995 8.7128 may
387.85 176.44 27.3993 8.7128 consult
417.984 176.44 16.8374 8.7128 with
437.711 176.44 35.688 8.7128 operators
476.142 176.44 7.67552 8.7128 of
486.573 176.44 34.4597 8.7128 regulated
523.927 176.44 29.8366 8.7128 markets

310.644 186.985 7.52295 8.7128 as
321.132 186.985 35.5133 8.7128 necessary
359.684 186.985 15.9191 8.7128 and,
378.564 186.985 7.36942 8.7128 in
388.995 186.985 38.1041 8.7128 particular,
430.268 186.985 20.6401 8.7128 when
453.967 186.985 31.5791 8.7128 deciding
488.664 186.985 7.76284 8.7128 to
499.323 186.985 32.5483 8.7128 suspend,
534.814 186.985 8.20424 8.7128 or
545.983 186.985 7.76284 8.7128 to

310.644 197.529 12.1672 8.7128 ask
325.611 197.529 4.07813 8.7128 a
332.584 197.529 34.4674 8.7128 regulated
370.06 197.529 26.3975 8.7128 market
399.315 197.529 7.76284 8.7128 to
409.917 197.529 30.466 8.7128 suspend
443.14 197.529 8.20424 8.7128 or
454.252 197.529 30.514 8.7128 prohibit
487.702 197.529 28.806 8.7128 trading.

310.644 223.211 7.19766 8.7128 3.
332.189 223.211 37.728 8.7128 Paragraph
374.15 223.211 5.11445 8.7128 1
383.334 223.211 17.1704 8.7128 shall
404.485 223.211 12.7833 8.7128 not
421.212 223.211 28.3895 8.7128 prevent
453.76 223.211 11.7565 8.7128 the
469.58 223.211 40.1173 8.7128 competent
513.721 223.211 39.8889 8.7128 authorities

310.644 233.812 18.5771 8.7128 from
334.853 233.812 42.758 8.7128 exchanging
383.61 233.812 44.3125 8.7128 confidential
433.614 233.812 47.2391 8.7128 information.
486.568 233.812 45.4448 8.7128 Information
537.593 233.812 16.1206 8.7128 thus

310.644 244.357 39.6298 8.7128 exchanged
354.923 244.357 17.1665 8.7128 shall
376.523 244.357 8.77038 8.7128 be
389.789 244.357 29.209 8.7128 covered
423.636 244.357 9.20218 8.7128 by
437.299 244.357 11.7546 8.7128 the
453.627 244.357 38.1041 8.7128 obligation
496.205 244.357 7.67648 8.7128 of
508.337 244.357 45.4927 8.7128 professional

310.644 254.901 29.0267 8.7128 secrecy,
343.301 254.901 7.76284 8.7128 to
354.469 254.901 22.9719 8.7128 which
381.058 254.901 11.7546 8.7128 the
396.31 254.901 29.0555 8.7128 persons
428.796 254.901 36.9335 8.7128 employed
469.162 254.901 8.20424 8.7128 or
480.841 254.901 32.5099 8.7128 formerly
516.842 254.901 36.9335 8.7128 employed

310.644 265.446 9.20218 8.7128 by
325.498 265.446 11.7546 8.7128 the
342.96 265.446 40.1096 8.7128 competent
388.713 265.446 39.8793 8.7128 authorities
434.409 265.446 33.6997 8.7128 receiving
474.095 265.446 11.7546 8.7128 the
491.557 265.446 45.1569 8.7128 information
542.299 265.446 11.294 8.7128 are

310.644 275.991 28.2494 8.7128 subject.

414.223 316.828 22.7991 8.74159 Article
439.905 316.828 10.2289 8.74159 23

383.381 342.299 56.9211 8.90472 Precautionary
443.138 342.299 37.7971 8.90472 measures

310.644 368.173 7.1967 8.7128 1.
332.188 368.173 24.9582 8.7128 Where
360.422 368.173 11.7546 8.7128 the
375.389 368.173 40.1096 8.7128 competent
418.591 368.173 34.5154 8.7128 authority
456.293 368.173 7.67648 8.7128 of
467.065 368.173 11.7546 8.7128 the
481.975 368.173 16.1878 8.7128 host
501.194 368.173 31.1089 8.7128 Member
535.495 368.173 18.1933 8.7128 State

310.644 378.774 18.2892 8.7128 finds
332.868 378.774 14.7005 8.7128 that
351.634 378.774 46.7498 8.7128 irregularities
402.773 378.774 17.3968 8.7128 have
424.261 378.774 17.7423 8.7128 been
446.144 378.774 40.8773 8.7128 committed
490.99 378.774 9.20218 8.7128 by
504.2 378.774 11.7546 8.7128 the
520.074 378.774 21.331 8.7128 issuer
545.53 378.774 8.20424 8.7128 or

310.644 389.318 9.20218 8.7128 by
322.777 389.318 11.7546 8.7128 the
337.517 389.318 31.9342 8.7128 financial
372.442 389.318 42.259 8.7128 institutions
417.571 389.318 7.36942 8.7128 in
427.889 389.318 24.6991 8.7128 charge
455.726 389.318 7.67648 8.7128 of
466.271 389.318 11.7546 8.7128 the
481.012 389.318 23.3365 8.7128 public
507.318 389.318 17.6271 8.7128 offer
527.841 389.318 8.20424 8.7128 or
539.011 389.318 14.7005 8.7128 that

310.644 399.863 32.4619 8.7128 breaches
347.099 399.863 17.3968 8.7128 have
368.473 399.863 17.7423 8.7128 been
390.187 399.863 40.8773 8.7128 committed
434.862 399.863 7.67648 8.7128 of
446.371 399.863 11.7546 8.7128 the
462.018 399.863 41.5489 8.7128 obligations
507.431 399.863 34.5729 8.7128 attaching
545.984 399.863 7.76284 8.7128 to

310.644 410.408 11.7546 8.7128 the
325.838 410.408 21.331 8.7128 issuer
350.613 410.408 9.20218 8.7128 by
363.199 410.408 24.6991 8.7128 reason
391.32 410.408 7.67648 8.7128 of
402.318 410.408 11.7546 8.7128 the
417.512 410.408 13.6066 8.7128 fact
434.52 410.408 14.7005 8.7128 that
452.606 410.408 11.7546 8.7128 the
467.8 410.408 34.5106 8.7128 securities
505.841 410.408 11.294 8.7128 are
520.639 410.408 33.1432 8.7128 admitted

310.644 420.952 7.76284 8.7128 to
321.473 420.952 26.7237 8.7128 trading
351.465 420.952 9.96023 8.7128 on
364.561 420.952 4.07813 8.7128 a
371.818 420.952 34.4674 8.7128 regulated
409.576 420.952 28.4797 8.7128 market,
441.269 420.952 5.17203 8.7128 it
449.603 420.952 17.1665 8.7128 shall
469.899 420.952 17.1665 8.7128 refer
490.366 420.952 19.1528 8.7128 these
512.76 420.952 30.111 8.7128 findings
545.983 420.952 7.76284 8.7128 to

310.644 431.553 11.7546 8.7128 the
325.271 431.553 40.1096 8.7128 competent
368.246 431.553 34.5154 8.7128 authority
405.722 431.553 7.67648 8.7128 of
416.21 431.553 11.7546 8.7128 the
430.894 431.553 21.5133 8.7128 home
455.273 431.553 31.1089 8.7128 Member
489.347 431.553 20.2755 8.7128 State.

310.644 457.235 7.1967 8.7128 2.
332.188 457.235 7.45578 8.7128 If,
342.734 457.235 26.2536 8.7128 despite
372.215 457.235 11.7546 8.7128 the
387.126 457.235 34.6497 8.7128 measures
424.941 457.235 20.5154 8.7128 taken
448.583 457.235 9.20218 8.7128 by
460.942 457.235 11.7546 8.7128 the
475.909 457.235 40.1096 8.7128 competent
519.11 457.235 34.5154 8.7128 authority

310.644 467.78 7.67648 8.7128 of
322.89 467.78 11.7546 8.7128 the
339.331 467.78 21.5133 8.7128 home
365.467 467.78 31.1089 8.7128 Member
401.298 467.78 18.1933 8.7128 State
424.146 467.78 8.20424 8.7128 or
437.016 467.78 29.0939 8.7128 because
470.806 467.78 17.2721 8.7128 such
492.803 467.78 34.6497 8.7128 measures
532.092 467.78 21.5325 8.7128 prove

310.644 478.324 42.6237 8.7128 inadequate,
357.474 478.324 11.7546 8.7128 the
373.292 478.324 21.331 8.7128 issuer
398.748 478.324 8.20424 8.7128 or
410.994 478.324 11.7546 8.7128 the
426.868 478.324 31.9342 8.7128 financial
462.869 478.324 38.8142 8.7128 institution
505.731 478.324 7.36942 8.7128 in
517.183 478.324 24.6991 8.7128 charge
546.098 478.324 7.67648 8.7128 of

310.644 488.869 11.7546 8.7128 the
325.555 488.869 23.3365 8.7128 public
352.087 488.869 17.6271 8.7128 offer
372.838 488.869 27.7121 8.7128 persists
403.68 488.869 7.36942 8.7128 in
414.225 488.869 36.8855 8.7128 breaching
454.478 488.869 11.7546 8.7128 the
469.389 488.869 29.8039 8.7128 relevant
502.442 488.869 17.1473 8.7128 legal
522.738 488.869 8.20424 8.7128 or
534.134 488.869 19.4407 8.7128 regu-

310.644 499.414 21.8204 8.7128 latory
335.759 499.414 41.2131 8.7128 provisions,
380.321 499.414 11.7546 8.7128 the
395.515 499.414 40.1096 8.7128 competent
438.944 499.414 34.5154 8.7128 authority
476.929 499.414 7.67648 8.7128 of
487.871 499.414 11.7546 8.7128 the
503.065 499.414 16.1878 8.7128 host
522.511 499.414 31.1089 8.7128 Member

310.644 509.958 20.2755 8.7128 State,
335.987 509.958 16.8499 8.7128 after
357.985 509.958 37.7683 8.7128 informing
400.903 509.958 11.7546 8.7128 the
417.741 509.958 40.1096 8.7128 competent
462.927 509.958 34.5154 8.7128 authority
502.614 509.958 7.67648 8.7128 of
515.313 509.958 11.7546 8.7128 the
532.208 509.958 21.5133 8.7128 home

310.644 520.559 31.1089 8.7128 Member
345.398 520.559 20.2755 8.7128 State,
369.267 520.559 17.1665 8.7128 shall
389.961 520.559 15.4969 8.7128 take
409.067 520.559 8.74159 8.7128 all
421.369 520.559 11.7546 8.7128 the
436.734 520.559 43.7176 8.7128 appropriate
484.245 520.559 34.6497 8.7128 measures
522.514 520.559 7.36942 8.7128 in
533.512 520.559 20.1604 8.7128 order

310.644 531.104 7.76284 8.7128 to
321.246 531.104 26.7621 8.7128 protect
350.897 531.104 35.7052 8.7128 investors.
389.507 531.104 14.1151 8.7128 The
406.629 531.104 47.4023 8.7128 Commission
456.691 531.104 17.1665 8.7128 shall
476.704 531.104 8.77038 8.7128 be
488.44 531.104 34.6401 8.7128 informed
525.915 531.104 7.67648 8.7128 of
536.403 531.104 17.2721 8.7128 such

310.644 541.649 34.6497 8.7128 measures
348.176 541.649 6.89924 8.7128 at
357.984 541.649 11.7546 8.7128 the
372.668 541.649 26.196 8.7128 earliest
401.809 541.649 47.479 8.7128 opportunity.

408.835 582.278 34.2541 7.7447 CHAPTER
445.684 582.278 9.84293 7.7447 VII

378.448 606.655 61.3093 7.91528 IMPLEMENTING
442.17 606.655 43.7217 7.91528 MEASURES

414.22 646.684 22.7991 8.74159 Article
439.903 646.684 10.2289 8.74159 24

386.951 672.155 45.5791 8.90472 Committee
435.481 672.155 41.856 8.90472 procedure

310.642 698.028 7.1967 8.7128 1.
332.186 698.028 14.1151 8.7128 The
349.307 698.028 47.4023 8.7128 Commission
399.369 698.028 17.1665 8.7128 shall
419.383 698.028 8.77038 8.7128 be
431.062 698.028 28.2782 8.7128 assisted
462.13 698.028 9.20218 8.7128 by
474.263 698.028 11.7546 8.7128 the
488.947 698.028 35.7724 8.7128 European
527.727 698.028 25.8314 8.7128 Securi-

310.642 708.573 12.5702 8.7128 ties
328.047 708.573 43.8327 8.7128 Committee,
376.691 708.573 35.1967 8.7128 instituted
416.717 708.573 9.20218 8.7128 by
430.778 708.573 32.5771 8.7128 Decision
468.197 708.573 51.6147 8.7128 2001/528/EC
524.608 708.573 28.9211 8.7128 (herein-

310.642 719.117 16.8499 8.7128 after
330.371 719.117 29.1226 8.7128 referred
362.574 719.117 7.76284 8.7128 to
373.119 719.117 7.52295 8.7128 as
383.493 719.117 13.3667 8.7128 the
399.765 719.117 47.9492 8.7128 Committee).

310.642 744.799 7.1967 8.7128 2.
332.186 744.799 24.9582 8.7128 Where
360.25 744.799 34.0644 8.7128 reference
397.498 744.799 5.79574 8.7128 is
406.286 744.799 20.4098 8.7128 made
429.644 744.799 7.76284 8.7128 to
440.303 744.799 13.597 8.7128 this
456.858 744.799 40.2535 8.7128 paragraph,
500.286 744.799 28.5085 8.7128 Articles
531.865 744.799 5.11445 8.7128 5
539.916 744.799 13.8369 8.7128 and

310.642 755.344 5.11445 8.7128 7
319.882 755.344 7.67648 8.7128 of
331.618 755.344 32.5771 8.7128 Decision
368.413 755.344 51.6147 8.7128 1999/468/EC
424.144 755.344 17.1665 8.7128 shall
445.404 755.344 22.8567 8.7128 apply,
472.448 755.344 25.2652 8.7128 having
501.986 755.344 23.7491 8.7128 regard
530.05 755.344 7.76284 8.7128 to
541.899 755.344 11.7546 8.7128 the

310.642 765.888 39.1309 8.7128 provisions
354.297 765.888 7.67648 8.7128 of
366.543 765.888 25.0637 8.7128 Article
396.364 765.888 5.11445 8.7128 8
406.058 765.888 26.647 8.7128 thereof
437.354 765.888 13.8369 8.7128 and
455.779 765.888 33.3639 8.7128 provided
493.764 765.888 14.7005 8.7128 that
513.097 765.888 11.7546 8.7128 the
529.539 765.888 24.1617 8.7128 imple-

310.642 776.489 31.2529 8.7128 menting
346.02 776.489 34.6497 8.7128 measures
384.856 776.489 30.2645 8.7128 adopted
419.156 776.489 7.36942 8.7128 in
430.665 776.489 41.9903 8.7128 accordance
476.872 776.489 16.8403 8.7128 with
497.906 776.489 13.597 8.7128 this
515.594 776.489 37.9506 8.7128 procedure

310.642 787.034 9.68196 8.7128 do
323.114 787.034 12.7813 8.7128 not
338.648 787.034 26.7909 8.7128 modify
368.243 787.034 11.7546 8.7128 the
382.927 787.034 31.3968 8.7128 essential
417.171 787.034 39.1309 8.7128 provisions
459.183 787.034 7.67648 8.7128 of
469.614 787.034 13.597 8.7128 this
486.112 787.034 35.6764 8.7128 Directive.

508.727 51.2759 45.0801 8.7128 31.12.2003

41.916 51.2759 4.55791 8.7128 L
49.3996 51.2759 28.3358 8.7128 345/80

223.846 51.2759 27.5298 8.7128 Official
254.347 51.2759 27.098 8.7128 Journal
284.283 51.2759 7.67648 8.7128 of
294.771 51.2759 11.7546 8.7128 the
309.455 51.2759 35.7724 8.7128 European
348.234 51.2759 23.634 8.7128 Union

120.154 52.1989 9.8344 7.7447 EN

41.9182 76.9011 14.1151 8.7128 The
59.4935 76.9011 24.2385 8.7128 period
87.1605 76.9011 13.501 8.7128 laid
103.999 76.9011 21.3886 8.7128 down
128.661 76.9011 7.36942 8.7128 in
139.433 76.9011 25.0637 8.7128 Article
167.951 76.9011 15.2378 8.7128 5(6)
186.547 76.9011 7.67648 8.7128 of
197.489 76.9011 32.5771 8.7128 Decision
233.433 76.9011 51.6147 8.7128 1999/468/EC

41.9182 87.4457 17.1665 8.7128 shall
61.9317 87.4457 8.77038 8.7128 be
73.6105 87.4457 10.2193 8.7128 set
86.65 87.4457 6.89924 8.7128 at
96.4577 87.4457 18.9705 8.7128 three
118.399 87.4457 30.9266 8.7128 months.

41.9182 110.803 7.1967 8.7128 3.

63.5189 110.803 14.1151 8.7128 The
80.5837 110.803 41.7505 8.7128 Committee
125.202 110.803 17.1665 8.7128 shall
145.159 110.803 21.5709 8.7128 adopt
169.538 110.803 8.61685 8.7128 its
180.99 110.803 17.867 8.7128 rules
201.797 110.803 7.67648 8.7128 of
212.229 110.803 40.0328 8.7128 procedure.

41.9182 134.218 7.1967 8.7128 4.

63.5189 134.218 31.5983 8.7128 Without
98.7261 134.218 34.381 8.7128 prejudice
136.939 134.218 7.76284 8.7128 to
148.221 134.218 11.7546 8.7128 the
163.642 134.218 52.5167 8.7128 implementing
219.827 134.218 34.6497 8.7128 measures
258.153 134.218 26.8293 8.7128 already

41.9182 144.762 32.3468 8.7128 adopted,
77.0688 144.762 9.96023 8.7128 on
89.7686 144.762 11.7546 8.7128 the
104.339 144.762 23.4229 8.7128 expiry
130.759 144.762 7.67648 8.7128 of
141.134 144.762 4.07813 8.7128 a
148.05 144.762 34.3906 8.7128 four-year
185.355 144.762 24.2385 8.7128 period
212.455 144.762 35.7916 8.7128 following
250.951 144.762 11.7546 8.7128 the
265.578 144.762 19.4407 8.7128 entry

41.9182 155.307 15.1323 8.7128 into
62.045 155.307 18.8649 8.7128 force
85.9697 155.307 7.67648 8.7128 of
98.5562 155.307 13.597 8.7128 this
117.152 155.307 33.5942 8.7128 Directive
155.931 155.307 11.7546 8.7128 the
172.77 155.307 41.9232 8.7128 application
219.77 155.307 7.67648 8.7128 of
232.355 155.307 8.61685 8.7128 its
245.962 155.307 39.1309 8.7128 provisions

41.9182 165.851 36.4921 8.7128 providing
82.4548 165.851 10.939 8.7128 for
97.3088 165.851 11.7546 8.7128 the
113.07 165.851 33.8821 8.7128 adoption
150.828 165.851 7.67648 8.7128 of
162.337 165.851 33.479 8.7128 technical
199.869 165.851 17.867 8.7128 rules
221.753 165.851 13.8369 8.7128 and
239.498 165.851 34.2179 8.7128 decisions
277.598 165.851 7.36942 8.7128 in

41.9182 176.453 41.9903 8.7128 accordance
87.2747 176.453 16.8403 8.7128 with
107.401 176.453 11.7546 8.7128 the
122.482 176.453 37.9506 8.7128 procedure
163.812 176.453 29.1226 8.7128 referred
196.355 176.453 7.76284 8.7128 to
207.296 176.453 7.36942 8.7128 in
217.955 176.453 38.1713 8.7128 paragraph
259.569 176.453 5.11445 8.7128 2
267.96 176.453 17.1665 8.7128 shall

41.9182 186.997 8.77038 8.7128 be
54.2773 186.997 41.2419 8.7128 suspended.
99.0667 186.997 11.9945 8.7128 On
114.601 186.997 4.07813 8.7128 a
122.254 186.997 32.9801 8.7128 proposal
158.709 186.997 18.5771 8.7128 from
180.764 186.997 11.7546 8.7128 the
196.128 186.997 49.4845 8.7128 Commission,
248.968 186.997 11.7546 8.7128 the
264.333 186.997 20.6305 8.7128 Euro-

41.9182 197.542 18.0397 8.7128 pean
65.0494 197.542 40.0712 8.7128 Parliament
110.178 197.542 13.8369 8.7128 and
129.001 197.542 11.7546 8.7128 the
145.84 197.542 29.1226 8.7128 Council
179.97 197.542 16.1014 8.7128 may
201.06 197.542 22.8759 8.7128 renew
229.124 197.542 11.7546 8.7128 the
245.962 197.542 39.1309 8.7128 provisions

41.9182 208.086 38.984 8.7128 concerned
86.5368 208.086 7.36942 8.7128 in
99.6895 208.086 41.9903 8.7128 accordance
147.483 208.086 16.8403 8.7128 with
170.104 208.086 11.7546 8.7128 the
187.623 208.086 37.9506 8.7128 procedure
231.391 208.086 13.501 8.7128 laid
250.61 208.086 21.3886 8.7128 down
277.653 208.086 7.36942 8.7128 in

41.9182 218.631 25.0637 8.7128 Article
71.1157 218.631 15.3434 8.7128 251
90.4489 218.631 7.67648 8.7128 of
102.014 218.631 11.7546 8.7128 the
117.832 218.631 23.6819 8.7128 Treaty
145.612 218.631 15.9191 8.7128 and,
165.511 218.631 7.76284 8.7128 to
177.247 218.631 14.7005 8.7128 that
195.956 218.631 15.7944 8.7128 end,
215.742 218.631 17.1665 8.7128 shall
236.833 218.631 24.5935 8.7128 review
265.634 218.631 19.3927 8.7128 them

41.9182 229.232 18.8074 8.7128 prior
63.6887 229.232 7.76284 8.7128 to
74.2909 229.232 11.7546 8.7128 the
88.975 229.232 23.4229 8.7128 expiry
115.451 229.232 7.67648 8.7128 of
125.939 229.232 11.7546 8.7128 the
140.567 229.232 34.3906 8.7128 four-year
177.986 229.232 26.3207 8.7128 period.

145.554 265.422 22.7991 8.74159 Article
171.236 265.422 10.2289 8.74159 25

143.739 288.625 39.4763 8.90472 Sanctions

41.9182 312.175 7.1967 8.7128 1.

63.5189 312.175 31.5983 8.7128 Without
101.334 312.175 34.381 8.7128 prejudice
142.155 312.175 7.76284 8.7128 to
156.044 312.175 11.7546 8.7128 the
174.074 312.175 17.867 8.7128 right
198.282 312.175 7.67648 8.7128 of
212.115 312.175 31.1089 8.7128 Member
249.534 312.175 21.6381 8.7128 States
277.315 312.175 7.76284 8.7128 to

41.9182 322.776 27.3187 8.7128 impose
73.1001 322.776 31.0034 8.7128 criminal
108.137 322.776 35.0911 8.7128 sanctions
146.974 322.776 13.8369 8.7128 and
164.662 322.776 29.4777 8.7128 without
198.056 322.776 34.381 8.7128 prejudice
236.552 322.776 7.76284 8.7128 to
248.117 322.776 17.368 8.7128 their
269.548 322.776 15.3913 8.7128 civil

41.9182 333.32 27.8176 8.7128 liability
72.8736 333.32 27.6929 8.7128 regime,
103.829 333.32 31.1089 8.7128 Member
138.073 333.32 21.6381 8.7128 States
162.735 333.32 17.1665 8.7128 shall
182.862 333.32 26.5894 8.7128 ensure,
212.627 333.32 7.36942 8.7128 in
223.058 333.32 42.0671 8.7128 conformity
268.131 333.32 16.8403 8.7128 with

41.9182 343.865 17.368 8.7128 their
62.4979 343.865 30.6388 8.7128 national
96.118 343.865 15.1802 8.7128 law,
114.374 343.865 14.7005 8.7128 that
132.119 343.865 11.7546 8.7128 the
146.973 343.865 43.7176 8.7128 appropriate
193.916 343.865 53.294 8.7128 administrative
250.328 343.865 34.6497 8.7128 measures

41.9182 354.41 13.0692 8.7128 can
59.6633 354.41 8.77038 8.7128 be
73.1001 354.41 20.5154 8.7128 taken
98.2156 354.41 8.20424 8.7128 or
111.029 354.41 53.3918 8.7128 administrative
169.085 354.41 35.0911 8.7128 sanctions
208.715 354.41 8.77038 8.7128 be
222.151 354.41 32.0589 8.7128 imposed
258.719 354.41 26.244 8.7128 against

41.9182 364.954 11.7546 8.7128 the
58.0196 364.954 29.0555 8.7128 persons
91.3557 364.954 44.5908 8.7128 responsible,
140.227 364.954 22.8375 8.7128 where
167.553 364.954 11.7546 8.7128 the
183.655 364.954 39.1309 8.7128 provisions
227.027 364.954 30.2645 8.7128 adopted
261.554 364.954 7.36942 8.7128 in
273.233 364.954 11.7546 8.7128 the

41.9182 375.499 59.9562 8.7128 implementation
105.133 375.499 7.67648 8.7128 of
116.018 375.499 13.597 8.7128 this
132.913 375.499 33.5942 8.7128 Directive
169.992 375.499 17.3968 8.7128 have
190.799 375.499 12.7813 8.7128 not
206.787 375.499 17.7423 8.7128 been
227.877 375.499 34.9184 8.7128 complied
266.033 375.499 18.9225 8.7128 with.

41.9182 386.1 31.1089 8.7128 Member
77.5793 386.1 21.6381 8.7128 States
103.603 386.1 17.1665 8.7128 shall
125.147 386.1 24.5072 8.7128 ensure
154.174 386.1 14.7005 8.7128 that
173.337 386.1 19.1528 8.7128 these
196.978 386.1 34.6497 8.7128 measures
236.098 386.1 11.294 8.7128 are
251.915 386.1 32.9417 8.7128 effective,

41.9182 396.645 52.3958 8.7128 proportionate
97.1773 396.645 13.8407 8.7128 and
113.85 396.645 39.1692 8.7128 dissuasive.

41.9182 420.002 7.1967 8.7128 2.

63.5189 420.002 31.1089 8.7128 Member
97.8193 420.002 21.6381 8.7128 States
122.539 420.002 17.1665 8.7128 shall
142.722 420.002 28.6237 8.7128 provide
174.527 420.002 14.7005 8.7128 that
192.329 420.002 11.7546 8.7128 the
207.24 420.002 40.1096 8.7128 competent
250.441 420.002 34.5154 8.7128 authority

41.9182 430.547 16.1014 8.7128 may
61.7043 430.547 29.1802 8.7128 disclose
94.4743 430.547 7.76284 8.7128 to
105.813 430.547 11.7546 8.7128 the
121.291 430.547 23.3365 8.7128 public
148.334 430.547 19.9397 8.7128 every
172.089 430.547 31.2049 8.7128 measure
207.07 430.547 8.20424 8.7128 or
218.919 430.547 31.6463 8.7128 sanction
254.182 430.547 14.7005 8.7128 that
272.551 430.547 12.5031 8.7128 has

41.9182 441.148 17.7423 8.7128 been
66.1836 441.148 32.0589 8.7128 imposed
104.623 441.148 10.939 8.7128 for
121.914 441.148 48.5729 8.7128 infringement
177.021 441.148 7.67648 8.7128 of
191.082 441.148 11.7546 8.7128 the
209.337 441.148 39.1309 8.7128 provisions
254.864 441.148 30.2645 8.7128 adopted

41.9182 451.693 33.3639 8.7128 pursuant
78.3162 451.693 7.76284 8.7128 to
89.0316 451.693 13.597 8.7128 this
105.586 451.693 35.6764 8.7128 Directive,
144.479 451.693 23.0678 8.7128 unless
170.502 451.693 11.7546 8.7128 the
185.299 451.693 37.3173 8.7128 disclosure
225.553 451.693 23.5764 8.7128 would
252.029 451.693 32.9897 8.7128 seriously

41.9182 462.237 37.9986 8.7128 jeopardise
86.7076 462.237 11.7546 8.7128 the
105.133 462.237 31.9342 8.7128 financial
143.799 462.237 29.8423 8.7128 markets
180.253 462.237 8.20424 8.7128 or
195.107 462.237 20.3235 8.7128 cause
222.15 462.237 62.9088 8.7128 disproportionate

41.9182 472.782 28.9403 8.7128 damage
73.837 472.782 7.76284 8.7128 to
84.3816 472.782 11.7546 8.7128 the
99.0658 472.782 24.9006 8.7128 parties
126.959 472.782 34.1891 8.7128 involved.

145.554 509.028 22.7991 8.74159 Article
171.236 509.028 10.2289 8.74159 26

132.174 532.175 22.2906 8.90472 Right
157.461 532.175 8.39615 8.90472 of
168.743 532.175 26.0521 8.90472 appeal

41.9192 555.781 31.1089 8.7128 Member
77.9199 555.781 21.6381 8.7128 States
104.283 555.781 17.1665 8.7128 shall
126.11 555.781 24.5072 8.7128 ensure
155.478 555.781 14.7005 8.7128 that
174.925 555.781 34.2179 8.7128 decisions
213.931 555.781 20.5154 8.7128 taken
239.16 555.781 33.3639 8.7128 pursuant
277.316 555.781 7.76284 8.7128 to

41.9192 566.326 18.6251 8.7128 laws,
67.0347 566.326 41.5298 8.7128 regulations
115.169 566.326 13.8369 8.7128 and
135.466 566.326 53.294 8.7128 administrative
195.336 566.326 39.1309 8.7128 provisions
240.918 566.326 30.2645 8.7128 adopted
277.656 566.326 7.36942 8.7128 in

41.9192 576.87 41.9903 8.7128 accordance
86.9916 576.87 16.8403 8.7128 with
106.834 576.87 13.597 8.7128 this
123.332 576.87 33.5942 8.7128 Directive
160.071 576.87 11.294 8.7128 are
174.414 576.87 26.1672 8.7128 subject
203.555 576.87 7.76284 8.7128 to
214.214 576.87 11.7546 8.7128 the
228.955 576.87 17.867 8.7128 right
249.875 576.87 7.76284 8.7128 to
260.534 576.87 24.4208 8.7128 appeal

41.9192 587.471 7.76284 8.7128 to
52.5213 587.471 11.7546 8.7128 the
67.2055 587.471 25.3996 8.7128 courts.

139.033 623.493 34.2541 7.7447 CHAPTER
175.883 623.493 12.1885 7.7447 VIII

83.0777 645.546 61.4287 7.91528 TRANSITIONAL
146.97 645.546 18.5429 7.91528 AND
168.116 645.546 23.507 7.91528 FINAL
194.194 645.546 49.8885 7.91528 PROVISIONS

145.553 680.926 22.7991 8.74159 Article
171.235 680.926 10.2289 8.74159 27

135.972 704.13 54.8964 8.90472 Amendments

41.9174 727.679 18.9609 8.7128 With
63.972 727.679 20.17 8.7128 effect
87.2173 727.679 18.5771 8.7128 from
108.705 727.679 11.7546 8.7128 the
123.559 727.679 15.5928 8.7128 date
142.155 727.679 10.2193 8.7128 set
155.422 727.679 12.6374 8.7128 out
171.013 727.679 7.36942 8.7128 in
181.444 727.679 25.0637 8.7128 Article
209.678 727.679 12.3112 8.7128 29,
224.986 727.679 33.5942 8.7128 Directive
261.838 727.679 23.2214 8.7128 2001/

41.9174 738.224 23.2789 8.7128 34/EC
68.1106 738.224 5.79574 8.7128 is
76.785 738.224 25.3516 8.7128 hereby
105.189 738.224 34.122 8.7128 amended
142.154 738.224 7.52295 8.7128 as
152.529 738.224 29.4969 8.7128 follows:

42.0873 757.33 7.1967 8.7128 1.
54.0501 757.33 28.5085 8.7128 Articles
86.253 757.33 7.1967 8.7128 3,
97.025 757.33 10.2289 8.7128 20
110.801 757.33 7.76284 8.7128 to
122.026 757.33 12.3112 8.7128 41,
137.9 757.33 10.2289 8.7128 98
151.677 757.33 7.76284 8.7128 to
162.959 757.33 17.4256 8.7128 101,
183.936 757.33 15.3434 8.7128 104
202.816 757.33 13.8369 8.7128 and
220.164 757.33 44.159 8.7128 108(2)(c)(ii)
267.958 757.33 17.1665 8.7128 shall

54.0492 767.931 8.77038 8.7128 be
65.728 767.931 28.5757 8.7128 deleted;

42.0873 787.037 7.1967 8.7128 2.
54.0501 787.037 7.36942 8.7128 in
64.3683 787.037 25.0637 8.7128 Article
92.4325 787.037 27.549 8.7128 107(3),
122.764 787.037 11.7546 8.7128 the
137.448 787.037 14.6141 8.7128 first
154.91 787.037 51.3077 8.7128 subparagraph
209.281 787.037 17.1665 8.7128 shall
229.295 787.037 8.77038 8.7128 be
240.973 787.037 28.5757 8.7128 deleted;

310.756 76.8978 7.1967 8.7128 3.
322.719 76.8978 7.36942 8.7128 in
334.058 76.8978 25.0637 8.7128 Article
363.199 76.8978 36.636 8.7128 108(2)(a),
403.679 76.8978 11.7546 8.7128 the
419.44 76.8978 23.0774 8.7128 words
446.37 76.8978 13.3667 8.7128 the
463.662 76.8978 39.601 8.7128 conditions
507.091 76.8978 7.67648 8.7128 of
518.6 76.8978 35.1199 8.7128 establish-

322.718 87.4424 21.5133 8.7128 ment,
347.607 87.4424 11.7546 8.7128 the
362.744 87.4424 27.2899 8.7128 control
393.246 87.4424 13.8369 8.7128 and
410.424 87.4424 39.9753 8.7128 circulation
453.853 87.4424 7.67648 8.7128 of
464.795 87.4424 22.7704 8.7128 listing
490.931 87.4424 39.4667 8.7128 particulars
533.849 87.4424 7.76284 8.7128 to
544.904 87.4424 8.77038 8.7128 be

322.718 97.987 36.4825 8.7128 published
362.122 97.987 10.939 8.7128 for
375.898 97.987 39.6202 8.7128 admission
418.249 97.987 17.1665 8.7128 shall
438.206 97.987 8.77038 8.7128 be
449.885 97.987 28.5757 8.7128 deleted;

310.756 116.923 7.1967 8.7128 4.
322.719 116.923 24.843 8.7128 Annex
350.499 116.923 2.63879 8.7128 I
355.999 116.923 17.1665 8.7128 shall
375.956 116.923 8.77038 8.7128 be
387.634 116.923 28.5757 8.7128 deleted.

414.221 152.716 22.7991 8.74159 Article
439.904 152.716 10.2289 8.74159 28

418.36 175.636 27.501 8.90472 Repeal

310.642 199.015 18.9609 8.7128 With
332.867 199.015 20.17 8.7128 effect
356.282 199.015 18.5771 8.7128 from
377.996 199.015 11.7546 8.7128 the
393.019 199.015 15.5928 8.7128 date
411.842 199.015 34.026 8.7128 indicated
449.147 199.015 7.36942 8.7128 in
459.749 199.015 25.0637 8.7128 Article
488.153 199.015 12.3112 8.7128 29,
503.687 199.015 33.5942 8.7128 Directive
540.709 199.015 12.9924 8.7128 89/

310.642 209.56 33.0472 8.7128 298/EEC
346.927 209.56 17.1665 8.7128 shall
367.28 209.56 8.77038 8.7128 be
379.3 209.56 33.3447 8.7128 repealed.
416.038 209.56 39.9177 8.7128 References
459.353 209.56 7.76284 8.7128 to
470.238 209.56 11.7546 8.7128 the
485.262 209.56 31.2625 8.7128 repealed
519.902 209.56 33.5942 8.7128 Directive

310.642 220.104 17.1665 8.7128 shall
330.599 220.104 8.77038 8.7128 be
342.278 220.104 37.0294 8.7128 construed
382.134 220.104 7.52295 8.7128 as
392.509 220.104 37.5092 8.7128 references
433.102 220.104 7.76284 8.7128 to
443.648 220.104 13.597 8.7128 this
460.146 220.104 35.6764 8.7128 Directive.

414.221 255.897 22.7991 8.74159 Article
439.904 255.897 10.2289 8.74159 29

403.846 278.817 56.6332 8.90472 Transposition

310.642 302.197 31.1089 8.7128 Member
345.51 302.197 21.6381 8.7128 States
370.853 302.197 17.1665 8.7128 shall
391.66 302.197 19.9013 8.7128 bring
415.358 302.197 15.1323 8.7128 into
434.181 302.197 18.8649 8.7128 force
456.801 302.197 11.7546 8.7128 the
472.279 302.197 18.6251 8.7128 laws,
494.617 302.197 41.5298 8.7128 regulations
539.916 302.197 13.8369 8.7128 and

310.642 312.741 53.294 8.7128 administrative
367.678 312.741 39.1309 8.7128 provisions
410.369 312.741 35.5133 8.7128 necessary
449.658 312.741 7.76284 8.7128 to
460.998 312.741 28.259 8.7128 comply
492.803 312.741 16.8403 8.7128 with
513.383 312.741 13.597 8.7128 this
530.618 312.741 22.9815 8.7128 Direc-

310.642 323.286 13.5106 8.7128 tive
327.197 323.286 12.7813 8.7128 not
342.844 323.286 16.4469 8.7128 later
362.291 323.286 16.8979 8.7128 than
382.19 323.286 5.11445 8.7128 1
390.241 323.286 14.1823 8.7128 July
407.419 323.286 22.5401 8.7128 2005.
432.875 323.286 18.5003 8.7128 They
454.419 323.286 17.1665 8.7128 shall
474.489 323.286 35.5805 8.7128 forthwith
513.041 323.286 25.9465 8.7128 inform
541.899 323.286 11.7546 8.7128 the

310.642 333.831 47.4023 8.7128 Commission
366.146 333.831 28.7292 8.7128 thereof.
403.224 333.831 22.7608 8.7128 When
434.35 333.831 31.1089 8.7128 Member
473.866 333.831 21.6381 8.7128 States
503.801 333.831 21.5709 8.7128 adopt
533.622 333.831 20.1412 8.7128 those

310.642 344.375 34.6497 8.7128 measures
348.118 344.375 16.1398 8.7128 they
367.11 344.375 17.1665 8.7128 shall
387.067 344.375 28.2015 8.7128 contain
418.079 344.375 4.07813 8.7128 a
424.996 344.375 34.0644 8.7128 reference
462.074 344.375 7.76284 8.7128 to
472.619 344.375 13.597 8.7128 this
489.003 344.375 33.5942 8.7128 Directive
525.628 344.375 8.20424 8.7128 or
536.626 344.375 17.1665 8.7128 shall

310.642 354.92 8.77038 8.7128 be
323.455 354.92 49.734 8.7128 accompanied
377.259 354.92 9.20218 8.7128 by
390.468 354.92 17.2721 8.7128 such
411.728 354.92 4.07813 8.7128 a
419.892 354.92 34.0644 8.7128 reference
458.161 354.92 9.96023 8.7128 on
472.107 354.92 11.7546 8.7128 the
487.868 354.92 32.721 8.7128 occasion
524.607 354.92 7.67648 8.7128 of
536.229 354.92 17.368 8.7128 their

310.642 365.521 25.4955 8.7128 official
341.2 365.521 44.6291 8.7128 publication.
390.979 365.521 14.1151 8.7128 The
410.254 365.521 32.5195 8.7128 methods
447.73 365.521 10.939 8.7128 for
463.718 365.521 28.1823 8.7128 making
496.997 365.521 17.2721 8.7128 such
519.392 365.521 34.0644 8.7128 reference

310.642 376.066 17.1665 8.7128 shall
330.599 376.066 8.77038 8.7128 be
342.278 376.066 13.501 8.7128 laid
358.662 376.066 21.3886 8.7128 down
382.815 376.066 9.20218 8.7128 by
394.891 376.066 31.1089 8.7128 Member
428.965 376.066 23.7203 8.7128 States.

414.221 411.802 22.7991 8.74159 Article
439.904 411.802 10.2289 8.74159 30

386.498 434.778 49.0527 8.90472 Transitional
438.431 434.778 39.3707 8.90472 provision

310.643 458.101 7.1967 8.7128 1.
332.187 458.101 25.0637 8.7128 Issuers
362.292 458.101 22.9719 8.7128 which
390.527 458.101 11.294 8.7128 are
407.024 458.101 48.333 8.7128 incorporated
460.488 458.101 7.36942 8.7128 in
473.017 458.101 4.07813 8.7128 a
482.201 458.101 18.1549 8.7128 third
505.502 458.101 29.2762 8.7128 country
539.916 458.101 13.8369 8.7128 and

310.643 468.646 24.0082 8.7128 whose
339.16 468.646 34.429 8.7128 securities
378.28 468.646 17.3968 8.7128 have
400.278 468.646 26.8293 8.7128 already
431.687 468.646 17.7423 8.7128 been
454.024 468.646 33.1432 8.7128 admitted
491.613 468.646 7.76284 8.7128 to
503.859 468.646 26.7237 8.7128 trading
535.154 468.646 9.96023 8.7128 on
549.611 468.646 4.07813 8.7128 a

310.643 479.247 34.4674 8.7128 regulated
350.84 479.247 26.3975 8.7128 market
382.816 479.247 17.1665 8.7128 shall
405.494 479.247 26.2344 8.7128 choose
437.299 479.247 17.368 8.7128 their
460.43 479.247 40.1096 8.7128 competent
506.127 479.247 34.5154 8.7128 authority
546.324 479.247 7.36942 8.7128 in

310.643 489.792 41.9903 8.7128 accordance
356.056 489.792 16.8403 8.7128 with
376.353 489.792 25.0637 8.7128 Article
404.927 489.792 39.9465 8.7128 2(1)(m)(iii)
448.242 489.792 13.8369 8.7128 and
465.42 489.792 22.2522 8.7128 notify
490.99 489.792 17.368 8.7128 their
511.853 489.792 30.7731 8.7128 decision
545.984 489.792 7.76284 8.7128 to

310.643 500.336 11.7546 8.7128 the
326.688 500.336 40.1096 8.7128 competent
371.08 500.336 34.5154 8.7128 authority
409.973 500.336 7.67648 8.7128 of
421.879 500.336 17.368 8.7128 their
443.65 500.336 26.3111 8.7128 chosen
474.264 500.336 21.5133 8.7128 home
500.004 500.336 31.1089 8.7128 Member
535.495 500.336 18.1933 8.7128 State

310.643 510.881 9.20218 8.7128 by
322.719 510.881 10.2289 8.7128 31
335.759 510.881 38.0945 8.7128 December
376.862 510.881 22.5401 8.7128 2005.

310.643 534.012 7.1967 8.7128 2.
332.187 534.012 9.53803 8.7128 By
347.438 534.012 15.1515 8.7128 way
368.188 534.012 7.67648 8.7128 of
381.397 534.012 40.5606 8.7128 derogation
427.604 534.012 18.5771 8.7128 from
451.698 534.012 25.0637 8.7128 Article
482.484 534.012 7.1967 8.7128 3,
495.297 534.012 31.1089 8.7128 Member
532.092 534.012 21.6381 8.7128 States

310.643 544.613 22.9719 8.7128 which
336.95 544.613 17.3968 8.7128 have
357.7 544.613 17.013 8.7128 used
377.883 544.613 11.7546 8.7128 the
392.964 544.613 40.148 8.7128 exemption
436.335 544.613 7.36942 8.7128 in
446.994 544.613 25.0637 8.7128 Article
475.398 544.613 14.2015 8.7128 5(a)
492.86 544.613 7.67648 8.7128 of
503.688 544.613 33.5942 8.7128 Directive
540.71 544.613 12.9924 8.7128 89/

310.643 555.158 33.0472 8.7128 298/EEC
348.856 555.158 16.1014 8.7128 may
370.116 555.158 32.9513 8.7128 continue
408.272 555.158 7.76284 8.7128 to
421.141 555.158 20.3715 8.7128 allow
446.597 555.158 21.1007 8.7128 credit
472.96 555.158 42.259 8.7128 institutions
520.358 555.158 8.20424 8.7128 or
533.68 555.158 19.9588 8.7128 other

310.643 565.702 31.9342 8.7128 financial
346.134 565.702 42.259 8.7128 institutions
391.887 565.702 38.44 8.7128 equivalent
434.012 565.702 7.76284 8.7128 to
445.237 565.702 21.1007 8.7128 credit
469.956 565.702 42.259 8.7128 institutions
515.709 565.702 22.9719 8.7128 which
542.298 565.702 11.294 8.7128 are

310.643 576.247 12.7813 8.7128 not
328.105 576.247 29.209 8.7128 covered
362.122 576.247 9.20218 8.7128 by
376.068 576.247 25.0637 8.7128 Article
406.059 576.247 22.5305 8.7128 1(2)(j)
433.329 576.247 7.67648 8.7128 of
445.688 576.247 13.597 8.7128 this
464.057 576.247 33.5942 8.7128 Directive
502.609 576.247 7.76284 8.7128 to
515.025 576.247 17.6271 8.7128 offer
537.419 576.247 16.3317 8.7128 debt

310.643 586.792 34.429 8.7128 securities
350.84 586.792 8.20424 8.7128 or
364.673 586.792 19.9588 8.7128 other
390.243 586.792 43.7559 8.7128 transferable
439.68 586.792 34.429 8.7128 securities
479.877 586.792 38.44 8.7128 equivalent
524.099 586.792 7.76284 8.7128 to
537.422 586.792 16.3317 8.7128 debt

310.643 597.393 34.429 8.7128 securities
350.047 597.393 22.8087 8.7128 issued
377.657 597.393 7.36942 8.7128 in
389.903 597.393 4.07813 8.7128 a
398.804 597.393 42.259 8.7128 continuous
445.861 597.393 8.20424 8.7128 or
458.9 597.393 31.7518 8.7128 repeated
495.581 597.393 28.9691 8.7128 manner
529.428 597.393 24.2097 8.7128 within

310.643 607.938 17.368 8.7128 their
332.698 607.938 31.061 8.7128 territory
368.415 607.938 10.939 8.7128 for
383.893 607.938 13.4242 8.7128 five
401.922 607.938 19.124 8.7128 years
425.677 607.938 35.7916 8.7128 following
465.931 607.938 11.7546 8.7128 the
482.259 607.938 15.5928 8.7128 date
502.385 607.938 7.67648 8.7128 of
514.575 607.938 19.4407 8.7128 entry
538.614 607.938 15.1323 8.7128 into

310.643 618.482 18.8649 8.7128 force
332.414 618.482 7.67648 8.7128 of
342.845 618.482 13.597 8.7128 this
359.343 618.482 35.6764 8.7128 Directive.

310.643 641.613 7.1967 8.7128 3.
332.187 641.613 9.53803 8.7128 By
348.572 641.613 15.1515 8.7128 way
370.512 641.613 7.67648 8.7128 of
384.912 641.613 40.5606 8.7128 derogation
432.252 641.613 18.5771 8.7128 from
457.537 641.613 25.0637 8.7128 Article
489.456 641.613 12.3112 8.7128 29,
508.562 641.613 11.7546 8.7128 the
527.101 641.613 26.5126 8.7128 Federal

310.643 652.158 32.9609 8.7128 Republic
348.232 652.158 7.67648 8.7128 of
360.308 652.158 34.7169 8.7128 Germany
399.597 652.158 17.1665 8.7128 shall
421.198 652.158 28.259 8.7128 comply
453.91 652.158 16.8403 8.7128 with
475.284 652.158 25.0637 8.7128 Article
504.992 652.158 20.3523 8.7128 21(1)
529.825 652.158 9.20218 8.7128 by
543.488 652.158 10.2289 8.7128 31

310.643 662.759 38.0945 8.7128 December
351.69 662.759 22.5401 8.7128 2008.

414.222 698.495 22.7991 8.74159 Article
439.905 698.495 10.2289 8.74159 31

416.546 721.472 31.0706 8.90472 Review

310.643 744.795 14.8828 8.7128 Five
328.502 744.795 19.124 8.7128 years
350.556 744.795 16.8499 8.7128 after
370.342 744.795 11.7546 8.7128 the
385.026 744.795 15.5928 8.7128 date
403.508 744.795 7.67648 8.7128 of
413.996 744.795 19.4407 8.7128 entry
436.391 744.795 15.1323 8.7128 into
454.363 744.795 18.8649 8.7128 force
476.134 744.795 7.67648 8.7128 of
486.622 744.795 13.597 8.7128 this
503.119 744.795 35.6764 8.7128 Directive,
541.899 744.795 11.7546 8.7128 the

310.643 755.339 47.4023 8.7128 Commission
360.648 755.339 17.1665 8.7128 shall
380.605 755.339 20.3139 8.7128 make
403.792 755.339 9.09663 8.7128 an
415.755 755.339 41.2419 8.7128 assessment
459.694 755.339 7.67648 8.7128 of
470.182 755.339 11.7546 8.7128 the
484.809 755.339 41.9232 8.7128 application
529.655 755.339 7.67648 8.7128 of
540.143 755.339 13.597 8.7128 this

310.643 765.884 33.5942 8.7128 Directive
347.891 765.884 13.8369 8.7128 and
365.184 765.884 27.4434 8.7128 present
396.139 765.884 4.07813 8.7128 a
403.736 765.884 23.2309 8.7128 report
430.496 765.884 7.76284 8.7128 to
441.664 765.884 11.7546 8.7128 the
456.972 765.884 35.7724 8.7128 European
496.318 765.884 40.0712 8.7128 Parliament
539.917 765.884 13.8369 8.7128 and

310.643 776.485 11.7546 8.7128 the
326.291 776.485 31.2049 8.7128 Council,
361.328 776.485 49.734 8.7128 accompanied
415.018 776.485 22.8375 8.7128 where
441.835 776.485 43.7176 8.7128 appropriate
489.629 776.485 9.20218 8.7128 by
502.668 776.485 36.4249 8.7128 proposals
542.809 776.485 10.939 8.7128 for

310.643 787.03 8.61685 8.7128 its
322.096 787.03 26.6758 8.7128 review.

41.9182 51.2759 45.0801 8.7128 31.12.2003

517.914 51.2759 4.55791 8.7128 L
525.397 51.2759 28.3358 8.7128 345/81

223.846 51.2759 27.5298 8.7128 Official
254.348 51.2759 27.098 8.7128 Journal
284.283 51.2759 7.67648 8.7128 of
294.771 51.2759 11.7546 8.7128 the
309.455 51.2759 35.7724 8.7128 European
348.235 51.2759 23.634 8.7128 Union

120.154 52.1989 9.8344 7.7447 EN

279.915 76.9203 22.7991 8.74159 Article
305.541 76.9203 10.2289 8.74159 32

264.665 93.6607 22.8567 8.90472 Entry
290.404 93.6607 16.6196 8.90472 into
310.02 93.6607 20.9856 8.90472 force

93.1107 110.804 15.9575 8.7128 This
113.407 110.804 33.5942 8.7128 Directive
151.507 110.804 17.1665 8.7128 shall
172.881 110.804 19.0089 8.7128 enter
196.296 110.804 15.1323 8.7128 into
215.686 110.804 18.8649 8.7128 force
238.874 110.804 9.96023 8.7128 on
253.104 110.804 11.7546 8.7128 the
269.205 110.804 13.2035 8.7128 day
286.667 110.804 7.67648 8.7128 of
298.573 110.804 8.61685 8.7128 its
311.499 110.804 42.5469 8.7128 publication
358.386 110.804 7.36942 8.7128 in
370.065 110.804 11.7546 8.7128 the
386.157 110.823 25.7738 8.74159 Official
416.149 110.823 24.6607 8.74159 Journal
445.121 110.823 6.48663 8.74159 of
455.949 110.823 10.2673 8.74159 the
470.463 110.823 32.0589 8.74159 European

93.1107 121.368 24.0792 8.74159 Union.

279.915 144.726 22.7991 8.74159 Article
305.541 144.726 10.2289 8.74159 33

274.756 161.466 46.0109 8.90472 Addressees

93.1117 178.61 15.9575 8.7128 This
111.991 178.61 33.5942 8.7128 Directive
148.673 178.61 5.79574 8.7128 is
157.348 178.61 36.3577 8.7128 addressed
196.523 178.61 7.76284 8.7128 to
207.068 178.61 11.7546 8.7128 the
221.752 178.61 31.1089 8.7128 Member
255.826 178.61 23.7203 8.7128 States.

93.1117 214.723 20.4578 8.7128 Done
116.414 214.723 6.89924 8.7128 at
126.165 214.723 31.9917 8.7128 Brussels,
161.032 214.723 5.11445 8.7128 4
169.026 214.723 39.3612 8.7128 November
211.264 214.723 22.5401 8.7128 2003.

145.609 244.733 11.2844 8.74159 For
159.896 244.733 10.2673 8.74159 the
172.992 244.733 32.0589 8.74159 European
207.916 244.733 37.3845 8.74159 Parliament

172.368 259.529 12.647 8.74159 The
187.846 259.529 30.6388 8.74159 President

183.083 274.152 5.88529 7.7447 P.
191.531 274.152 16.3509 7.7447 COX

373.685 244.731 11.2844 8.74159 For
387.915 244.731 10.2673 8.74159 the
401.011 244.731 25.6682 8.74159 Council

377.087 259.528 12.647 8.74159 The
392.564 259.528 30.6388 8.74159 President

373.175 274.152 7.52293 7.7447 G.
383.323 274.152 43.7644 7.7447 ALEMANNO

508.727 51.2759 45.0801 8.7128 31.12.2003

41.916 51.2759 4.55791 8.7128 L
49.3996 51.2759 28.3358 8.7128 345/82

223.846 51.2759 27.5298 8.7128 Official
254.347 51.2759 27.098 8.7128 Journal
284.283 51.2759 7.67648 8.7128 of
294.771 51.2759 11.7546 8.7128 the
309.455 51.2759 35.7724 8.7128 European
348.234 51.2759 23.634 8.7128 Union

120.154 52.1989 9.8344 7.7447 EN

281.786 89.69 27.3026 7.77028 ANNEX
311.493 89.69 2.39676 7.77028 I

271.922 111.669 52.0038 7.91528 PROSPECTUS

93.1129 134.007 4.19646 7.7447 I.

111.481 133.836 35.1155 7.91528 Summary

111.481 158.725 12.5467 7.7447 The
126.788 158.725 31.3967 7.7447 summary
160.86 158.725 15.2591 7.7447 shall
178.775 158.725 25.4432 7.7447 provide
207.008 158.725 6.55058 7.7447 in
216.306 158.725 3.625 7.7447 a
222.655 158.725 11.89 7.7447 few
237.281 158.725 18.5941 7.7447 pages
258.71 158.725 10.4485 7.7447 the
271.92 158.725 16.7517 7.7447 most
291.252 158.725 33.7082 7.7447 important
327.591 158.725 40.1394 7.7447 information
370.394 158.725 28.4285 7.7447 included
401.518 158.725 6.55058 7.7447 in
410.816 158.725 10.4485 7.7447 the
424.025 158.725 38.0241 7.7447 prospectus,
464.787 158.725 28.7441 7.7447 covering
496.365 158.725 6.13264 7.7447 at

111.481 168.137 14.7815 7.7447 least
128.772 168.137 10.4485 7.7447 the
141.811 168.137 31.8147 7.7447 following
176.053 168.137 19.8138 7.7447 items:

111.481 187.695 7.5144 7.7447 A.
123.5 187.695 25.2811 7.7447 identity
151.335 187.695 6.82352 7.7447 of
160.633 187.695 30.9617 7.7447 directors,
194.195 187.695 20.4194 7.7447 senior
217.212 187.695 45.0949 7.7447 management,
264.834 187.695 26.3644 7.7447 advisers
293.804 187.695 12.2994 7.7447 and
308.601 187.695 27.1235 7.7447 auditors

111.481 207.311 6.43117 7.7447 B.
123.5 207.311 15.6685 7.7447 offer
141.698 207.311 28.0447 7.7447 statistics
172.198 207.311 12.2994 7.7447 and
186.995 207.311 29.2132 7.7447 expected
218.856 207.311 30.902 7.7447 timetable

111.481 226.927 6.85764 7.7447 C.
123.5 226.927 11.5403 7.7447 key
138.58 226.927 40.1394 7.7447 information
182.12 226.927 37.2991 7.7447 concerning
223.051 226.927 25.9294 7.7447 selected
252.475 226.927 28.3858 7.7447 financial
284.449 226.927 15.822 7.7447 data;
303.781 226.927 44.1141 7.7447 capitalisation
351.459 226.927 12.2994 7.7447 and
367.22 226.927 44.7452 7.7447 indebtedness;
415.408 226.927 25.0167 7.7447 reasons
443.867 226.927 9.72352 7.7447 for
457.077 226.927 10.4485 7.7447 the
471.08 226.927 15.6685 7.7447 offer
490.242 226.927 12.2994 7.7447 and

123.5 236.281 10.9091 7.7447 use
136.936 236.281 6.82352 7.7447 of
146.29 236.281 31.4138 7.7447 proceeds;
180.249 236.281 12.18 7.7447 risk
194.989 236.281 22.4494 7.7447 factors

111.481 255.897 7.66793 7.7447 D.
123.5 255.897 40.1394 7.7447 information
166.076 255.897 37.2991 7.7447 concerning
206.044 255.897 10.4485 7.7447 the
219.083 255.897 18.9609 7.7447 issuer

135.972 270.411 23.2767 7.7447 history
161.767 270.411 12.2994 7.7447 and
176.62 270.411 43.3123 7.7447 development
222.371 270.411 6.82352 7.7447 of
231.725 270.411 10.4485 7.7447 the
244.764 270.411 18.9609 7.7447 issuer

135.972 284.867 27.8655 7.7447 business
166.303 284.867 30.1514 7.7447 overview

111.481 304.483 5.98764 7.7447 E.
123.5 304.483 31.8829 7.7447 operating
158.025 304.483 12.2994 7.7447 and
172.822 304.483 28.3858 7.7447 financial
203.776 304.483 21.8609 7.7447 review
228.381 304.483 12.2994 7.7447 and
243.177 304.483 31.8403 7.7447 prospects

135.972 318.997 27.4732 7.7447 research
166.132 318.997 12.2994 7.7447 and
180.929 318.997 45.1632 7.7447 development,
228.608 318.997 24.1126 7.7447 patents
255.253 318.997 12.2994 7.7447 and
270.049 318.997 27.6267 7.7447 licences,
300.323 318.997 11.4038 7.7447 etc.

135.972 333.453 20.6582 7.7447 trends

111.481 353.069 5.57823 7.7447 F.
123.5 353.069 30.9617 7.7447 directors,
157.005 353.069 20.4194 7.7447 senior
180.022 353.069 43.2441 7.7447 management
225.83 353.069 12.2994 7.7447 and
240.626 353.069 35.1923 7.7447 employees

111.481 372.685 7.52293 7.7447 G.
123.5 372.685 19.737 7.7447 major
145.779 372.685 42.1096 7.7447 shareholders
190.396 372.685 12.2994 7.7447 and
205.193 372.685 42.2888 7.7447 related-party
250.149 372.685 40.2247 7.7447 transactions

111.481 392.301 7.61675 7.7447 H.
123.5 392.301 28.3858 7.7447 financial
154.454 392.301 40.1394 7.7447 information

135.972 406.758 42.0755 7.7447 consolidated
180.419 406.758 32.4885 7.7447 statement
215.398 406.758 12.2994 7.7447 and
230.195 406.758 17.7412 7.7447 other
250.548 406.758 28.3858 7.7447 financial
281.502 406.758 40.1394 7.7447 information

135.972 421.271 34.3052 7.7447 significant
172.879 421.271 26.5776 7.7447 changes

111.481 440.83 4.19646 7.7447 I.
123.5 440.83 21.0847 7.7447 details
147.084 440.83 6.82352 7.7447 of
156.381 440.83 10.4485 7.7447 the
169.42 440.83 15.6685 7.7447 offer
187.619 440.83 12.2994 7.7447 and
202.415 440.83 33.785 7.7447 admission
238.642 440.83 6.90028 7.7447 to
248.053 440.83 23.7544 7.7447 trading

135.972 455.344 15.6685 7.7447 offer
154.171 455.344 12.2994 7.7447 and
168.967 455.344 33.785 7.7447 admission
205.193 455.344 6.90028 7.7447 to
214.548 455.344 23.7544 7.7447 trading

135.972 469.857 14.5938 7.7447 plan
153.093 469.857 9.72352 7.7447 for
165.339 469.857 38.9282 7.7447 distribution

135.972 484.314 26.5264 7.7447 markets

135.972 498.827 21.2297 7.7447 selling
159.727 498.827 42.1096 7.7447 shareholders

135.972 513.341 26.1597 7.7447 dilution
164.602 513.341 22.7223 7.7447 (equity
190 513.341 30.6035 7.7447 securities
223.278 513.341 17.0503 7.7447 only)

135.972 527.797 29.5458 7.7447 expenses
168.06 527.797 6.82352 7.7447 of
177.414 527.797 10.4485 7.7447 the
190.453 527.797 16.0609 7.7447 issue

111.481 547.413 4.15382 7.7447 J.
123.5 547.413 33.2902 7.7447 additional
159.273 547.413 40.1394 7.7447 information

135.972 561.87 17.5279 7.7447 share
156.098 561.87 21.8864 7.7447 capital

135.972 576.383 47.8073 7.7447 memorandum
186.202 576.383 12.2994 7.7447 and
200.999 576.383 23.3023 7.7447 articles
226.907 576.383 6.82352 7.7447 of
236.205 576.383 36.8385 7.7447 association

135.972 590.897 36.8044 7.7447 documents
175.203 590.897 8.85352 7.7447 on
186.541 590.897 23.3961 7.7447 display

93.1129 625.82 6.54205 7.7447 II.
111.481 625.649 28.8891 7.91528 Identity
142.945 625.649 7.46322 7.91528 of
152.98 625.649 34.4417 7.91528 directors,
190 625.649 22.6285 7.91528 senior
215.171 625.649 48.0717 7.91528 management,
265.854 625.649 29.4605 7.91528 advisers
297.828 625.649 13.1609 7.91528 and
313.531 625.649 29.7761 7.91528 auditors

111.481 650.538 12.5467 7.7447 The
127.355 650.538 27.0723 7.7447 purpose
157.742 650.538 5.15176 7.7447 is
166.189 650.538 6.90028 7.7447 to
176.338 650.538 25.2044 7.7447 identify
204.854 650.538 10.4485 7.7447 the
218.63 650.538 31.1323 7.7447 company
252.985 650.538 49.5046 7.7447 representatives
305.936 650.538 12.2994 7.7447 and
321.47 650.538 17.7412 7.7447 other
342.559 650.538 36.1476 7.7447 individuals
381.96 650.538 28.5394 7.7447 involved
413.765 650.538 6.55058 7.7447 in
423.629 650.538 10.4485 7.7447 the
437.405 650.538 35.7467 7.7447 company's
476.295 650.538 15.6685 7.7447 offer
495.231 650.538 7.29264 7.7447 or

111.481 659.892 33.785 7.7447 admission
148.161 659.892 6.90028 7.7447 to
158.082 659.892 25.6053 7.7447 trading;
186.825 659.892 17.0247 7.7447 these
206.894 659.892 10.0391 7.7447 are
220.104 659.892 10.4485 7.7447 the
233.654 659.892 25.827 7.7447 persons
262.453 659.892 37.7852 7.7447 responsible
303.271 659.892 9.72352 7.7447 for
315.971 659.892 27.1917 7.7447 drawing
346.301 659.892 8.76822 7.7447 up
358.15 659.892 10.4485 7.7447 the
371.7 659.892 36.1732 7.7447 prospectus
410.931 659.892 6.68705 7.7447 as
420.626 659.892 27.6182 7.7447 required
451.523 659.892 8.17969 7.7447 by
462.747 659.892 22.2788 7.7447 Article
488.145 659.892 4.54617 7.7447 5
495.742 659.892 6.82352 7.7447 of

111.481 669.304 10.4485 7.7447 the
124.464 669.304 29.8614 7.7447 Directive
157.061 669.304 12.2994 7.7447 and
171.858 669.304 17.9032 7.7447 those
192.267 669.304 37.7852 7.7447 responsible
232.575 669.304 9.72352 7.7447 for
244.821 669.304 27.277 7.7447 auditing
274.698 669.304 10.4485 7.7447 the
287.737 669.304 28.3858 7.7447 financial
318.747 669.304 37.4014 7.7447 statements.

93.1129 709.329 8.88763 7.7447 III.
111.481 709.158 19.4897 7.91528 Offer
133.535 709.158 31.1835 7.91528 statistics
167.38 709.158 13.1609 7.91528 and
183.084 709.158 32.4458 7.91528 expected
218.232 709.158 33.8873 7.91528 timetable

111.481 734.047 12.5467 7.7447 The
127.071 734.047 27.0723 7.7447 purpose
157.231 734.047 5.15176 7.7447 is
165.394 734.047 6.90028 7.7447 to
175.259 734.047 25.4432 7.7447 provide
203.775 734.047 11.5403 7.7447 key
218.345 734.047 40.1394 7.7447 information
261.431 734.047 31.6185 7.7447 regarding
296.297 734.047 10.4485 7.7447 the
309.79 734.047 26.97 7.7447 conduct
339.723 734.047 6.82352 7.7447 of
349.531 734.047 11.9838 7.7447 any
364.555 734.047 15.6685 7.7447 offer
383.207 734.047 12.2994 7.7447 and
398.458 734.047 10.4485 7.7447 the
412.008 734.047 44.0032 7.7447 identification
459.062 734.047 6.82352 7.7447 of
468.87 734.047 33.7082 7.7447 important

111.481 743.401 16.9223 7.7447 dates
130.87 743.401 25.1276 7.7447 relating
158.649 743.401 6.90028 7.7447 to
168.061 743.401 13.067 7.7447 that
183.651 743.401 17.5194 7.7447 offer.

111.481 768.119 7.5144 7.7447 A.
123.386 768.119 17.4767 7.7447 Offer
143.455 768.119 28.0447 7.7447 statistics

111.481 787.735 6.43117 7.7447 B.
123.386 787.735 25.7076 7.7447 Method
151.619 787.735 12.2994 7.7447 and
166.416 787.735 29.2132 7.7447 expected
198.277 787.735 30.902 7.7447 timetable

41.9182 51.2759 45.0801 8.7128 31.12.2003

517.914 51.2759 4.55791 8.7128 L
525.397 51.2759 28.3358 8.7128 345/83

223.846 51.2759 27.5298 8.7128 Official
254.348 51.2759 27.098 8.7128 Journal
284.283 51.2759 7.67648 8.7128 of
294.771 51.2759 11.7546 8.7128 the
309.455 51.2759 35.7724 8.7128 European
348.235 51.2759 23.634 8.7128 Union

120.154 52.1989 9.8344 7.7447 EN

93.1118 76.8603 9.34822 7.7447 IV.
111.48 76.6897 14.3209 7.91528 Key
128.318 76.6897 43.6449 7.91528 information

111.48 98.2333 12.5467 7.7447 The
128.034 98.2333 27.0723 7.7447 purpose
159.101 98.2333 5.15176 7.7447 is
168.229 98.2333 6.90028 7.7447 to
179 98.2333 36.1647 7.7447 summarise
219.139 98.2333 11.5403 7.7447 key
234.615 98.2333 40.1394 7.7447 information
278.665 98.2333 19.14 7.7447 about
301.683 98.2333 10.4485 7.7447 the
316.139 98.2333 35.7467 7.7447 company's
355.711 98.2333 28.3858 7.7447 financial
388.139 98.2333 33.9897 7.7447 condition,
426.009 98.2333 44.1141 7.7447 capitalisation
474.084 98.2333 12.2994 7.7447 and
490.355 98.2333 12.18 7.7447 risk

111.48 107.645 24.3003 7.7447 factors.
138.579 107.645 4.77646 7.7447 If
146.176 107.645 10.4485 7.7447 the
159.555 107.645 28.3858 7.7447 financial
190.849 107.645 35.5505 7.7447 statements
229.174 107.645 28.4285 7.7447 included
260.524 107.645 6.55058 7.7447 in
269.992 107.645 10.4485 7.7447 the
283.315 107.645 33.7423 7.7447 document
319.881 107.645 10.0391 7.7447 are
332.92 107.645 25.8441 7.7447 restated
361.663 107.645 6.90028 7.7447 to
371.358 107.645 20.4706 7.7447 reflect
394.772 107.645 27.1235 7.7447 material
424.818 107.645 26.5776 7.7447 changes
454.355 107.645 6.55058 7.7447 in
463.823 107.645 10.4485 7.7447 the
477.202 107.645 25.3494 7.7447 compa-

111.48 116.999 12.9732 7.7447 ny's
126.9 116.999 20.0185 7.7447 group
149.52 116.999 29.5885 7.7447 structure
181.721 116.999 7.29264 7.7447 or
191.585 116.999 36.8897 7.7447 accounting
231.043 116.999 27.0382 7.7447 policies,
260.693 116.999 10.4485 7.7447 the
273.732 116.999 25.9294 7.7447 selected
302.248 116.999 28.3858 7.7447 financial
333.202 116.999 13.9712 7.7447 data
349.7 116.999 16.692 7.7447 must
368.862 116.999 13.1523 7.7447 also
384.509 116.999 7.79587 7.7447 be
394.884 116.999 27.695 7.7447 restated.

111.48 138.372 7.5144 7.7447 A.
123.499 138.372 26.8847 7.7447 Selected
152.922 138.372 28.3858 7.7447 financial
183.932 138.372 13.9712 7.7447 data

111.48 155.72 6.43117 7.7447 B.
123.499 155.72 45.5896 7.7447 Capitalisation
171.574 155.72 12.2994 7.7447 and
186.427 155.72 42.8944 7.7447 indebtedness

111.48 173.125 6.85764 7.7447 C.
123.499 173.125 27.1576 7.7447 Reasons
153.149 173.125 9.72352 7.7447 for
165.337 173.125 10.4485 7.7447 the
178.376 173.125 15.6685 7.7447 offer
196.574 173.125 12.2994 7.7447 and
211.371 173.125 10.9091 7.7447 use
224.864 173.125 6.82352 7.7447 of
234.162 173.125 29.5629 7.7447 proceeds

111.48 190.473 7.66793 7.7447 D.
123.499 190.473 14.3209 7.7447 Risk
140.337 190.473 22.4494 7.7447 factors

93.1118 223.865 7.00264 7.7447 V.
111.48 223.694 44.0544 7.91528 Information
158.081 223.694 9.50175 7.91528 on
170.1 223.694 11.5744 7.91528 the
184.329 223.694 33.4352 7.91528 company

111.48 245.181 12.5467 7.7447 The
127.864 245.181 27.0723 7.7447 purpose
158.705 245.181 5.15176 7.7447 is
167.662 245.181 6.90028 7.7447 to
178.263 245.181 25.4432 7.7447 provide
207.517 245.181 40.1394 7.7447 information
251.34 245.181 19.14 7.7447 about
274.187 245.181 10.4485 7.7447 the
288.473 245.181 35.7467 7.7447 company's
327.874 245.181 27.8655 7.7447 business
359.452 245.181 37.2308 7.7447 operations,
400.441 245.181 10.4485 7.7447 the
414.67 245.181 29.3753 7.7447 products
447.779 245.181 4.59735 7.7447 it
456.169 245.181 21.1188 7.7447 makes
481 245.181 7.29264 7.7447 or
492.055 245.181 10.4485 7.7447 the

111.48 254.593 25.5711 7.7447 services
140.11 254.593 4.59735 7.7447 it
147.65 254.593 30.3561 7.7447 provides,
181.041 254.593 12.2994 7.7447 and
196.235 254.593 10.4485 7.7447 the
209.671 254.593 22.4494 7.7447 factors
235.069 254.593 20.4194 7.7447 which
258.54 254.593 18.0397 7.7447 affect
279.516 254.593 10.4485 7.7447 the
292.952 254.593 29.7164 7.7447 business.
325.607 254.593 4.85323 7.7447 It
333.374 254.593 5.15176 7.7447 is
341.481 254.593 13.1523 7.7447 also
357.525 254.593 28.9744 7.7447 intended
389.443 254.593 6.90028 7.7447 to
399.251 254.593 25.4432 7.7447 provide
427.71 254.593 40.1394 7.7447 information
470.739 254.593 31.6185 7.7447 regarding

111.48 263.947 10.4485 7.7447 the
124.689 263.947 30.8935 7.7447 adequacy
158.421 263.947 12.2994 7.7447 and
173.388 263.947 32.5567 7.7447 suitability
208.764 263.947 6.82352 7.7447 of
218.231 263.947 10.4485 7.7447 the
231.497 263.947 35.7467 7.7447 company's
269.821 263.947 35.6017 7.7447 properties,
308.258 263.947 17.1014 7.7447 plant
328.044 263.947 12.2994 7.7447 and
343.068 263.947 37.6488 7.7447 equipment,
383.546 263.947 6.68705 7.7447 as
392.957 263.947 13.6044 7.7447 well
409.284 263.947 6.68705 7.7447 as
418.695 263.947 7.6594 7.7447 its
429.07 263.947 17.6559 7.7447 plans
449.422 263.947 9.72352 7.7447 for
461.838 263.947 20.0185 7.7447 future
484.628 263.947 17.7923 7.7447 capa-

111.48 273.358 12.0265 7.7447 city
126.106 273.358 29.7591 7.7447 increases
158.478 273.358 7.29264 7.7447 or
168.342 273.358 32.787 7.7447 decreases.

111.48 294.731 7.5144 7.7447 A.
123.499 294.731 24.6158 7.7447 History
150.655 294.731 12.2994 7.7447 and
165.451 294.731 43.3123 7.7447 development
211.258 294.731 6.82352 7.7447 of
220.556 294.731 10.4485 7.7447 the
233.595 294.731 31.1323 7.7447 company

111.48 312.079 6.43117 7.7447 B.
123.499 312.079 28.1641 7.7447 Business
154.17 312.079 30.1514 7.7447 overview

111.48 329.483 6.85764 7.7447 C.
123.499 329.483 49.0696 7.7447 Organisational
175.145 329.483 29.5885 7.7447 structure

111.48 346.831 7.66793 7.7447 D.
123.499 346.831 30.4329 7.7447 Property,
156.494 346.831 17.1014 7.7447 plant
176.11 346.831 12.2994 7.7447 and
190.906 346.831 35.7979 7.7447 equipment

93.1118 380.167 9.34822 7.7447 VI.
111.48 379.996 36.5911 7.91528 Operating
150.711 379.996 13.1609 7.91528 and
166.414 379.996 30.6717 7.91528 financial
199.693 379.996 25.2556 7.91528 review
227.528 379.996 13.1609 7.91528 and
243.232 379.996 34.9535 7.91528 prospects

111.48 401.54 12.5467 7.7447 The
127.977 401.54 27.0723 7.7447 purpose
158.931 401.54 5.15176 7.7447 is
168.002 401.54 6.90028 7.7447 to
178.717 401.54 25.4432 7.7447 provide
208.14 401.54 10.4485 7.7447 the
222.483 401.54 47.8585 7.7447 management's
274.187 401.54 39.167 7.7447 explanation
317.216 401.54 6.82352 7.7447 of
327.874 401.54 22.4494 7.7447 factors
354.18 401.54 13.067 7.7447 that
371.131 401.54 15.4638 7.7447 have
390.576 401.54 25.7673 7.7447 affected
420.226 401.54 10.4485 7.7447 the
434.569 401.54 35.7467 7.7447 company's
474.083 401.54 28.3858 7.7447 financial

111.48 410.951 32.1388 7.7447 condition
146.005 410.951 12.2994 7.7447 and
160.745 410.951 21.4514 7.7447 results
184.669 410.951 6.82352 7.7447 of
193.91 410.951 35.38 7.7447 operations
231.723 410.951 9.72352 7.7447 for
243.912 410.951 10.4485 7.7447 the
256.837 410.951 30.6973 7.7447 historical
290.059 410.951 24.6073 7.7447 periods
317.158 410.951 25.9635 7.7447 covered
345.674 410.951 8.17969 7.7447 by
356.332 410.951 10.4485 7.7447 the
369.315 410.951 28.3858 7.7447 financial
400.212 410.951 37.4014 7.7447 statements,
440.01 410.951 12.2994 7.7447 and
454.75 410.951 47.8585 7.7447 management's

111.48 420.305 36.6594 7.7447 assessment
150.655 420.305 6.82352 7.7447 of
160.122 420.305 22.4494 7.7447 factors
185.237 420.305 12.2994 7.7447 and
200.204 420.305 20.6582 7.7447 trends
223.504 420.305 20.4194 7.7447 which
246.748 420.305 10.0391 7.7447 are
259.56 420.305 29.2132 7.7447 expected
291.592 420.305 6.90028 7.7447 to
301.116 420.305 15.4638 7.7447 have
319.37 420.305 3.625 7.7447 a
325.777 420.305 27.1235 7.7447 material
355.654 420.305 17.9288 7.7447 effect
376.29 420.305 8.85352 7.7447 on
387.798 420.305 10.4485 7.7447 the
401.008 420.305 35.7467 7.7447 company's
439.332 420.305 28.3858 7.7447 financial
470.456 420.305 32.1388 7.7447 condition

111.48 429.716 12.2994 7.7447 and
126.277 429.716 21.4514 7.7447 results
150.201 429.716 6.82352 7.7447 of
159.555 429.716 35.38 7.7447 operations
197.426 429.716 6.55058 7.7447 in
206.553 429.716 20.0185 7.7447 future
229.173 429.716 26.4582 7.7447 periods.

111.48 451.089 7.5144 7.7447 A.
123.499 451.089 33.6911 7.7447 Operating
159.895 451.089 21.4514 7.7447 results

111.48 468.437 6.43117 7.7447 B.
123.499 468.437 29.4264 7.7447 Liquidity
155.586 468.437 12.2994 7.7447 and
170.439 468.437 21.8864 7.7447 capital
194.931 468.437 31.2091 7.7447 resources

111.48 485.785 6.85764 7.7447 C.
123.499 485.785 29.6141 7.7447 Research
155.813 485.785 12.2994 7.7447 and
170.61 485.785 45.1632 7.7447 development,
218.288 485.785 24.1126 7.7447 patents
244.877 485.785 12.2994 7.7447 and
259.73 485.785 27.6267 7.7447 licences,
289.947 485.785 11.4038 7.7447 etc.

111.48 503.19 7.66793 7.7447 D.
123.499 503.19 22.7564 7.7447 Trends

93.1118 536.525 11.6938 7.7447 VII.
111.48 536.354 36.2244 7.91528 Directors,
150.257 536.354 22.6285 7.91528 senior
175.428 536.354 46.2208 7.91528 management
224.24 536.354 13.1609 7.91528 and
239.944 536.354 38.6808 7.91528 employees

111.48 557.898 12.5467 7.7447 The
127.014 557.898 27.0723 7.7447 purpose
157.004 557.898 5.15176 7.7447 is
165.111 557.898 6.90028 7.7447 to
174.862 557.898 25.4432 7.7447 provide
203.265 557.898 40.1394 7.7447 information
246.238 557.898 37.2991 7.7447 concerning
286.546 557.898 10.4485 7.7447 the
299.982 557.898 35.7467 7.7447 company's
338.532 557.898 29.1108 7.7447 directors
370.564 557.898 12.2994 7.7447 and
385.757 557.898 31.9341 7.7447 managers
420.623 557.898 13.067 7.7447 that
436.61 557.898 12.18 7.7447 will
451.747 557.898 18.1079 7.7447 allow
472.667 557.898 29.887 7.7447 investors

111.48 567.252 6.90028 7.7447 to
120.834 567.252 19.3873 7.7447 assess
142.661 567.252 15.4382 7.7447 their
160.802 567.252 37.3076 7.7447 experience,
200.883 567.252 44.4638 7.7447 qualifications
247.937 567.252 12.2994 7.7447 and
262.734 567.252 18.1335 7.7447 levels
283.427 567.252 6.82352 7.7447 of
292.724 567.252 47.3382 7.7447 remuneration,
342.727 567.252 6.68705 7.7447 as
351.912 567.252 13.6044 7.7447 well
368.069 567.252 6.68705 7.7447 as
377.31 567.252 15.4382 7.7447 their
395.395 567.252 39.5764 7.7447 relationship
437.573 567.252 14.9691 7.7447 with
455.091 567.252 10.4485 7.7447 the
468.13 567.252 32.9832 7.7447 company.

111.48 588.625 7.5144 7.7447 A.
123.499 588.625 30.7144 7.7447 Directors
156.777 588.625 12.2994 7.7447 and
171.574 588.625 20.4194 7.7447 senior
194.534 588.625 43.2441 7.7447 management

111.48 606.029 6.43117 7.7447 B.
123.499 606.029 47.6282 7.7447 Remuneration

111.48 623.377 6.85764 7.7447 C.
123.499 623.377 19.7114 7.7447 Board
145.779 623.377 29.1961 7.7447 practices

111.48 640.725 7.66793 7.7447 D.
123.499 640.725 35.815 7.7447 Employees

111.48 658.13 5.98764 7.7447 E.
123.499 658.13 18.4832 7.7447 Share
144.588 658.13 35.2264 7.7447 ownership

93.1118 691.465 14.0394 7.7447 VIII.
111.48 691.294 21.2894 7.91528 Major
135.234 691.294 46.3146 7.91528 shareholders
184.046 691.294 13.1609 7.91528 and
199.75 691.294 46.7411 7.91528 related-party
249.016 691.294 43.9605 7.91528 transactions

111.48 712.838 12.5467 7.7447 The
127.24 712.838 27.0723 7.7447 purpose
157.514 712.838 5.15176 7.7447 is
165.904 712.838 6.90028 7.7447 to
175.939 712.838 25.4432 7.7447 provide
204.625 712.838 40.1394 7.7447 information
247.825 712.838 31.6185 7.7447 regarding
282.804 712.838 10.4485 7.7447 the
296.523 712.838 19.737 7.7447 major
319.427 712.838 42.1096 7.7447 shareholders
364.725 712.838 12.2994 7.7447 and
380.145 712.838 20.8032 7.7447 others
404.125 712.838 13.067 7.7447 that
420.396 712.838 14.3123 7.7447 may
437.857 712.838 24.2576 7.7447 control
465.24 712.838 7.29264 7.7447 or
475.672 712.838 15.4638 7.7447 have
494.437 712.838 8.08587 7.7447 an

111.48 722.192 30.4073 7.7447 influence
144.872 722.192 8.85352 7.7447 on
156.607 722.192 10.4485 7.7447 the
170.044 722.192 32.9832 7.7447 company.
205.93 722.192 4.85323 7.7447 It
213.697 722.192 13.1523 7.7447 also
229.685 722.192 28.5053 7.7447 provides
261.149 722.192 40.1394 7.7447 information
304.178 722.192 31.6185 7.7447 regarding
338.874 722.192 40.2247 7.7447 transactions
381.96 722.192 10.4485 7.7447 the
395.396 722.192 31.1323 7.7447 company
429.469 722.192 11.1138 7.7447 has
443.529 722.192 24.6244 7.7447 entered
471.137 722.192 13.4509 7.7447 into
487.521 722.192 14.9691 7.7447 with

111.48 731.603 25.827 7.7447 persons
139.769 731.603 28.5991 7.7447 affiliated
170.893 731.603 14.9691 7.7447 with
188.468 731.603 10.4485 7.7447 the
201.507 731.603 31.1323 7.7447 company
235.182 731.603 12.2994 7.7447 and
249.979 731.603 27.2344 7.7447 whether
279.855 731.603 10.4485 7.7447 the
292.894 731.603 18.7732 7.7447 terms
314.211 731.603 6.82352 7.7447 of
323.509 731.603 15.3529 7.7447 such
341.424 731.603 40.2247 7.7447 transactions
384.114 731.603 10.0391 7.7447 are
396.813 731.603 11.0456 7.7447 fair
410.476 731.603 6.90028 7.7447 to
419.888 731.603 10.4485 7.7447 the
432.927 731.603 32.9832 7.7447 company.

111.48 752.976 7.5144 7.7447 A.
123.385 752.976 19.6006 7.7447 Major
145.552 752.976 42.1096 7.7447 shareholders

111.48 770.324 6.43117 7.7447 B.
123.385 770.324 44.4296 7.7447 Related-party
170.439 770.324 40.2247 7.7447 transactions

111.48 787.729 6.85764 7.7447 C.
123.385 787.729 27.8741 7.7447 Interests
153.772 787.729 6.82352 7.7447 of
163.07 787.729 23.9164 7.7447 experts
189.601 787.729 12.2994 7.7447 and
204.398 787.729 26.3644 7.7447 advisers

508.727 51.2759 45.0801 8.7128 31.12.2003

41.916 51.2759 4.55791 8.7128 L
49.3996 51.2759 28.3358 8.7128 345/84

223.846 51.2759 27.5298 8.7128 Official
254.347 51.2759 27.098 8.7128 Journal
284.283 51.2759 7.67648 8.7128 of
294.771 51.2759 11.7546 8.7128 the
309.455 51.2759 35.7724 8.7128 European
348.234 51.2759 23.634 8.7128 Union

120.154 52.1989 9.8344 7.7447 EN

93.1118 76.8603 9.33969 7.7447 IX.
111.48 76.6897 32.0705 7.91528 Financial
146.176 76.6897 43.6449 7.91528 information

111.48 92.6772 12.5467 7.7447 The
127.127 92.6772 27.0723 7.7447 purpose
157.231 92.6772 5.15176 7.7447 is
165.394 92.6772 6.90028 7.7447 to
175.316 92.6772 22.9611 7.7447 specify
201.337 92.6772 20.4194 7.7447 which
224.921 92.6772 28.3858 7.7447 financial
256.329 92.6772 35.5505 7.7447 statements
294.823 92.6772 16.692 7.7447 must
314.495 92.6772 7.79587 7.7447 be
325.323 92.6772 28.4285 7.7447 included
356.787 92.6772 6.55058 7.7447 in
366.424 92.6772 10.4485 7.7447 the
379.917 92.6772 35.5932 7.7447 document,
418.467 92.6772 6.68705 7.7447 as
428.162 92.6772 13.6044 7.7447 well
444.829 92.6772 6.68705 7.7447 as
454.524 92.6772 10.4485 7.7447 the
468.016 92.6772 24.6073 7.7447 periods
495.682 92.6772 6.90028 7.7447 to

111.48 102.031 7.79587 7.7447 be
122.705 102.031 27.8144 7.7447 covered,
154.055 102.031 10.4485 7.7447 the
168.002 102.031 11.0967 7.7447 age
182.628 102.031 6.82352 7.7447 of
192.832 102.031 10.4485 7.7447 the
206.779 102.031 28.3858 7.7447 financial
238.64 102.031 35.5505 7.7447 statements
277.474 102.031 12.2994 7.7447 and
293.235 102.031 17.7412 7.7447 other
314.438 102.031 40.1394 7.7447 information
357.921 102.031 6.82352 7.7447 of
368.125 102.031 3.625 7.7447 a
375.211 102.031 28.3858 7.7447 financial
407.072 102.031 23.1914 7.7447 nature.
433.774 102.031 12.5467 7.7447 The
449.875 102.031 36.8897 7.7447 accounting
490.24 102.031 12.2994 7.7447 and

111.48 111.443 27.277 7.7447 auditing
141.753 111.443 32.5908 7.7447 principles
177.413 111.443 13.067 7.7447 that
193.457 111.443 12.18 7.7447 will
208.594 111.443 7.79587 7.7447 be
219.366 111.443 28.872 7.7447 accepted
251.284 111.443 9.72352 7.7447 for
263.983 111.443 10.9091 7.7447 use
277.872 111.443 6.55058 7.7447 in
287.397 111.443 38.8855 7.7447 preparation
329.35 111.443 12.2994 7.7447 and
344.6 111.443 16.7688 7.7447 audit
364.329 111.443 6.82352 7.7447 of
374.08 111.443 10.4485 7.7447 the
387.516 111.443 28.3858 7.7447 financial
418.924 111.443 35.5505 7.7447 statements
457.304 111.443 12.18 7.7447 will
472.442 111.443 7.79587 7.7447 be
483.27 111.443 19.2253 7.7447 deter-

111.48 120.797 21.0676 7.7447 mined
135.064 120.797 6.55058 7.7447 in
144.191 120.797 37.3247 7.7447 accordance
184.103 120.797 14.9691 7.7447 with
201.677 120.797 42.7067 7.7447 international
246.974 120.797 36.8897 7.7447 accounting
286.489 120.797 12.2994 7.7447 and
301.285 120.797 27.277 7.7447 auditing
331.162 120.797 33.5205 7.7447 standards.

111.48 136.558 7.5144 7.7447 A.
123.385 136.558 43.5511 7.7447 Consolidated
169.306 136.558 35.5505 7.7447 statements
207.29 136.558 12.2994 7.7447 and
222.087 136.558 17.7412 7.7447 other
242.382 136.558 28.3858 7.7447 financial
273.393 136.558 40.1394 7.7447 information

111.48 150.221 6.43117 7.7447 B.
123.385 150.221 35.2605 7.7447 Significant
161.312 150.221 26.5776 7.7447 changes

93.1118 172.388 6.99411 7.7447 X.
111.48 172.217 25.0935 7.91528 Details
139.146 172.217 7.46322 7.91528 of
149.181 172.217 11.5744 7.91528 the
163.354 172.217 17.5706 7.91528 offer
183.48 172.217 13.1609 7.91528 and
199.183 172.217 36.5058 7.91528 admission
238.245 172.217 7.62528 7.91528 to
248.449 172.217 25.9123 7.91528 trading
276.908 172.217 23.3109 7.91528 details

111.48 188.205 12.5467 7.7447 The
127.127 188.205 27.0723 7.7447 purpose
157.231 188.205 5.15176 7.7447 is
165.451 188.205 6.90028 7.7447 to
175.316 188.205 25.4432 7.7447 provide
203.832 188.205 40.1394 7.7447 information
246.974 188.205 31.6185 7.7447 regarding
281.784 188.205 10.4485 7.7447 the
295.334 188.205 15.6685 7.7447 offer
313.986 188.205 12.2994 7.7447 and
329.293 188.205 10.4485 7.7447 the
342.842 188.205 33.785 7.7447 admission
379.522 188.205 6.90028 7.7447 to
389.386 188.205 23.7544 7.7447 trading
416.258 188.205 6.82352 7.7447 of
426.066 188.205 32.4544 7.7447 securities,
461.669 188.205 10.4485 7.7447 the
475.219 188.205 14.5938 7.7447 plan
492.85 188.205 9.72352 7.7447 for

111.48 197.559 38.9282 7.7447 distribution
152.922 197.559 6.82352 7.7447 of
162.22 197.559 10.4485 7.7447 the
175.258 197.559 30.6035 7.7447 securities
208.537 197.559 12.2994 7.7447 and
223.334 197.559 22.347 7.7447 related
248.278 197.559 26.7567 7.7447 matters.

111.48 213.376 7.5144 7.7447 A.
123.499 213.376 17.4767 7.7447 Offer
143.511 213.376 12.2994 7.7447 and
158.364 213.376 33.785 7.7447 admission
194.534 213.376 6.90028 7.7447 to
203.945 213.376 23.7544 7.7447 trading

111.48 226.982 6.43117 7.7447 B.
123.499 226.982 14.1929 7.7447 Plan
140.166 226.982 9.72352 7.7447 for
152.412 226.982 38.9282 7.7447 distribution

111.48 240.645 6.85764 7.7447 C.
123.499 240.645 26.39 7.7447 Markets

111.48 254.308 7.66793 7.7447 D.
123.499 254.308 25.9208 7.7447 Holders
151.902 254.308 6.82352 7.7447 of
161.199 254.308 30.6035 7.7447 securities
194.478 254.308 14.7644 7.7447 who
211.769 254.308 10.0391 7.7447 are
224.468 254.308 21.2297 7.7447 selling

111.48 267.915 5.98764 7.7447 E.
123.499 267.915 27.7632 7.7447 Dilution
153.772 267.915 11.9497 7.7447 (for
168.229 267.915 20.4961 7.7447 equity
191.359 267.915 30.6035 7.7447 securities
224.638 267.915 17.0503 7.7447 only)

111.48 281.578 5.57823 7.7447 F.
123.499 281.578 30.1685 7.7447 Expenses
156.21 281.578 6.82352 7.7447 of
165.564 281.578 10.4485 7.7447 the
178.603 281.578 16.0609 7.7447 issue

93.1118 303.745 9.33969 7.7447 XI.
111.48 303.574 38.6211 7.91528 Additional
152.752 303.574 43.6449 7.91528 information

111.48 319.562 12.5467 7.7447 The
126.787 319.562 27.0723 7.7447 purpose
156.607 319.562 5.15176 7.7447 is
164.488 319.562 6.90028 7.7447 to
174.011 319.562 25.4432 7.7447 provide
202.245 319.562 41.9902 7.7447 information,
246.861 319.562 16.7517 7.7447 most
266.193 319.562 6.82352 7.7447 of
275.661 319.562 20.4194 7.7447 which
298.904 319.562 5.15176 7.7447 is
306.784 319.562 6.82352 7.7447 of
316.252 319.562 3.625 7.7447 a
322.658 319.562 29.7335 7.7447 statutory
355.03 319.562 23.1914 7.7447 nature,
380.995 319.562 13.067 7.7447 that
396.812 319.562 5.15176 7.7447 is
404.692 319.562 11.3612 7.7447 not
418.695 319.562 25.9635 7.7447 covered
447.381 319.562 32.4629 7.7447 elsewhere
482.701 319.562 6.55058 7.7447 in
491.999 319.562 10.4485 7.7447 the

111.48 328.916 38.0241 7.7447 prospectus.

111.48 344.677 7.5144 7.7447 A.
123.499 344.677 18.4832 7.7447 Share
144.588 344.677 21.8864 7.7447 capital

111.48 358.34 6.43117 7.7447 B.
123.499 358.34 47.6708 7.7447 Memorandum
173.615 358.34 12.2994 7.7447 and
188.468 358.34 23.3023 7.7447 articles
214.376 358.34 6.82352 7.7447 of
223.674 358.34 36.8385 7.7447 association

111.48 372.003 6.85764 7.7447 C.
123.499 372.003 26.987 7.7447 Material
153.149 372.003 30.5182 7.7447 contracts

111.48 385.666 7.66793 7.7447 D.
123.499 385.666 31.6355 7.7447 Exchange
157.854 385.666 27.3197 7.7447 controls

111.48 399.272 5.98764 7.7447 E.
123.499 399.272 29.29 7.7447 Taxation

111.48 412.936 5.57823 7.7447 F.
123.499 412.936 33.3585 7.7447 Dividends
159.328 412.936 12.2994 7.7447 and
174.125 412.936 22.4664 7.7447 paying
199.24 412.936 21.1273 7.7447 agents

111.48 426.599 7.52293 7.7447 G.
123.499 426.599 33.4438 7.7447 Statement
159.442 426.599 8.17969 7.7447 by
170.156 426.599 23.9164 7.7447 experts

111.48 440.205 7.61675 7.7447 H.
123.499 440.205 38.4079 7.7447 Documents
164.317 440.205 8.85352 7.7447 on
175.655 440.205 23.3961 7.7447 display

111.48 453.868 4.19646 7.7447 I.
123.499 453.868 34.51 7.7447 Subsidiary
160.575 453.868 40.1394 7.7447 information

41.9182 51.2759 45.0801 8.7128 31.12.2003

517.914 51.2759 4.55791 8.7128 L
525.397 51.2759 28.3358 8.7128 345/85

223.846 51.2759 27.5298 8.7128 Official
254.348 51.2759 27.098 8.7128 Journal
284.283 51.2759 7.67648 8.7128 of
294.771 51.2759 11.7546 8.7128 the
309.455 51.2759 35.7724 8.7128 European
348.235 51.2759 23.634 8.7128 Union

120.154 52.1989 9.8344 7.7447 EN

280.539 89.69 27.3026 7.77028 ANNEX
310.302 89.69 4.79352 7.77028 II

242.158 111.669 61.4202 7.91528 REGISTRATION
306.05 111.669 47.5173 7.91528 DOCUMENT

93.1136 134.007 4.19646 7.7447 I.

111.482 133.836 28.8891 7.91528 Identity
142.946 133.836 7.46322 7.91528 of
152.981 133.836 34.4417 7.91528 directors,
190.001 133.836 22.6285 7.91528 senior
215.172 133.836 48.0717 7.91528 management,
265.854 133.836 29.4605 7.91528 advisers
297.829 133.836 13.1609 7.91528 and
313.532 133.836 29.7761 7.91528 auditors

111.482 156.061 12.5467 7.7447 The
127.356 156.061 27.0723 7.7447 purpose
157.743 156.061 5.15176 7.7447 is
166.19 156.061 6.90028 7.7447 to
176.338 156.061 25.2044 7.7447 identify
204.855 156.061 10.4485 7.7447 the
218.631 156.061 31.1323 7.7447 company
252.986 156.061 49.5046 7.7447 representatives
305.937 156.061 12.2994 7.7447 and
321.47 156.061 17.7412 7.7447 other
342.56 156.061 36.1476 7.7447 individuals
381.961 156.061 28.5394 7.7447 involved
413.765 156.061 6.55058 7.7447 in
423.63 156.061 10.4485 7.7447 the
437.405 156.061 35.7467 7.7447 company's
476.296 156.061 15.6685 7.7447 offer
495.231 156.061 7.29264 7.7447 or

111.482 165.415 33.785 7.7447 admission
148.502 165.415 6.90028 7.7447 to
158.706 165.415 25.6053 7.7447 trading;
187.733 165.415 17.0247 7.7447 these
208.142 165.415 10.0391 7.7447 are
221.635 165.415 10.4485 7.7447 the
235.468 165.415 25.827 7.7447 persons
264.607 165.415 37.7852 7.7447 responsible
305.709 165.415 9.72352 7.7447 for
318.748 165.415 27.1917 7.7447 drawing
349.361 165.415 8.76822 7.7447 up
361.494 165.415 10.4485 7.7447 the
375.383 165.415 36.1732 7.7447 prospectus
414.897 165.415 12.2994 7.7447 and
430.487 165.415 17.9032 7.7447 those
451.69 165.415 37.7852 7.7447 responsible
492.792 165.415 9.72352 7.7447 for

111.482 174.826 27.277 7.7447 auditing
141.358 174.826 10.4485 7.7447 the
154.397 174.826 28.3858 7.7447 financial
185.351 174.826 37.4014 7.7447 statements.

93.1136 209.465 6.54205 7.7447 II.
111.482 209.294 14.3209 7.91528 Key
128.32 209.294 43.6449 7.91528 information
174.58 209.294 20.607 7.91528 about
197.711 209.294 11.5744 7.91528 the
211.885 209.294 21.1273 7.91528 issuer

111.482 231.461 12.5467 7.7447 The
128.035 231.461 27.0723 7.7447 purpose
159.103 231.461 5.15176 7.7447 is
168.23 231.461 6.90028 7.7447 to
179.002 231.461 36.1647 7.7447 summarise
219.141 231.461 11.5403 7.7447 key
234.617 231.461 40.1394 7.7447 information
278.667 231.461 19.14 7.7447 about
301.685 231.461 10.4485 7.7447 the
316.141 231.461 35.7467 7.7447 company's
355.712 231.461 28.3858 7.7447 financial
388.14 231.461 33.9897 7.7447 condition,
426.011 231.461 44.1141 7.7447 capitalisation
474.086 231.461 12.2994 7.7447 and
490.357 231.461 12.18 7.7447 risk

111.482 240.873 24.3003 7.7447 factors.
138.58 240.873 4.77646 7.7447 If
146.178 240.873 10.4485 7.7447 the
159.557 240.873 28.3858 7.7447 financial
190.851 240.873 35.5505 7.7447 statements
229.175 240.873 28.4285 7.7447 included
260.526 240.873 6.55058 7.7447 in
269.994 240.873 10.4485 7.7447 the
283.317 240.873 33.7423 7.7447 document
319.883 240.873 10.0391 7.7447 are
332.922 240.873 25.8441 7.7447 restated
361.665 240.873 6.90028 7.7447 to
371.36 240.873 20.4706 7.7447 reflect
394.774 240.873 27.1235 7.7447 material
424.82 240.873 26.5776 7.7447 changes
454.357 240.873 6.55058 7.7447 in
463.824 240.873 10.4485 7.7447 the
477.204 240.873 25.3494 7.7447 compa-

111.482 250.227 12.9732 7.7447 ny's
126.902 250.227 20.0185 7.7447 group
149.522 250.227 29.5885 7.7447 structure
181.723 250.227 7.29264 7.7447 or
191.587 250.227 36.8897 7.7447 accounting
231.045 250.227 27.0382 7.7447 policies,
260.695 250.227 10.4485 7.7447 the
273.734 250.227 25.9294 7.7447 selected
302.25 250.227 28.3858 7.7447 financial
333.204 250.227 13.9712 7.7447 data
349.702 250.227 16.692 7.7447 must
368.864 250.227 13.1523 7.7447 also
384.511 250.227 7.79587 7.7447 be
394.885 250.227 27.695 7.7447 restated.

111.482 272.281 7.5144 7.7447 A.
123.387 272.281 26.8847 7.7447 Selected
152.867 272.281 28.3858 7.7447 financial
183.821 272.281 13.9712 7.7447 data

111.482 290.082 6.43117 7.7447 B.
123.387 290.082 45.5896 7.7447 Capitalisation
171.518 290.082 12.2994 7.7447 and
186.315 290.082 42.8944 7.7447 indebtedness

111.482 307.884 6.85764 7.7447 C.
123.387 307.884 14.3209 7.7447 Risk
140.225 307.884 22.4494 7.7447 factors

93.1136 342.524 8.88763 7.7447 III.
111.482 342.353 44.0544 7.91528 Information
158.083 342.353 9.50175 7.91528 on
170.102 342.353 11.5744 7.91528 the
184.331 342.353 33.4352 7.91528 company

111.482 364.577 12.5467 7.7447 The
127.866 364.577 27.0723 7.7447 purpose
158.706 364.577 5.15176 7.7447 is
167.664 364.577 6.90028 7.7447 to
178.265 364.577 25.4432 7.7447 provide
207.518 364.577 40.1394 7.7447 information
251.342 364.577 19.14 7.7447 about
274.188 364.577 10.4485 7.7447 the
288.475 364.577 35.7467 7.7447 company's
327.876 364.577 27.8655 7.7447 business
359.453 364.577 37.2308 7.7447 operations,
400.442 364.577 10.4485 7.7447 the
414.672 364.577 29.3753 7.7447 products
447.781 364.577 4.59735 7.7447 it
456.171 364.577 21.1188 7.7447 makes
481.002 364.577 7.29264 7.7447 or
492.057 364.577 10.4485 7.7447 the

111.482 373.931 25.5711 7.7447 services
140.225 373.931 4.59735 7.7447 it
147.878 373.931 28.5053 7.7447 provides
179.513 373.931 12.2994 7.7447 and
194.82 373.931 10.4485 7.7447 the
208.37 373.931 22.4494 7.7447 factors
233.825 373.931 20.4194 7.7447 which
257.409 373.931 18.0397 7.7447 affect
278.555 373.931 10.4485 7.7447 the
292.104 373.931 29.7164 7.7447 business.
324.816 373.931 4.85323 7.7447 It
332.696 373.931 5.15176 7.7447 is
340.973 373.931 13.1523 7.7447 also
357.074 373.931 28.9744 7.7447 intended
389.105 373.931 6.90028 7.7447 to
399.026 373.931 25.4432 7.7447 provide
427.599 373.931 40.1394 7.7447 information
470.742 373.931 31.6185 7.7447 regarding

111.482 383.343 10.4485 7.7447 the
124.521 383.343 30.8935 7.7447 adequacy
158.082 383.343 12.2994 7.7447 and
172.935 383.343 32.5567 7.7447 suitability
208.084 383.343 6.82352 7.7447 of
217.438 383.343 10.4485 7.7447 the
230.477 383.343 35.7467 7.7447 company's
268.688 383.343 35.6017 7.7447 properties,
306.955 383.343 20.1635 7.7447 plants
329.575 383.343 12.2994 7.7447 and
344.428 383.343 37.6488 7.7447 equipment,
384.736 383.343 6.68705 7.7447 as
393.977 383.343 13.6044 7.7447 well
410.134 383.343 6.68705 7.7447 as
419.375 383.343 7.6594 7.7447 its
429.58 383.343 17.6559 7.7447 plans
449.762 383.343 9.72352 7.7447 for
462.008 383.343 20.0185 7.7447 future
484.685 383.343 17.7923 7.7447 capa-

111.482 392.697 12.0265 7.7447 city
126.108 392.697 29.7591 7.7447 increases
158.479 392.697 7.29264 7.7447 or
168.344 392.697 32.787 7.7447 decreases.

111.482 414.751 7.5144 7.7447 A.
123.5 414.751 24.6158 7.7447 History
150.656 414.751 12.2994 7.7447 and
165.453 414.751 43.3123 7.7447 development
211.26 414.751 6.82352 7.7447 of
220.558 414.751 10.4485 7.7447 the
233.597 414.751 31.1323 7.7447 company

111.482 432.552 6.43117 7.7447 B.
123.5 432.552 28.1641 7.7447 Business
154.171 432.552 30.1514 7.7447 overview

111.482 450.354 6.85764 7.7447 C.
123.5 450.354 49.0696 7.7447 Organisational
175.147 450.354 29.5885 7.7447 structure

111.482 468.156 7.66793 7.7447 D.
123.5 468.156 30.4329 7.7447 Property,
156.496 468.156 20.1635 7.7447 plants
179.116 468.156 12.2994 7.7447 and
193.912 468.156 35.7979 7.7447 equipment

93.1136 502.794 9.34822 7.7447 IV.
111.482 502.624 36.5911 7.91528 Operating
150.713 502.624 13.1609 7.91528 and
166.416 502.624 30.6717 7.91528 financial
199.694 502.624 25.2556 7.91528 review
227.53 502.624 13.1609 7.91528 and
243.234 502.624 34.9535 7.91528 prospects

111.482 524.848 12.5467 7.7447 The
127.979 524.848 27.0723 7.7447 purpose
158.933 524.848 5.15176 7.7447 is
168.004 524.848 6.90028 7.7447 to
178.719 524.848 25.4432 7.7447 provide
208.142 524.848 10.4485 7.7447 the
222.485 524.848 47.8585 7.7447 management's
274.188 524.848 39.167 7.7447 explanation
317.218 524.848 6.82352 7.7447 of
327.876 524.848 22.4494 7.7447 factors
354.181 524.848 13.067 7.7447 that
371.133 524.848 15.4638 7.7447 have
390.578 524.848 25.7673 7.7447 affected
420.228 524.848 10.4485 7.7447 the
434.571 524.848 35.7467 7.7447 company's
474.085 524.848 28.3858 7.7447 financial

111.482 534.202 32.1388 7.7447 condition
146.007 534.202 12.2994 7.7447 and
160.747 534.202 21.4514 7.7447 results
184.671 534.202 6.82352 7.7447 of
193.911 534.202 35.38 7.7447 operations
231.725 534.202 9.72352 7.7447 for
243.913 534.202 10.4485 7.7447 the
256.839 534.202 30.6973 7.7447 historical
290.061 534.202 24.6073 7.7447 periods
317.16 534.202 25.9635 7.7447 covered
345.676 534.202 8.17969 7.7447 by
356.334 534.202 10.4485 7.7447 the
369.317 534.202 28.3858 7.7447 financial
400.214 534.202 37.4014 7.7447 statements,
440.012 534.202 12.2994 7.7447 and
454.752 534.202 47.8585 7.7447 management's

111.482 543.614 36.6594 7.7447 assessment
150.656 543.614 6.82352 7.7447 of
160.124 543.614 22.4494 7.7447 factors
185.239 543.614 12.2994 7.7447 and
200.205 543.614 20.6582 7.7447 trends
223.506 543.614 20.4194 7.7447 which
246.749 543.614 10.0391 7.7447 are
259.562 543.614 29.2132 7.7447 expected
291.594 543.614 6.90028 7.7447 to
301.117 543.614 15.4638 7.7447 have
319.372 543.614 3.625 7.7447 a
325.779 543.614 27.1235 7.7447 material
355.655 543.614 17.9288 7.7447 effect
376.291 543.614 8.85352 7.7447 on
387.8 543.614 10.4485 7.7447 the
401.01 543.614 35.7467 7.7447 company's
439.334 543.614 28.3858 7.7447 financial
470.458 543.614 32.1388 7.7447 condition

111.482 552.968 12.2994 7.7447 and
126.278 552.968 21.4514 7.7447 results
150.203 552.968 6.82352 7.7447 of
159.557 552.968 35.38 7.7447 operations
197.427 552.968 6.55058 7.7447 in
206.555 552.968 20.0185 7.7447 future
229.175 552.968 26.4582 7.7447 periods.

111.482 574.964 7.5144 7.7447 A.
123.5 574.964 33.6911 7.7447 Operating
159.897 574.964 21.4514 7.7447 results

111.482 592.822 6.43117 7.7447 B.
123.5 592.822 29.4264 7.7447 Liquidity
155.588 592.822 12.2994 7.7447 and
170.441 592.822 21.8864 7.7447 capital
194.932 592.822 31.2091 7.7447 resources

111.482 610.624 6.85764 7.7447 C.
123.5 610.624 29.6141 7.7447 Research
155.815 610.624 12.2994 7.7447 and
170.612 610.624 45.1632 7.7447 development,
218.29 610.624 24.1126 7.7447 patents
244.879 610.624 12.2994 7.7447 and
259.732 610.624 27.6267 7.7447 licences,
289.949 610.624 11.4038 7.7447 etc.

111.482 628.426 7.66793 7.7447 D.
123.5 628.426 22.7564 7.7447 Trends

93.1136 663.065 7.00264 7.7447 V.
111.482 662.895 36.2244 7.91528 Directors,
150.259 662.895 22.6285 7.91528 senior
175.43 662.895 46.2208 7.91528 management
224.242 662.895 13.1609 7.91528 and
239.945 662.895 38.6808 7.91528 employees

111.482 685.062 12.5467 7.7447 The
127.015 685.062 27.0723 7.7447 purpose
157.006 685.062 5.15176 7.7447 is
165.113 685.062 6.90028 7.7447 to
174.864 685.062 25.4432 7.7447 provide
203.267 685.062 40.1394 7.7447 information
246.239 685.062 37.2991 7.7447 concerning
286.548 685.062 10.4485 7.7447 the
299.984 685.062 35.7467 7.7447 company's
338.534 685.062 29.1108 7.7447 directors
370.566 685.062 12.2994 7.7447 and
385.759 685.062 31.9341 7.7447 managers
420.625 685.062 13.067 7.7447 that
436.612 685.062 12.18 7.7447 will
451.749 685.062 18.1079 7.7447 allow
472.668 685.062 29.887 7.7447 investors

111.482 694.473 6.90028 7.7447 to
120.836 694.473 19.3873 7.7447 assess
142.663 694.473 15.4382 7.7447 their
160.804 694.473 37.3076 7.7447 experience,
200.885 694.473 44.4638 7.7447 qualifications
247.939 694.473 12.2994 7.7447 and
262.736 694.473 18.1335 7.7447 levels
283.428 694.473 6.82352 7.7447 of
292.726 694.473 47.3382 7.7447 remuneration,
342.729 694.473 6.68705 7.7447 as
351.913 694.473 13.6044 7.7447 well
368.071 694.473 6.68705 7.7447 as
377.311 694.473 15.4382 7.7447 their
395.396 694.473 39.5764 7.7447 relationship
437.575 694.473 14.9691 7.7447 with
455.093 694.473 10.4485 7.7447 the
468.132 694.473 32.9832 7.7447 company.

111.482 716.47 7.5144 7.7447 A.
123.5 716.47 30.7144 7.7447 Directors
156.779 716.47 12.2994 7.7447 and
171.576 716.47 20.4194 7.7447 senior
194.536 716.47 43.2441 7.7447 management

111.482 734.271 6.43117 7.7447 B.
123.5 734.271 47.6282 7.7447 Remuneration

111.482 752.129 6.85764 7.7447 C.
123.5 752.129 19.7114 7.7447 Board
145.781 752.129 29.1961 7.7447 practices

111.482 769.931 7.66793 7.7447 D.
123.5 769.931 35.815 7.7447 Employees

111.482 787.733 5.98764 7.7447 E.
123.5 787.733 18.4832 7.7447 Share
144.59 787.733 35.2264 7.7447 ownership

508.727 51.2759 45.0801 8.7128 31.12.2003

41.916 51.2759 4.55791 8.7128 L
49.3996 51.2759 28.3358 8.7128 345/86

223.846 51.2759 27.5298 8.7128 Official
254.347 51.2759 27.098 8.7128 Journal
284.283 51.2759 7.67648 8.7128 of
294.771 51.2759 11.7546 8.7128 the
309.455 51.2759 35.7724 8.7128 European
348.234 51.2759 23.634 8.7128 Union

120.154 52.1989 9.8344 7.7447 EN

93.1118 76.8603 9.34822 7.7447 VI.
111.48 76.6897 21.2894 7.91528 Major
135.234 76.6897 46.3146 7.91528 shareholders
184.046 76.6897 13.1609 7.91528 and
199.75 76.6897 46.7411 7.91528 related-party
249.016 76.6897 43.9605 7.91528 transactions

111.48 92.6772 12.5467 7.7447 The
127.24 92.6772 27.0723 7.7447 purpose
157.514 92.6772 5.15176 7.7447 is
165.904 92.6772 6.90028 7.7447 to
175.939 92.6772 25.4432 7.7447 provide
204.625 92.6772 40.1394 7.7447 information
247.825 92.6772 31.6185 7.7447 regarding
282.804 92.6772 10.4485 7.7447 the
296.523 92.6772 19.737 7.7447 major
319.427 92.6772 42.1096 7.7447 shareholders
364.725 92.6772 12.2994 7.7447 and
380.145 92.6772 20.8032 7.7447 others
404.125 92.6772 13.067 7.7447 that
420.396 92.6772 14.3123 7.7447 may
437.857 92.6772 24.2576 7.7447 control
465.24 92.6772 7.29264 7.7447 or
475.672 92.6772 15.4638 7.7447 have
494.437 92.6772 8.08587 7.7447 an

111.48 102.031 30.4073 7.7447 influence
144.872 102.031 8.85352 7.7447 on
156.607 102.031 10.4485 7.7447 the
170.044 102.031 32.9832 7.7447 company.
205.93 102.031 4.85323 7.7447 It
213.697 102.031 13.1523 7.7447 also
229.685 102.031 28.5053 7.7447 provides
261.149 102.031 40.1394 7.7447 information
304.178 102.031 31.6185 7.7447 regarding
338.874 102.031 40.2247 7.7447 transactions
381.96 102.031 10.4485 7.7447 the
395.396 102.031 31.1323 7.7447 company
429.469 102.031 11.1138 7.7447 has
443.529 102.031 24.6244 7.7447 entered
471.137 102.031 13.4509 7.7447 into
487.521 102.031 14.9691 7.7447 with

111.48 111.443 25.827 7.7447 persons
139.769 111.443 28.5991 7.7447 affiliated
170.893 111.443 14.9691 7.7447 with
188.468 111.443 10.4485 7.7447 the
201.507 111.443 31.1323 7.7447 company
235.182 111.443 12.2994 7.7447 and
249.979 111.443 27.2344 7.7447 whether
279.855 111.443 10.4485 7.7447 the
292.894 111.443 18.7732 7.7447 terms
314.211 111.443 6.82352 7.7447 of
323.509 111.443 15.3529 7.7447 such
341.424 111.443 40.2247 7.7447 transactions
384.114 111.443 10.0391 7.7447 are
396.813 111.443 11.0456 7.7447 fair
410.476 111.443 6.90028 7.7447 to
419.888 111.443 10.4485 7.7447 the
432.927 111.443 32.9832 7.7447 company.

111.48 127.203 7.5144 7.7447 A.
123.385 127.203 19.6006 7.7447 Major
145.552 127.203 42.1096 7.7447 shareholders

111.48 140.867 6.43117 7.7447 B.
123.385 140.867 44.4296 7.7447 Related-party
170.439 140.867 40.2247 7.7447 transactions

111.48 154.473 6.85764 7.7447 C.
123.385 154.473 27.8741 7.7447 Interests
153.772 154.473 6.82352 7.7447 of
163.07 154.473 23.9164 7.7447 experts
189.601 154.473 12.2994 7.7447 and
204.398 154.473 26.3644 7.7447 advisers

93.1118 176.696 11.6938 7.7447 VII.
111.48 176.525 32.0705 7.91528 Financial
146.176 176.525 43.6449 7.91528 information

111.48 192.457 12.5467 7.7447 The
127.127 192.457 27.0723 7.7447 purpose
157.231 192.457 5.15176 7.7447 is
165.394 192.457 6.90028 7.7447 to
175.316 192.457 22.9611 7.7447 specify
201.337 192.457 20.4194 7.7447 which
224.921 192.457 28.3858 7.7447 financial
256.329 192.457 35.5505 7.7447 statements
294.823 192.457 16.692 7.7447 must
314.495 192.457 7.79587 7.7447 be
325.323 192.457 28.4285 7.7447 included
356.787 192.457 6.55058 7.7447 in
366.424 192.457 10.4485 7.7447 the
379.917 192.457 35.5932 7.7447 document,
418.467 192.457 6.68705 7.7447 as
428.162 192.457 13.6044 7.7447 well
444.829 192.457 6.68705 7.7447 as
454.524 192.457 10.4485 7.7447 the
468.016 192.457 24.6073 7.7447 periods
495.682 192.457 6.90028 7.7447 to

111.48 201.811 7.79587 7.7447 be
122.705 201.811 27.8144 7.7447 covered,
154.055 201.811 10.4485 7.7447 the
168.002 201.811 11.0967 7.7447 age
182.628 201.811 6.82352 7.7447 of
192.832 201.811 10.4485 7.7447 the
206.779 201.811 28.3858 7.7447 financial
238.64 201.811 35.5505 7.7447 statements
277.474 201.811 12.2994 7.7447 and
293.235 201.811 17.7412 7.7447 other
314.438 201.811 40.1394 7.7447 information
357.921 201.811 6.82352 7.7447 of
368.125 201.811 3.625 7.7447 a
375.211 201.811 28.3858 7.7447 financial
407.072 201.811 23.1914 7.7447 nature.
433.774 201.811 12.5467 7.7447 The
449.875 201.811 36.8897 7.7447 accounting
490.24 201.811 12.2994 7.7447 and

111.48 211.222 27.277 7.7447 auditing
141.753 211.222 32.5908 7.7447 principles
177.413 211.222 13.067 7.7447 that
193.457 211.222 12.18 7.7447 will
208.594 211.222 7.79587 7.7447 be
219.366 211.222 28.872 7.7447 accepted
251.284 211.222 9.72352 7.7447 for
263.983 211.222 10.9091 7.7447 use
277.872 211.222 6.55058 7.7447 in
287.397 211.222 38.8855 7.7447 preparation
329.35 211.222 12.2994 7.7447 and
344.6 211.222 16.7688 7.7447 audit
364.329 211.222 6.82352 7.7447 of
374.08 211.222 10.4485 7.7447 the
387.516 211.222 28.3858 7.7447 financial
418.924 211.222 35.5505 7.7447 statements
457.304 211.222 12.18 7.7447 will
472.442 211.222 7.79587 7.7447 be
483.27 211.222 19.2253 7.7447 deter-

111.48 220.576 21.0676 7.7447 mined
135.064 220.576 6.55058 7.7447 in
144.191 220.576 37.3247 7.7447 accordance
184.103 220.576 14.9691 7.7447 with
201.677 220.576 42.7067 7.7447 international
246.974 220.576 36.8897 7.7447 accounting
286.489 220.576 12.2994 7.7447 and
301.285 220.576 27.277 7.7447 auditing
331.162 220.576 33.5205 7.7447 standards.

111.48 236.393 7.5144 7.7447 A.
123.385 236.393 43.5511 7.7447 Consolidated
169.306 236.393 35.5505 7.7447 statements
207.29 236.393 12.2994 7.7447 and
222.087 236.393 17.7412 7.7447 other
242.382 236.393 28.3858 7.7447 financial
273.393 236.393 40.1394 7.7447 information

111.48 249.999 6.43117 7.7447 B.
123.385 249.999 35.2605 7.7447 Significant
161.312 249.999 26.5776 7.7447 changes

93.1118 272.223 14.0394 7.7447 VIII.
111.48 272.052 38.6211 7.91528 Additional
152.752 272.052 43.6449 7.91528 information

111.48 287.983 12.5467 7.7447 The
126.787 287.983 27.0723 7.7447 purpose
156.607 287.983 5.15176 7.7447 is
164.488 287.983 6.90028 7.7447 to
174.011 287.983 25.4432 7.7447 provide
202.245 287.983 41.9902 7.7447 information,
246.861 287.983 16.7517 7.7447 most
266.193 287.983 6.82352 7.7447 of
275.661 287.983 20.4194 7.7447 which
298.904 287.983 5.15176 7.7447 is
306.784 287.983 6.82352 7.7447 of
316.252 287.983 3.625 7.7447 a
322.658 287.983 29.7335 7.7447 statutory
355.03 287.983 23.1914 7.7447 nature,
380.995 287.983 13.067 7.7447 that
396.812 287.983 5.15176 7.7447 is
404.692 287.983 11.3612 7.7447 not
418.695 287.983 25.9635 7.7447 covered
447.381 287.983 32.4629 7.7447 elsewhere
482.701 287.983 6.55058 7.7447 in
491.999 287.983 10.4485 7.7447 the

111.48 297.338 38.0241 7.7447 prospectus.

111.48 313.155 7.5144 7.7447 A.
123.499 313.155 18.4832 7.7447 Share
144.588 313.155 21.8864 7.7447 capital

111.48 326.818 6.43117 7.7447 B.
123.499 326.818 47.6708 7.7447 Memorandum
173.615 326.818 12.2994 7.7447 and
188.468 326.818 23.3023 7.7447 articles
214.376 326.818 6.82352 7.7447 of
223.674 326.818 36.8385 7.7447 association

111.48 340.424 6.85764 7.7447 C.
123.499 340.424 26.987 7.7447 Material
153.149 340.424 30.5182 7.7447 contracts

111.48 354.087 7.66793 7.7447 D.
123.499 354.087 33.4438 7.7447 Statement
159.442 354.087 8.17969 7.7447 by
170.156 354.087 23.9164 7.7447 experts

111.48 367.75 5.98764 7.7447 E.
123.499 367.75 38.4079 7.7447 Documents
164.317 367.75 8.85352 7.7447 on
175.655 367.75 23.3961 7.7447 display

111.48 381.356 5.57823 7.7447 F.
123.499 381.356 34.51 7.7447 Subsidiary
160.575 381.356 40.1394 7.7447 information

41.9182 51.2759 45.0801 8.7128 31.12.2003

517.914 51.2759 4.55791 8.7128 L
525.397 51.2759 28.3358 8.7128 345/87

223.846 51.2759 27.5298 8.7128 Official
254.348 51.2759 27.098 8.7128 Journal
284.283 51.2759 7.67648 8.7128 of
294.771 51.2759 11.7546 8.7128 the
309.455 51.2759 35.7724 8.7128 European
348.235 51.2759 23.634 8.7128 Union

120.154 52.1989 9.8344 7.7447 EN

279.348 89.69 27.3026 7.77028 ANNEX
309.111 89.69 7.19028 7.77028 III

262.17 111.669 46.5279 7.91528 SECURITIES
311.095 111.669 22.3726 7.91528 NOTE

93.1128 134.007 4.19646 7.7447 I.
106.832 133.836 28.8891 7.91528 Identity
138.354 133.836 7.46322 7.91528 of
148.388 133.836 34.4417 7.91528 directors,
185.351 133.836 22.6285 7.91528 senior
210.58 133.836 48.0717 7.91528 management,
261.262 133.836 29.4605 7.91528 advisers
293.236 133.836 13.1609 7.91528 and
308.94 133.836 29.7761 7.91528 auditors

106.832 149.824 12.5467 7.7447 The
123.047 149.824 27.0723 7.7447 purpose
153.718 149.824 5.15176 7.7447 is
162.448 149.824 6.90028 7.7447 to
172.88 149.824 25.2044 7.7447 identify
201.679 149.824 10.4485 7.7447 the
215.739 149.824 31.1323 7.7447 company
250.378 149.824 49.5046 7.7447 representatives
303.612 149.824 12.2994 7.7447 and
319.429 149.824 17.7412 7.7447 other
340.801 149.824 36.1476 7.7447 individuals
380.543 149.824 28.5394 7.7447 involved
412.63 149.824 6.55058 7.7447 in
422.778 149.824 10.4485 7.7447 the
436.838 149.824 35.7467 7.7447 company's
476.013 149.824 15.6685 7.7447 offer
495.231 149.824 7.29264 7.7447 or

106.832 159.178 33.785 7.7447 admission
144.136 159.178 6.90028 7.7447 to
154.623 159.178 25.6053 7.7447 trading;
183.99 159.178 17.0247 7.7447 these
204.682 159.178 10.0391 7.7447 are
218.458 159.178 10.4485 7.7447 the
232.574 159.178 25.827 7.7447 persons
261.997 159.178 37.7852 7.7447 responsible
303.383 159.178 9.72352 7.7447 for
316.706 159.178 27.1917 7.7447 drawing
347.66 159.178 8.76822 7.7447 up
360.075 159.178 10.4485 7.7447 the
374.249 159.178 36.1732 7.7447 prospectus
414.047 159.178 12.2994 7.7447 and
429.921 159.178 17.9032 7.7447 those
451.464 159.178 37.7852 7.7447 responsible
492.849 159.178 9.72352 7.7447 for

106.832 168.589 27.277 7.7447 auditing
136.766 168.589 10.4485 7.7447 the
149.805 168.589 28.3858 7.7447 financial
180.759 168.589 37.4014 7.7447 statements.

93.1128 190.757 6.54205 7.7447 II.
106.832 190.586 19.4897 7.91528 Offer
128.942 190.586 31.1835 7.91528 statistics
162.731 190.586 13.1609 7.91528 and
178.434 190.586 32.4458 7.91528 expected
213.583 190.586 33.8873 7.91528 timetable

106.832 206.517 12.5467 7.7447 The
122.763 206.517 27.0723 7.7447 purpose
153.15 206.517 5.15176 7.7447 is
161.597 206.517 6.90028 7.7447 to
171.745 206.517 25.4432 7.7447 provide
200.545 206.517 11.5403 7.7447 key
215.398 206.517 40.1394 7.7447 information
258.711 206.517 31.6185 7.7447 regarding
293.86 206.517 10.4485 7.7447 the
307.637 206.517 26.97 7.7447 conduct
337.854 206.517 6.82352 7.7447 of
347.889 206.517 11.9838 7.7447 any
363.195 206.517 15.6685 7.7447 offer
382.131 206.517 12.2994 7.7447 and
397.664 206.517 10.4485 7.7447 the
411.441 206.517 44.0032 7.7447 identification
458.779 206.517 6.82352 7.7447 of
468.87 206.517 33.7082 7.7447 important

106.832 215.928 16.9223 7.7447 dates
126.278 215.928 25.1276 7.7447 relating
154.057 215.928 6.90028 7.7447 to
163.468 215.928 13.067 7.7447 that
179.058 215.928 17.5194 7.7447 offer.

106.832 231.689 7.5144 7.7447 A.
118.795 231.689 17.4767 7.7447 Offer
138.807 231.689 28.0447 7.7447 statistics

106.832 245.352 6.43117 7.7447 B.
118.795 245.352 25.7076 7.7447 Method
146.971 245.352 12.2994 7.7447 and
161.824 245.352 29.2132 7.7447 expected
193.685 245.352 30.902 7.7447 timetable

93.1128 267.519 8.88763 7.7447 III.
106.832 267.349 14.3209 7.91528 Key
123.67 267.349 43.6449 7.91528 information
169.931 267.349 20.607 7.91528 about
193.118 267.349 11.5744 7.91528 the
207.292 267.349 21.1273 7.91528 issuer

106.832 283.28 12.5467 7.7447 The
123.727 283.28 27.0723 7.7447 purpose
155.134 283.28 5.15176 7.7447 is
164.602 283.28 6.90028 7.7447 to
175.714 283.28 36.1647 7.7447 summarise
216.136 283.28 11.5403 7.7447 key
232.01 283.28 40.1394 7.7447 information
276.343 283.28 19.14 7.7447 about
299.757 283.28 10.4485 7.7447 the
314.497 283.28 35.7467 7.7447 company's
354.408 283.28 28.3858 7.7447 financial
387.12 283.28 33.9897 7.7447 condition,
425.387 283.28 44.1141 7.7447 capitalisation
473.802 283.28 12.2994 7.7447 and
490.356 283.28 12.18 7.7447 risk

106.832 292.691 24.3003 7.7447 factors.
133.648 292.691 4.77646 7.7447 If
140.905 292.691 10.4485 7.7447 the
153.944 292.691 28.3858 7.7447 financial
184.898 292.691 35.5505 7.7447 statements
222.882 292.691 28.4285 7.7447 included
253.892 292.691 6.55058 7.7447 in
263.019 292.691 10.4485 7.7447 the
276.058 292.691 33.7423 7.7447 document
312.228 292.691 10.0391 7.7447 are
324.927 292.691 25.8441 7.7447 restated
353.33 292.691 6.90028 7.7447 to
362.741 292.691 20.4706 7.7447 reflect
385.815 292.691 27.1235 7.7447 material
415.522 292.691 26.5776 7.7447 changes
444.718 292.691 6.55058 7.7447 in
453.845 292.691 10.4485 7.7447 the
466.884 292.691 35.7467 7.7447 company's

106.832 302.046 20.0185 7.7447 group
129.452 302.046 29.5885 7.7447 structure
161.653 302.046 7.29264 7.7447 or
171.518 302.046 36.8897 7.7447 accounting
211.032 302.046 27.0382 7.7447 policies,
240.682 302.046 10.4485 7.7447 the
253.721 302.046 25.9294 7.7447 selected
282.18 302.046 28.3858 7.7447 financial
313.134 302.046 13.9712 7.7447 data
329.631 302.046 16.692 7.7447 must
348.794 302.046 13.1523 7.7447 also
364.441 302.046 7.79587 7.7447 be
374.815 302.046 27.695 7.7447 restated.

106.832 317.862 7.5144 7.7447 A.
118.795 317.862 45.5896 7.7447 Capitalisation
166.87 317.862 12.2994 7.7447 and
181.723 317.862 42.8944 7.7447 indebtedness

106.832 331.469 6.43117 7.7447 B.
118.795 331.469 27.1576 7.7447 Reasons
148.445 331.469 9.72352 7.7447 for
160.633 331.469 10.4485 7.7447 the
173.672 331.469 15.6685 7.7447 offer
191.87 331.469 12.2994 7.7447 and
206.667 331.469 10.9091 7.7447 use
220.16 331.469 6.82352 7.7447 of
229.458 331.469 29.5629 7.7447 proceeds

106.832 345.132 6.85764 7.7447 C.
118.795 345.132 14.3209 7.7447 Risk
135.633 345.132 22.4494 7.7447 factors

93.1128 367.299 9.34822 7.7447 IV.
106.832 367.128 31.4735 7.91528 Interests
140.905 367.128 7.46322 7.91528 of
150.94 367.128 26.8079 7.91528 experts

106.832 383.06 12.5467 7.7447 The
122.139 383.06 27.0723 7.7447 purpose
151.903 383.06 5.15176 7.7447 is
159.783 383.06 6.90028 7.7447 to
169.307 383.06 25.4432 7.7447 provide
197.483 383.06 40.1394 7.7447 information
240.229 383.06 31.6185 7.7447 regarding
274.698 383.06 40.2247 7.7447 transactions
317.557 383.06 10.4485 7.7447 the
330.709 383.06 31.1323 7.7447 company
364.498 383.06 11.1138 7.7447 has
378.274 383.06 24.6244 7.7447 entered
405.656 383.06 13.4509 7.7447 into
421.757 383.06 14.9691 7.7447 with
439.502 383.06 23.9164 7.7447 experts
466.147 383.06 7.29264 7.7447 or
476.125 383.06 26.3644 7.7447 advisers

106.832 392.471 32.8297 7.7447 employed
142.152 392.471 8.85352 7.7447 on
153.49 392.471 3.625 7.7447 a
159.726 392.471 35.8832 7.7447 contingent
198.163 392.471 17.9714 7.7447 basis.

93.1128 414.638 7.00264 7.7447 V.
106.832 414.467 25.0935 7.91528 Details
134.498 414.467 7.46322 7.91528 of
144.533 414.467 11.5744 7.91528 the
158.763 414.467 17.5706 7.91528 offer
178.889 414.467 13.1609 7.91528 and
194.592 414.467 36.5058 7.91528 admission
233.653 414.467 7.62528 7.91528 to
243.802 414.467 25.9123 7.91528 trading

106.832 430.399 12.5467 7.7447 The
122.763 430.399 27.0723 7.7447 purpose
153.15 430.399 5.15176 7.7447 is
161.597 430.399 6.90028 7.7447 to
171.745 430.399 25.4432 7.7447 provide
200.545 430.399 40.1394 7.7447 information
243.858 430.399 31.6185 7.7447 regarding
278.951 430.399 10.4485 7.7447 the
292.726 430.399 15.6685 7.7447 offer
311.662 430.399 12.2994 7.7447 and
327.252 430.399 10.4485 7.7447 the
341.028 430.399 33.785 7.7447 admission
377.991 430.399 6.90028 7.7447 to
388.139 430.399 23.7544 7.7447 trading
415.238 430.399 6.82352 7.7447 of
425.272 430.399 32.4544 7.7447 securities,
461.159 430.399 10.4485 7.7447 the
474.935 430.399 14.5938 7.7447 plan
492.793 430.399 9.72352 7.7447 for

106.832 439.81 38.9282 7.7447 distribution
148.274 439.81 6.82352 7.7447 of
157.572 439.81 10.4485 7.7447 the
170.611 439.81 30.6035 7.7447 securities
203.889 439.81 12.2994 7.7447 and
218.742 439.81 22.347 7.7447 related
243.687 439.81 26.7567 7.7447 matters.

106.832 455.571 7.5144 7.7447 A.
118.851 455.571 17.4767 7.7447 Offer
138.92 455.571 12.2994 7.7447 and
153.717 455.571 33.785 7.7447 admission
189.943 455.571 6.90028 7.7447 to
199.354 455.571 23.7544 7.7447 trading

106.832 469.234 6.43117 7.7447 B.
118.851 469.234 14.1929 7.7447 Plan
135.518 469.234 9.72352 7.7447 for
147.764 469.234 38.9282 7.7447 distribution

106.832 482.897 6.85764 7.7447 C.
118.851 482.897 26.39 7.7447 Markets

106.832 496.503 7.66793 7.7447 D.
118.851 496.503 22.185 7.7447 Selling
143.626 496.503 30.6035 7.7447 securities
176.904 496.503 24.5817 7.7447 holders

106.832 510.166 5.98764 7.7447 E.
118.851 510.166 27.7632 7.7447 Dilution
149.125 510.166 11.9497 7.7447 (for
163.581 510.166 20.4961 7.7447 equity
186.768 510.166 30.6035 7.7447 securities
220.046 510.166 17.0503 7.7447 only)

106.832 523.83 5.57823 7.7447 F.
118.851 523.83 30.1685 7.7447 Expenses
151.619 523.83 6.82352 7.7447 of
160.917 523.83 10.4485 7.7447 the
173.956 523.83 16.0609 7.7447 issue

93.1128 545.997 9.34822 7.7447 VI.
106.832 545.826 38.6211 7.91528 Additional
148.104 545.826 43.6449 7.91528 information

106.832 561.757 12.5467 7.7447 The
122.422 561.757 27.0723 7.7447 purpose
152.469 561.757 5.15176 7.7447 is
160.519 561.757 6.90028 7.7447 to
170.327 561.757 25.4432 7.7447 provide
198.786 561.757 41.9902 7.7447 information,
243.629 561.757 16.7517 7.7447 most
263.188 561.757 6.82352 7.7447 of
272.939 561.757 20.4194 7.7447 which
296.409 561.757 5.15176 7.7447 is
304.517 561.757 6.82352 7.7447 of
314.211 561.757 3.625 7.7447 a
320.787 561.757 29.7335 7.7447 statutory
353.385 561.757 23.1914 7.7447 nature,
379.633 561.757 13.067 7.7447 that
395.621 561.757 5.15176 7.7447 is
403.728 561.757 11.3612 7.7447 not
417.958 561.757 25.9635 7.7447 covered
446.928 561.757 32.4629 7.7447 elsewhere
482.474 561.757 6.55058 7.7447 in
491.999 561.757 10.4485 7.7447 the

106.832 571.169 38.0241 7.7447 prospectus.

106.832 586.929 7.5144 7.7447 A.
118.851 586.929 31.6355 7.7447 Exchange
153.207 586.929 27.3197 7.7447 controls

106.832 600.592 6.43117 7.7447 B.
118.851 600.592 29.29 7.7447 Taxation

106.832 614.256 6.85764 7.7447 C.
118.851 614.256 33.3585 7.7447 Dividends
154.738 614.256 12.2994 7.7447 and
169.535 614.256 22.4664 7.7447 paying
194.649 614.256 21.1273 7.7447 agents

106.832 627.862 7.66793 7.7447 D.
118.851 627.862 33.4438 7.7447 Statement
154.794 627.862 8.17969 7.7447 by
165.566 627.862 23.9164 7.7447 experts

106.832 641.525 5.98764 7.7447 E.
118.851 641.525 38.4079 7.7447 Documents
159.669 641.525 8.85352 7.7447 on
171.065 641.525 23.3961 7.7447 display

508.727 51.2759 45.0801 8.7128 31.12.2003

41.916 51.2759 4.55791 8.7128 L
49.3996 51.2759 28.3358 8.7128 345/88

223.846 51.2759 27.5298 8.7128 Official
254.347 51.2759 27.098 8.7128 Journal
284.283 51.2759 7.67648 8.7128 of
294.771 51.2759 11.7546 8.7128 the
309.455 51.2759 35.7724 8.7128 European
348.234 51.2759 23.634 8.7128 Union

120.154 52.1989 9.8344 7.7447 EN

279.121 89.69 27.3026 7.77028 ANNEX
308.885 89.69 7.5997 7.77028 IV

264.155 111.669 42.3741 7.91528 SUMMARY
309.112 111.669 22.3726 7.91528 NOTE

93.113 134.007 12.5467 7.7447 The
108.477 134.007 31.3967 7.7447 summary
142.606 134.007 14.8753 7.7447 note
160.237 134.007 15.2591 7.7447 shall
178.208 134.007 25.4432 7.7447 provide
206.441 134.007 6.55058 7.7447 in
215.796 134.007 3.625 7.7447 a
222.202 134.007 11.89 7.7447 few
236.885 134.007 18.5941 7.7447 pages
258.316 134.007 10.4485 7.7447 the
271.581 134.007 16.7517 7.7447 most
290.913 134.007 33.7082 7.7447 important
327.366 134.007 40.1394 7.7447 information
370.168 134.007 28.4285 7.7447 included
401.349 134.007 6.55058 7.7447 in
410.704 134.007 10.4485 7.7447 the
423.969 134.007 38.0241 7.7447 prospectus,
464.731 134.007 28.7441 7.7447 covering
496.366 134.007 6.13264 7.7447 at

93.113 143.418 14.7815 7.7447 least
110.404 143.418 10.4485 7.7447 the
123.443 143.418 31.8147 7.7447 following
157.741 143.418 19.8138 7.7447 items:

105.586 157.082 25.2811 7.7447 identity
133.478 157.082 6.82352 7.7447 of
142.776 157.082 30.9617 7.7447 directors,
176.338 157.082 20.4194 7.7447 senior
199.298 157.082 45.0949 7.7447 management,
246.977 157.082 26.3644 7.7447 advisers
275.89 157.082 12.2994 7.7447 and
290.686 157.082 27.1235 7.7447 auditors

105.586 170.688 15.6685 7.7447 offer
123.784 170.688 28.0447 7.7447 statistics
154.284 170.688 12.2994 7.7447 and
169.137 170.688 29.2132 7.7447 expected
200.998 170.688 30.902 7.7447 timetable

105.586 184.351 11.5403 7.7447 key
120.212 184.351 40.1394 7.7447 information
163.354 184.351 37.2991 7.7447 concerning
203.776 184.351 25.9294 7.7447 selected
232.802 184.351 28.3858 7.7447 financial
264.266 184.351 15.822 7.7447 data;
283.145 184.351 44.1141 7.7447 capitalisation
330.369 184.351 12.2994 7.7447 and
345.676 184.351 44.7452 7.7447 indebtedness;
393.411 184.351 25.0167 7.7447 reasons
421.417 184.351 9.72352 7.7447 for
434.173 184.351 10.4485 7.7447 the
447.723 184.351 15.6685 7.7447 offer
466.431 184.351 12.2994 7.7447 and
481.738 184.351 10.9091 7.7447 use
495.741 184.351 6.82352 7.7447 of

105.586 193.762 31.4138 7.7447 proceeds;
139.601 193.762 12.18 7.7447 risk
154.284 193.762 22.4494 7.7447 factors

105.586 207.368 40.1394 7.7447 information
148.218 207.368 37.2991 7.7447 concerning
188.13 207.368 10.4485 7.7447 the
201.169 207.368 18.9609 7.7447 issuer

118.058 218.877 23.2767 7.7447 history
143.91 218.877 12.2994 7.7447 and
158.707 218.877 43.3123 7.7447 development
204.514 218.877 6.82352 7.7447 of
213.812 218.877 10.4485 7.7447 the
226.851 218.877 18.9609 7.7447 issuer

118.058 230.386 27.8655 7.7447 business
148.445 230.386 30.1514 7.7447 overview

105.586 244.049 31.8829 7.7447 operating
140.111 244.049 12.2994 7.7447 and
154.908 244.049 28.3858 7.7447 financial
185.918 244.049 21.8609 7.7447 review
210.466 244.049 12.2994 7.7447 and
225.319 244.049 31.8403 7.7447 prospects

118.058 255.558 27.4732 7.7447 research
148.218 255.558 12.2994 7.7447 and
163.071 255.558 45.1632 7.7447 development,
210.75 255.558 24.1126 7.7447 patents
237.338 255.558 12.2994 7.7447 and
252.135 255.558 27.6267 7.7447 licences,
282.409 255.558 11.4038 7.7447 etc.

118.058 267.067 20.6582 7.7447 trends

105.586 280.73 30.9617 7.7447 directors,
139.147 280.73 20.4194 7.7447 senior
162.107 280.73 43.2441 7.7447 management
207.914 280.73 12.2994 7.7447 and
222.768 280.73 35.1923 7.7447 employees

105.586 294.393 19.737 7.7447 major
127.865 294.393 42.1096 7.7447 shareholders
172.539 294.393 12.2994 7.7447 and
187.336 294.393 42.2888 7.7447 related-party
232.236 294.393 40.2247 7.7447 transactions

105.586 308.056 28.3858 7.7447 financial
136.596 308.056 40.1394 7.7447 information

118.058 319.565 42.0755 7.7447 consolidated
162.561 319.565 32.4885 7.7447 statement
197.484 319.565 12.2994 7.7447 and
212.337 319.565 17.7412 7.7447 other
232.633 319.565 28.3858 7.7447 financial
263.587 319.565 40.1394 7.7447 information

118.058 331.074 34.3052 7.7447 significant
154.965 331.074 26.5776 7.7447 changes

105.586 344.68 21.0847 7.7447 details
129.169 344.68 8.85352 7.7447 on
140.565 344.68 10.4485 7.7447 the
153.604 344.68 15.6685 7.7447 offer
171.745 344.68 12.2994 7.7447 and
186.598 344.68 33.785 7.7447 admission
222.824 344.68 6.90028 7.7447 to
232.178 344.68 23.7544 7.7447 trading

118.058 356.245 15.6685 7.7447 offer
136.256 356.245 12.2994 7.7447 and
151.053 356.245 33.785 7.7447 admission
187.279 356.245 6.90028 7.7447 to
196.691 356.245 23.7544 7.7447 trading

118.058 367.754 14.5938 7.7447 plan
135.179 367.754 9.72352 7.7447 for
147.425 367.754 38.9282 7.7447 distribution

118.058 379.262 26.5264 7.7447 markets

118.058 390.771 21.2297 7.7447 selling
141.869 390.771 42.1096 7.7447 shareholders

118.058 402.28 26.1597 7.7447 dilution
146.744 402.28 11.9497 7.7447 (for
161.201 402.28 20.4961 7.7447 equity
184.331 402.28 30.6035 7.7447 securities
217.609 402.28 17.0503 7.7447 only)

118.058 413.788 29.5458 7.7447 expenses
150.203 413.788 6.82352 7.7447 of
159.501 413.788 10.4485 7.7447 the
172.54 413.788 16.0609 7.7447 issue

105.586 427.452 33.2902 7.7447 additional
141.359 427.452 40.1394 7.7447 information

118.058 438.96 17.5279 7.7447 share
138.184 438.96 21.8864 7.7447 capital

118.058 450.469 47.8073 7.7447 memorandum
168.288 450.469 12.2994 7.7447 and
183.141 450.469 23.3023 7.7447 articles
209.049 450.469 6.82352 7.7447 of
218.347 450.469 46.1782 7.7447 incorporation

118.058 461.978 36.8044 7.7447 documents
157.289 461.978 28.8038 7.7447 available
188.697 461.978 9.72352 7.7447 for
200.943 461.978 34.5441 7.7447 inspection

41.9182 51.2759 45.0801 8.7128 31.12.2003

517.914 51.2759 4.55791 8.7128 L
525.397 51.2759 28.3358 8.7128 345/89

223.846 51.2759 27.5298 8.7128 Official
254.348 51.2759 27.098 8.7128 Journal
284.283 51.2759 7.67648 8.7128 of
294.771 51.2759 11.7546 8.7128 the
309.455 51.2759 35.7724 8.7128 European
348.235 51.2759 23.634 8.7128 Union

120.154 52.1989 9.8344 7.7447 EN
