595.38 841.92
28.38 784.188 33.348 22.2 EN

533.62 784.188 33.348 22.2 EN

203.252 112.972 63.9511 10.5367 EUROPEAN

203.252 126.044 74.6153 10.5367 COMMISSION

324.228 190.786 43.0917 10.679 Brussels,
370.29 190.786 41.6066 10.679 4.5.2017

324.228 204.431 58.715 10.679 COM(2017)
385.878 204.431 17.8212 10.679 208
406.669 204.431 21.7419 10.679 final

324.228 229.942 50.8261 10.679 2017/0090
378.025 229.942 32.993 10.679 (COD)

262.805 303.301 41.5472 10.679 Proposal
307.322 303.301 13.853 10.679 for
324.098 303.301 5.27508 10.679 a

87.1567 334.982 81.1341 10.679 REGULATION
171.261 334.982 16.5024 10.679 OF
190.627 334.982 25.2467 10.679 THE
218.867 334.982 66.5563 10.679 EUROPEAN
288.453 334.982 81.0984 10.679 PARLIAMENT
372.522 334.982 25.6982 10.679 AND
401.19 334.982 16.6094 10.679 OF
420.639 334.982 25.116 10.679 THE
448.773 334.982 56.0537 10.679 COUNCIL

98.5623 366.426 50.2202 10.679 amending
151.753 366.426 55.4121 10.679 Regulation
210.183 366.426 24.2844 10.679 (EU)
237.378 366.426 14.5184 10.679 No
254.866 366.426 44.8857 10.679 648/2012
302.722 366.426 10.562 10.679 as
316.254 366.426 38.9453 10.679 regards
358.17 366.426 15.8371 10.679 the
376.977 366.426 40.8344 10.679 clearing
420.782 366.426 53.9032 10.679 obligation,
477.655 366.426 15.8371 10.679 the

81.6915 380.072 54.8062 10.679 suspension
139.504 380.072 9.89672 10.679 of
152.442 380.072 15.8371 10.679 the
171.202 380.072 40.8581 10.679 clearing
215.03 380.072 53.9032 10.679 obligation,
271.903 380.072 15.7183 10.679 the
290.544 380.072 48.1767 10.679 reporting
341.691 380.072 70.8215 10.679 requirements,
415.483 380.072 15.8134 10.679 the
434.326 380.072 76.1659 10.679 risk-mitigation

84.6617 393.717 54.1171 10.679 techniques
141.749 393.717 15.255 10.679 for
159.927 393.717 25.7932 10.679 OTC
188.69 393.717 55.2101 10.679 derivatives
246.87 393.717 46.8342 10.679 contracts
296.675 393.717 16.5024 10.679 not
316.148 393.717 36.878 10.679 cleared
356.031 393.717 12.5818 10.679 by
371.583 393.717 5.94041 10.679 a
380.494 393.717 35.5949 10.679 central
419.059 393.717 69.5384 10.679 counterparty,
491.639 393.717 15.8371 10.679 the

92.1467 407.382 59.2496 10.679 registration
154.366 407.382 19.2113 10.679 and
176.584 407.382 58.1328 10.679 supervision
237.722 407.382 9.77791 10.679 of
250.542 407.382 27.0051 10.679 trade
280.469 407.382 59.3684 10.679 repositories
342.808 407.382 19.1994 10.679 and
365.013 407.382 15.8371 10.679 the
383.773 407.382 67.887 10.679 requirements
454.63 407.382 15.255 10.679 for
472.808 407.382 27.0051 10.679 trade

266.488 421.03 59.2853 10.679 repositories

232.004 470.035 25.7457 10.679 (Text
260.72 470.035 21.1597 10.679 with
284.849 470.035 23.0963 10.679 EEA
310.868 470.035 49.3291 10.679 relevance)

238.657 495.546 63.8118 10.679 {SWD(2017)
305.403 495.546 17.8212 10.679 148
326.195 495.546 27.4447 10.679 final}

238.657 509.191 63.8118 10.679 {SWD(2017)
305.403 509.191 17.8212 10.679 149
326.195 509.191 27.4447 10.679 final}

28.38 784.188 33.348 22.2 EN

294.62 793.224 6 10.8 2

533.62 784.188 33.348 22.2 EN

202.52 59.664 92.676 10.8 EXPLANATORY
298.148 59.664 94.644 10.8 MEMORANDUM

70.86 91.464 9 10.8 1.

113.34 91.464 59.316 10.8 CONTEXT
175.1 91.464 16.692 10.8 OF
194.18 91.464 25.344 10.8 THE
221.9 91.464 65.268 10.8 PROPOSAL

70.86 111.264 18 10.8 1.1.

113.34 111.264 42 10.8 Reasons
158.34 111.264 15.324 10.8 for
176.664 111.264 19.308 10.8 and
198.972 111.264 50.652 10.8 objectives
252.624 111.264 9.996 10.8 of
265.656 111.264 15.996 10.8 the
284.652 111.264 44.628 10.8 proposal

70.86 130.944 9.996 10.8 In
83.928 130.944 14.664 10.8 the
101.7 130.944 25.32 10.8 wake
130.068 130.944 9.996 10.8 of
143.076 130.944 14.664 10.8 the
160.812 130.944 42.012 10.8 financial
205.896 130.944 28.284 10.8 crisis,
237.264 130.944 14.664 10.8 the
254.952 130.944 15.996 10.8 EU
273.948 130.944 38.016 10.8 adopted
315.048 130.944 9.336 10.8 in
327.456 130.944 24 10.8 2012
354.504 130.944 14.664 10.8 the
372.24 130.944 46.008 10.8 European
421.296 130.944 34.632 10.8 Market
459 130.944 65.268 10.8 Infrastructure

70.86 144.764 52.704 10.8 Regulation
123.56 141.99 3.99 7.182 1
131.18 144.764 37.968 10.8 (EMIR)
172.736 144.764 9.336 10.8 to
185.684 144.764 35.964 10.8 address
225.2 144.764 14.664 10.8 the
243.476 144.764 64.572 10.8 shortcomings
311.672 144.764 43.356 10.8 observed
358.568 144.764 9.336 10.8 in
371.456 144.764 14.664 10.8 the
389.732 144.764 55.236 10.8 functioning
448.58 144.764 9.996 10.8 of
462.128 144.764 14.664 10.8 the
480.344 144.764 44.252 10.8 over-the-

70.86 158.564 36.012 10.8 counter
109.836 158.564 31.956 10.8 (OTC)
144.792 158.564 52.644 10.8 derivatives
200.436 158.564 36.3 10.8 market.

70.86 184.364 19.992 10.8 One
93.948 184.364 9.996 10.8 of
107.016 184.364 14.664 10.8 the
124.812 184.364 17.328 10.8 key
145.26 184.364 64.62 10.8 shortcomings
213.024 184.364 18.66 10.8 was
234.792 184.364 18 10.8 that
255.9 184.364 48.164 10.8 regulators
307.148 184.364 31.32 10.8 lacked
341.576 184.364 56.544 10.8 information
401.252 184.364 26.664 10.8 about
431.048 184.364 36 10.8 activity
470.156 184.364 9.336 10.8 in
482.624 184.364 14.628 10.8 the
500.372 184.364 24 10.8 OTC

70.86 198.164 52.68 10.8 derivatives
129.456 198.164 36.612 10.8 market;
172.02 198.164 17.376 10.8 this
195.336 198.164 29.232 10.8 meant
230.532 198.164 18.024 10.8 that
254.448 198.164 22.704 10.8 risks
283.104 198.164 26.616 10.8 could
315.612 198.164 33.276 10.8 remain
354.816 198.164 47.412 10.8 unnoticed
408.18 198.164 21.948 10.8 until
436.068 198.164 20.688 10.8 they
462.684 198.164 61.584 10.8 materialised.

70.86 211.964 50.376 10.8 Moreover,
129.384 211.964 60.66 10.8 counterparty
198.216 211.964 27.372 10.8 credit
233.76 211.964 17.988 10.8 risk
259.956 211.964 40.008 10.8 between
308.172 211.964 24 10.8 OTC
340.38 211.964 48 10.8 derivative
396.612 211.964 67.956 10.8 counterparties
472.728 211.964 18.66 10.8 was
499.596 211.964 24.648 10.8 often

70.86 225.764 60.348 10.8 unmitigated,
134.172 225.764 29.328 10.8 which
166.56 225.764 26.688 10.8 could
196.296 225.764 20.016 10.8 lead
219.372 225.764 9.488 10.8 to
231.908 225.764 28.668 10.8 losses
263.636 225.764 62.64 10.8 materialising
329.348 225.764 23.316 10.8 were
355.736 225.764 17.328 10.8 one
376.124 225.764 60.66 10.8 counterparty
439.856 225.764 9.336 10.8 to
452.264 225.764 33.252 10.8 default
488.6 225.764 23.304 10.8 prior
514.976 225.764 9.336 10.8 to

70.86 239.564 42.696 10.8 fulfilling
117.264 239.564 11.34 10.8 its
132.252 239.564 56.376 10.8 obligations.
192.288 239.564 19.992 10.8 Due
215.976 239.564 9.336 10.8 to
229.044 239.564 14.664 10.8 the
247.5 239.564 21.336 10.8 high
272.568 239.564 40.656 10.8 volumes
316.944 239.564 9.996 10.8 of
330.672 239.564 24 10.8 OTC
358.38 239.564 57.384 10.8 transactions
419.484 239.564 29.964 10.8 across
453.18 239.564 14.664 10.8 the
471.576 239.564 52.632 10.8 derivatives

70.86 253.364 33.252 10.8 market
108.564 253.364 17.328 10.8 and
130.392 253.364 14.664 10.8 the
149.508 253.364 91.308 10.8 interconnectedness
245.232 253.364 9.996 10.8 of
259.68 253.364 33.252 10.8 market
297.384 253.364 59.016 10.8 participants,
360.78 253.364 21.996 10.8 such
387.228 253.364 28.704 10.8 losses
420.324 253.364 26.688 10.8 could
451.44 253.364 21.996 10.8 pose
477.828 253.364 5.328 10.8 a
487.596 253.364 36.672 10.8 broader

70.86 267.164 27.336 10.8 threat
101.196 267.164 9.372 10.8 to
113.508 267.164 14.664 10.8 the
131.136 267.164 42.012 10.8 financial
176.112 267.164 33.324 10.8 system
209.48 264.39 3.99 7.182 2
213.5 267.164 3 10.8 .

70.86 292.964 28.656 10.8 These
105.288 292.964 64.572 10.8 shortcomings
175.644 292.964 14.688 10.8 led
196.08 292.964 14.664 10.8 the
216.516 292.964 20.664 10.8 G20
242.904 292.964 34.044 10.8 leaders
282.708 292.964 9.336 10.8 in
297.816 292.964 23.94 10.8 2009
327.504 292.964 9.336 10.8 to
342.612 292.964 36.552 10.8 commit
384.948 292.964 9.336 10.8 to
400.056 292.964 58.96 10.8 far-reaching
464.764 292.964 44.604 10.8 measures
515.128 292.964 9.336 10.8 to

70.86 306.764 39.336 10.8 increase
115.536 306.764 14.628 10.8 the
135.444 306.764 38.676 10.8 stability
179.46 306.764 9.996 10.8 of
194.748 306.764 14.664 10.8 the
214.764 306.764 24 10.8 OTC
244.032 306.764 52.68 10.8 derivatives
302.028 306.764 36.348 10.8 market,
343.644 306.764 45.324 10.8 including
394.32 306.764 18 10.8 that
417.648 306.764 12 10.8 all
434.976 306.764 59.916 10.8 standardised
500.232 306.764 24 10.8 OTC

70.86 320.564 52.68 10.8 derivatives
127.476 320.564 43.344 10.8 contracts
174.852 320.564 31.956 10.8 should
210.84 320.564 11.328 10.8 be
226.188 320.564 34.596 10.8 cleared
264.792 320.564 37.296 10.8 through
306.06 320.564 32.804 10.8 central
342.896 320.564 67.956 10.8 counterparties
414.812 320.564 38.304 10.8 (CCPs),
457.16 320.564 17.328 10.8 and
478.508 320.564 17.964 10.8 that
500.504 320.564 24 10.8 OTC

70.86 334.364 52.68 10.8 derivatives
126.54 334.364 43.296 10.8 contracts
172.836 334.364 31.956 10.8 should
207.792 334.364 11.328 10.8 be
222.144 334.364 39.948 10.8 reported
265.092 334.364 9.336 10.8 to
277.428 334.364 23.988 10.8 trade
304.44 334.364 55.944 10.8 repositories
363.384 334.364 30.96 10.8 (TRs).

70.86 360.164 30 10.8 EMIR
104.868 360.164 55.932 10.8 implements
164.82 360.164 14.664 10.8 the
183.516 360.164 24.048 10.8 2009
211.572 360.164 20.664 10.8 G20
236.22 360.164 60.66 10.8 commitment
300.912 360.164 9.336 10.8 in
314.28 360.164 14.664 10.8 the
332.976 360.164 18.996 10.8 EU.
355.944 360.164 18.696 10.8 The
378.72 360.164 23.928 10.8 main
406.656 360.164 44.004 10.8 objective
454.68 360.164 9.996 10.8 of
468.648 360.164 30.06 10.8 EMIR
502.692 360.164 8.004 10.8 is
514.74 360.164 9.336 10.8 to

70.86 373.964 32.004 10.8 reduce
109.116 373.964 41.844 10.8 systemic
157.212 373.964 18.036 10.8 risk
181.488 373.964 11.94 10.8 by
199.656 373.964 49.308 10.8 increasing
255.192 373.964 14.664 10.8 the
276.108 373.964 61.284 10.8 transparency
343.644 373.964 9.996 10.8 of
359.772 373.964 14.664 10.8 the
380.688 373.964 24 10.8 OTC
411.1 373.964 52.68 10.8 derivatives
469.936 373.964 36.276 10.8 market,
512.44 373.964 12 10.8 by

70.86 387.764 49.344 10.8 mitigating
124.752 387.764 14.628 10.8 the
144 387.764 60.624 10.8 counterparty
209.196 387.764 27.3 10.8 credit
241.092 387.764 18 10.8 risk
263.7 387.764 17.328 10.8 and
285.588 387.764 12 10.8 by
302.136 387.764 41.988 10.8 reducing
348.684 387.764 14.664 10.8 the
367.932 387.764 53.952 10.8 operational
426.456 387.764 18.036 10.8 risk
449.052 387.764 49.296 10.8 associated
502.968 387.764 21.276 10.8 with

70.86 401.564 24 10.8 OTC
97.968 401.564 55.704 10.8 derivatives.
156.852 401.564 13.332 10.8 To
173.34 401.564 17.964 10.8 that
194.448 401.564 20.328 10.8 end,
217.956 401.564 30 10.8 EMIR
251.064 401.564 52.02 10.8 establishes
306.228 401.564 20.604 10.8 core
330.024 401.564 62.532 10.8 requirements
395.736 401.564 12 10.8 on
410.904 401.564 24 10.8 OTC
438.072 401.564 55.632 10.8 derivatives,
496.896 401.564 27.3 10.8 CCPs

70.86 415.384 17.328 10.8 and
91.188 415.384 23.004 10.8 TRs.
117.192 415.384 24.66 10.8 They
144.852 415.384 38.64 10.8 include:

70.86 441.184 9 10.8 1.

113.34 441.184 35.364 10.8 Central
151.668 441.184 38.676 10.8 clearing
193.344 441.184 9.996 10.8 of
206.34 441.184 60.056 10.8 standardised
269.396 441.184 23.904 10.8 OTC
296.3 441.184 48.024 10.8 derivative
347.264 441.184 46.632 10.8 contracts;

70.86 460.984 9 10.8 2.

113.34 460.984 35.364 10.8 Margin
151.668 460.984 62.592 10.8 requirements
217.26 460.984 13.992 10.8 for
234.252 460.984 24 10.8 OTC
261.192 460.984 48.036 10.8 derivative
312.228 460.984 43.32 10.8 contracts
358.488 460.984 18.024 10.8 that
379.512 460.984 14.652 10.8 are
397.164 460.984 15.336 10.8 not
415.464 460.984 42.024 10.8 centrally
460.452 460.984 37.98 10.8 cleared;

70.86 480.784 9 10.8 3.

113.34 480.784 56.652 10.8 Operational
174.684 480.784 18.036 10.8 risk
197.46 480.784 49.248 10.8 mitigation
251.436 480.784 62.664 10.8 requirements
318.84 480.784 13.992 10.8 for
337.548 480.784 24 10.8 OTC
366.216 480.784 48.012 10.8 derivative
418.932 480.784 43.344 10.8 contracts
466.968 480.784 17.964 10.8 that
489.684 480.784 14.604 10.8 are
509.04 480.784 15.276 10.8 not

113.34 494.584 42.024 10.8 centrally
158.328 494.584 37.98 10.8 cleared;

70.86 514.324 9 10.8 4.

113.34 514.324 48.024 10.8 Reporting
164.364 514.324 53.34 10.8 obligations
220.704 514.324 13.92 10.8 for
237.68 514.324 47.976 10.8 derivative
288.608 514.324 46.644 10.8 contracts;

70.86 534.124 9 10.8 5.

113.34 534.124 66.624 10.8 Requirements
182.964 534.124 13.992 10.8 for
199.956 534.124 30.636 10.8 CCPs;
233.592 534.124 17.352 10.8 and

70.86 553.924 9 10.8 6.

113.34 553.924 66.624 10.8 Requirements
182.964 553.924 13.992 10.8 for
199.956 553.924 22.968 10.8 TRs.

70.86 573.724 29.328 10.8 Based
105.528 573.724 12 10.8 on
122.856 573.724 14.628 10.8 the
142.824 573.724 19.332 10.8 first
167.472 573.724 51.972 10.8 experience
224.76 573.724 41.268 10.8 gathered
271.368 573.724 24.564 10.8 more
301.284 573.724 20.628 10.8 than
327.252 573.724 19.992 10.8 four
352.56 573.724 25.284 10.8 years
383.196 573.724 21.936 10.8 after
410.484 573.724 14.628 10.8 the
430.392 573.724 24.684 10.8 entry
460.368 573.724 18.708 10.8 into
484.344 573.724 24.648 10.8 force
514.332 573.724 9.996 10.8 of

70.86 587.524 33 10.8 EMIR,
106.86 587.524 14.664 10.8 the
124.524 587.524 52.584 10.8 framework
180.108 587.524 44.712 10.8 functions
227.82 587.524 33.324 10.8 overall
264.144 587.524 21.324 10.8 very
288.468 587.524 23.664 10.8 well.
315.132 587.524 24 10.8 Only
342.132 587.524 9.336 10.8 in
354.468 587.524 5.328 10.8 a
362.82 587.524 33.936 10.8 limited
399.756 587.524 36.672 10.8 number
439.452 587.524 9.996 10.8 of
452.448 587.524 27.672 10.8 areas,
483.06 587.524 41.464 10.8 practical

70.86 601.324 28.704 10.8 issues
103.116 601.324 21.336 10.8 with
127.944 601.324 14.628 10.8 the
146.112 601.324 53.268 10.8 application
202.908 601.324 9.996 10.8 of
216.396 601.324 14.664 10.8 the
234.612 601.324 19.992 10.8 new
258.12 601.324 52.656 10.8 framework
314.304 601.324 22.656 10.8 have
340.512 601.324 31.608 10.8 arisen.
375.648 601.324 18.66 10.8 The
397.836 601.324 34.644 10.8 present
436.032 601.324 41.304 10.8 proposal
480.888 601.324 43.296 10.8 therefore

70.86 615.124 18.036 10.8 sets
92.916 615.124 15.336 10.8 out
112.284 615.124 5.328 10.8 a
121.692 615.124 36.552 10.8 number
162.336 615.124 9.996 10.8 of
176.364 615.124 38.616 10.8 targeted
219.06 615.124 65.904 10.8 modifications
289.068 615.124 9.996 10.8 of
303.036 615.124 33 10.8 EMIR,
340.104 615.124 9.336 10.8 in
353.532 615.124 45.948 10.8 particular
403.488 615.124 9.336 10.8 to
416.856 615.124 39.984 10.8 simplify
460.872 615.124 14.664 10.8 the
479.628 615.124 23.328 10.8 rules
507.036 615.124 17.28 10.8 and

70.86 628.924 25.896 10.8 make
100.656 628.924 24.024 10.8 them
128.532 628.924 24.66 10.8 more
157.02 628.924 67.704 10.8 proportionate.
228.552 628.924 12 10.8 At
244.38 628.924 14.664 10.8 the
262.896 628.924 24.588 10.8 same
291.372 628.924 21.372 10.8 time
316.548 628.924 14.664 10.8 the
335.064 628.924 41.328 10.8 proposal
380.232 628.924 46.924 10.8 maintains
430.936 628.924 12.024 10.8 all
446.812 628.924 17.328 10.8 key
467.98 628.924 42.564 10.8 elements
514.384 628.924 10.044 10.8 of

70.86 642.724 14.664 10.8 the
88.548 642.724 52.572 10.8 framework
144.12 642.724 29.352 10.8 which
176.472 642.724 22.608 10.8 have
202.08 642.724 33.348 10.8 proven
238.428 642.724 9.36 10.8 to
250.728 642.724 26.712 10.8 allow
280.44 642.724 46.596 10.8 achieving
330.036 642.724 14.664 10.8 the
347.724 642.724 48.564 10.8 objectives
399.288 642.724 9.996 10.8 of
412.284 642.724 33 10.8 EMIR.

70.86 678.414 3.24 5.832 1

99.24 680.496 43.9177 9.018 Regulation
146.805 680.496 19.9899 9.018 (EU)
170.482 680.496 12.2144 9.018 No
186.374 680.496 37.7353 9.018 648/2012
227.746 680.496 8.34666 9.018 of
239.781 680.496 12.2444 9.018 the
255.672 680.496 38.2964 9.018 European
297.646 680.496 43.2363 9.018 Parliament
344.54 680.496 14.4689 9.018 and
362.636 680.496 8.34666 9.018 of
374.67 680.496 12.2444 9.018 the
390.501 680.496 31.7333 9.018 Council
425.832 680.496 8.34666 9.018 of
437.866 680.496 5.01 9.018 4
446.553 680.496 16.6432 9.018 July
466.824 680.496 20.04 9.018 2012
490.501 680.496 10.02 9.018 on
504.158 680.496 20.0099 9.018 OTC

99.24 691.956 46.4126 9.018 derivatives,
148.118 691.956 27.1843 9.018 central
177.807 691.956 56.5829 9.018 counterparties
236.895 691.956 14.4689 9.018 and
253.869 691.956 19.9799 9.018 trade
276.354 691.956 49.1581 9.018 repositories.

70.86 701.414 3.24 5.832 2

99.24 703.496 50.5108 9.018 Commission
152.486 703.496 19.3987 9.018 Staff
174.55 703.496 35.561 9.018 Working
212.787 703.496 41.6331 9.018 Document
257.105 703.496 27.8155 9.018 Impact
287.566 703.496 49.7293 9.018 Assessment,
340.001 703.496 58.3064 9.018 accompanying
401.2 703.496 39.3586 9.018 document
443.244 703.496 7.79556 9.018 to
453.735 703.496 12.2444 9.018 the
468.665 703.496 34.4688 9.018 proposal
505.789 703.496 11.6432 9.018 for
520.117 703.496 4.44888 9.018 a

99.24 715.016 43.9177 9.018 Regulation
145.843 715.016 8.34666 9.018 of
156.875 715.016 12.2444 9.018 the
171.805 715.016 38.2964 9.018 European
212.817 715.016 43.2463 9.018 Parliament
258.748 715.016 14.4689 9.018 and
275.883 715.016 8.34666 9.018 of
286.955 715.016 12.2444 9.018 the
301.884 715.016 31.6532 9.018 Council
336.193 715.016 10.02 9.018 on
348.888 715.016 20.04 9.018 OTC
371.614 715.016 46.3425 9.018 derivatives,
420.672 715.016 27.2644 9.018 central
450.601 715.016 56.633 9.018 counterparties
509.92 715.016 14.3987 9.018 and

99.24 726.476 20.03 9.018 trade

140.212 726.476 49.1681 9.018 repositories.

210.392 726.476 45.0098 9.018 SEC(2010)

276.323 726.476 22.545 9.018 1059,

319.87 726.476 36.0119 9.018 available

376.864 726.476 7.23444 9.018 at

405.16 726.476 119.377 9.018 http://eur-lex.europa.eu/legal-

99.24 737.996 204.245 9.018 content/EN/TXT/?uri=CELEX%3A52010SC1058.

28.38 784.188 33.348 22.2 EN

294.62 793.224 6 10.8 3

533.62 784.188 33.348 22.2 EN

70.86 59.544 30 10.8 EMIR
105.948 59.544 35.292 10.8 entered
146.304 59.544 18.636 10.8 into
170.052 59.544 24.588 10.8 force
199.74 59.544 12 10.8 on
216.828 59.544 12 10.8 16
233.916 59.544 34.584 10.8 August
273.612 59.544 27 10.8 2012.
305.64 59.544 46.968 10.8 However,
357.696 59.544 23.34 10.8 most
386.124 59.544 9.996 10.8 of
401.172 59.544 14.664 10.8 the
420.9 59.544 62.604 10.8 requirements
488.544 59.544 15.336 10.8 did
508.992 59.544 15.276 10.8 not

70.86 73.344 59.964 10.8 immediately
133.872 73.344 37.248 10.8 become
174.18 73.344 52.344 10.8 applicable,
229.524 73.344 9.996 10.8 as
242.592 73.344 29.952 10.8 EMIR
275.568 73.344 55.944 10.8 empowered
334.512 73.344 14.688 10.8 the
352.26 73.344 60.564 10.8 Commission
415.896 73.344 9.336 10.8 to
428.244 73.344 26.932 10.8 adopt
458.248 73.344 45.924 10.8 delegated
507.232 73.344 17.328 10.8 and

70.86 87.144 66.612 10.8 implementing
140.724 87.144 18.696 10.8 acts
162.66 87.144 49.944 10.8 specifying
215.856 87.144 14.664 10.8 the
233.772 87.144 43.32 10.8 technical
280.344 87.144 61.236 10.8 practicalities
344.82 87.144 17.328 10.8 and
365.388 87.144 14.628 10.8 the
383.256 87.144 40.96 10.8 phase-in
427.408 87.144 42.012 10.8 schedule
472.672 87.144 9.996 10.8 of
485.86 87.144 14.664 10.8 the
503.776 87.144 20.676 10.8 core

70.86 100.944 65.604 10.8 requirements.
140.604 100.944 13.332 10.8 As
158.052 100.944 5.328 10.8 a
167.52 100.944 29.628 10.8 result,
201.216 100.944 14.664 10.8 the
219.972 100.944 62.544 10.8 requirements
286.656 100.944 22.656 10.8 have
313.464 100.944 35.316 10.8 entered
352.848 100.944 18.672 10.8 into
375.636 100.944 53.268 10.8 application
433.032 100.944 9.336 10.8 in
446.52 100.944 41.244 10.8 different
491.916 100.944 32.328 10.8 stages.

70.86 114.744 27.276 10.8 Some
101.256 114.744 9.996 10.8 of
114.324 114.744 27.024 10.8 them,
144.42 114.744 21.996 10.8 such
169.548 114.744 9.996 10.8 as
182.544 114.744 51.288 10.8 mandatory
236.964 114.744 38.676 10.8 clearing
278.76 114.744 17.328 10.8 and
299.088 114.744 34.088 10.8 margin
336.308 114.744 62.592 10.8 requirements
402.02 114.744 13.992 10.8 for
419.048 114.744 46.644 10.8 uncleared
468.752 114.744 55.62 10.8 derivatives,

70.86 128.544 22.656 10.8 have
96.516 128.544 21.372 10.8 only
120.888 128.544 38.604 10.8 recently
162.456 128.544 25.908 10.8 come
191.424 128.544 18.708 10.8 into
213.132 128.544 48.228 10.8 operation.

70.86 154.364 9.996 10.8 In
84.588 154.364 53.952 10.8 accordance
142.272 154.364 21.336 10.8 with
167.34 154.364 33.324 10.8 Article
204.408 154.364 25.992 10.8 85(1)
234.144 154.364 9.996 10.8 of
247.812 154.364 33 10.8 EMIR,
284.52 154.364 14.664 10.8 the
302.916 154.364 60.612 10.8 Commission
367.26 154.364 18.66 10.8 was
389.688 154.364 49.656 10.8 mandated,
443.052 154.364 12 10.8 by
458.76 154.364 34.692 10.8 August
497.196 154.364 27 10.8 2015,

70.86 168.164 9.336 10.8 to
84.468 168.164 32.64 10.8 review
121.344 168.164 30 10.8 EMIR
155.592 168.164 17.328 10.8 and
177.18 168.164 9.336 10.8 to
190.728 168.164 36.024 10.8 prepare
231.012 168.164 5.328 10.8 a
240.6 168.164 35.244 10.8 general
280.116 168.164 28.68 10.8 report
313.032 168.164 13.992 10.8 for
331.26 168.164 54.012 10.8 submission
389.556 168.164 9.336 10.8 to
403.164 168.164 14.664 10.8 the
422.04 168.164 46.008 10.8 European
472.296 168.164 52.228 10.8 Parliament

70.86 181.964 17.328 10.8 and
91.188 181.964 14.688 10.8 the
108.876 181.964 40.956 10.8 Council.

70.86 207.764 26.004 10.8 From
100.548 207.764 21.996 10.8 May
126.336 207.764 9.336 10.8 to
139.464 207.764 34.668 10.8 August
177.912 207.764 26.94 10.8 2015,
208.62 207.764 14.664 10.8 the
227.076 207.764 60.564 10.8 Commission
291.432 207.764 33.348 10.8 carried
328.548 207.764 15.336 10.8 out
347.616 207.764 11.328 10.8 an
362.724 207.764 45.3 10.8 extensive
411.78 207.764 53.244 10.8 assessment
468.816 207.764 9.996 10.8 of
482.544 207.764 14.664 10.8 the
501 207.764 23.328 10.8 rules

70.86 221.564 43.344 10.8 currently
118.752 221.564 9.336 10.8 in
132.6 221.564 25.344 10.8 place
162.516 221.564 9.336 10.8 to
176.424 221.564 35.976 10.8 prepare
216.96 221.564 14.628 10.8 the
236.148 221.564 28.656 10.8 report
269.376 221.564 17.328 10.8 and
291.264 221.564 5.328 10.8 a
301.092 221.564 39.372 10.8 possible
344.976 221.564 49.332 10.8 legislative
398.868 221.564 44.268 10.8 proposal.
447.696 221.564 18.66 10.8 The
470.904 221.564 53.244 10.8 assessment

70.86 235.364 41.376 10.8 included
118.164 235.364 5.328 10.8 a
129.432 235.364 30.036 10.8 public
165.408 235.364 58.656 10.8 consultation
230.052 235.364 21.276 10.8 with
257.28 235.364 24.564 10.8 more
287.856 235.364 20.688 10.8 than
314.532 235.364 18 10.8 170
338.52 235.364 63.512 10.8 contributions
407.996 235.364 23.256 10.8 from
437.144 235.364 5.328 10.8 a
448.472 235.364 27.348 10.8 broad
481.808 235.364 26.676 10.8 range
514.484 235.364 9.996 10.8 of

70.86 249.164 63 10.8 stakeholders,
138.924 249.164 9.996 10.8 as
154.032 249.164 20.616 10.8 well
179.76 249.164 9.996 10.8 as
194.808 249.164 33.348 10.8 reports
233.184 249.164 39.984 10.8 required
278.268 249.164 27.264 10.8 under
310.596 249.164 33.312 10.8 Article
349.02 249.164 25.932 10.8 85(1)
380.028 249.164 9.996 10.8 of
395.076 249.164 30 10.8 EMIR
430.164 249.164 23.364 10.8 from
458.52 249.164 14.664 10.8 the
478.296 249.164 46.008 10.8 European

70.86 262.964 47.352 10.8 Securities
122.256 262.964 17.28 10.8 and
143.544 262.964 39.384 10.8 Markets
186.888 262.964 46.704 10.8 Authority
237.624 262.964 44.28 10.8 (ESMA),
285.912 262.964 14.664 10.8 the
304.608 262.964 46.008 10.8 European
354.624 262.964 43.932 10.8 Systemic
402.588 262.964 22.008 10.8 Risk
428.616 262.964 29.328 10.8 Board
461.964 262.964 40.956 10.8 (ESRB),
506.952 262.964 17.328 10.8 and

70.86 276.764 14.664 10.8 the
88.548 276.764 45.984 10.8 European
137.532 276.764 35.34 10.8 System
175.872 276.764 9.996 10.8 of
188.916 276.764 35.364 10.8 Central
227.28 276.764 29.952 10.8 Banks
260.232 276.764 40.98 10.8 (ESCB).
304.26 276.764 9.996 10.8 In
317.256 276.764 42.452 10.8 addition,
362.708 276.764 6.696 10.8 it
372.404 276.764 18.66 10.8 was
394.064 276.764 37.308 10.8 decided
434.372 276.764 9.36 10.8 to
446.732 276.764 20.664 10.8 wait
470.42 276.764 9.336 10.8 to
482.72 276.764 19.992 10.8 take
505.748 276.764 18.708 10.8 into

70.86 290.564 37.344 10.8 account
113.196 290.564 14.628 10.8 the
132.744 290.564 24.672 10.8 input
162.42 290.564 9.336 10.8 to
176.748 290.564 14.628 10.8 the
196.356 290.564 20.004 10.8 Call
221.364 290.564 13.992 10.8 for
240.312 290.564 44.652 10.8 Evidence
289.968 290.564 11.94 10.8 on
306.876 290.564 14.664 10.8 the
326.532 290.564 15.996 10.8 EU
347.46 290.564 53.34 10.8 Regulatory
405.792 290.564 52.608 10.8 framework
463.368 290.564 13.992 10.8 for
482.364 290.564 41.916 10.8 financial

70.86 304.364 38.688 10.8 services
115.536 304.364 33.276 10.8 carried
154.812 304.364 15.336 10.8 out
176.16 304.364 39.876 10.8 between
222.048 304.364 51.264 10.8 September
279.324 304.364 24 10.8 2015
309.312 304.364 17.328 10.8 and
332.64 304.364 37.344 10.8 January
375.936 304.364 27 10.8 2016,
408.924 304.364 9.336 10.8 in
424.272 304.364 25.344 10.8 order
455.628 304.364 9.336 10.8 to
470.976 304.364 14.616 10.8 get
491.544 304.364 32.652 10.8 further

70.86 318.164 42.672 10.8 evidence
116.556 318.164 12 10.8 on
131.496 318.164 14.664 10.8 the
149.184 318.164 21.996 10.8 state
174.18 318.164 9.996 10.8 of
187.104 318.164 20.688 10.8 play
210.792 318.164 9.996 10.8 of
223.788 318.164 29.976 10.8 EMIR
256.82 318.164 78.324 10.8 implementation.

70.86 343.964 9.996 10.8 In
84.888 343.964 50.604 10.8 November
139.524 343.964 27 10.8 2016,
170.532 343.964 14.628 10.8 the
189.12 343.964 60.612 10.8 Commission
253.764 343.964 38.016 10.8 adopted
295.74 343.964 14.664 10.8 the
314.388 343.964 30 10.8 EMIR
348.396 343.964 28.62 10.8 report
377.2 341.19 3.99 7.182 3
381.22 343.964 3 10.8 .
388.228 343.964 14.664 10.8 On
406.876 343.964 14.664 10.8 the
425.572 343.964 17.268 10.8 one
446.86 343.964 26.328 10.8 hand,
477.208 343.964 14.628 10.8 the
495.796 343.964 28.68 10.8 report

70.86 357.764 44.028 10.8 indicated
118.716 357.764 17.964 10.8 that
140.592 357.764 12 10.8 no
156.48 357.764 59.832 10.8 fundamental
220.224 357.764 33.984 10.8 change
258.12 357.764 32.028 10.8 should
294.036 357.764 11.268 10.8 be
309.204 357.764 25.896 10.8 made
339.012 357.764 9.336 10.8 to
352.26 357.764 14.664 10.8 the
370.836 357.764 29.976 10.8 nature
404.712 357.764 9.996 10.8 of
418.56 357.764 14.664 10.8 the
437.136 357.764 20.604 10.8 core
461.652 357.764 62.544 10.8 requirements

70.86 371.564 9.996 10.8 of
85.608 371.564 33 10.8 EMIR,
123.456 371.564 29.376 10.8 which
157.632 371.564 14.676 10.8 are
177.108 371.564 36.624 10.8 integral
218.544 371.564 9.336 10.8 to
232.692 371.564 41.328 10.8 ensuring
278.82 371.564 61.272 10.8 transparency
344.904 371.564 17.328 10.8 and
367.032 371.564 49.564 10.8 mitigating
421.384 371.564 41.892 10.8 systemic
468.088 371.564 22.656 10.8 risks
495.544 371.564 9.336 10.8 in
509.692 371.564 14.664 10.8 the

70.86 385.364 52.68 10.8 derivatives
130.056 385.364 33.252 10.8 market
169.92 385.364 17.328 10.8 and
193.848 385.364 13.992 10.8 for
214.416 385.364 29.328 10.8 which
250.344 385.364 24.012 10.8 there
280.92 385.364 8.004 10.8 is
295.548 385.364 35.244 10.8 general
337.404 385.364 35.952 10.8 support
379.98 385.364 23.328 10.8 from
409.788 385.364 50.664 10.8 authorities
467.052 385.364 17.28 10.8 and
490.92 385.364 33.252 10.8 market

70.86 399.164 59.016 10.8 participants.
133.896 399.164 9.996 10.8 In
147.984 399.164 42.336 10.8 addition,
194.352 399.164 5.328 10.8 a
203.76 399.164 72.624 10.8 comprehensive
280.464 399.164 32.604 10.8 review
317.112 399.164 9.996 10.8 of
331.14 399.164 14.664 10.8 the
349.896 399.164 32.664 10.8 impact
386.664 399.164 9.996 10.8 of
400.692 399.164 30 10.8 EMIR
434.7 399.164 8.004 10.8 is
446.808 399.164 15.336 10.8 not
466.236 399.164 14.664 10.8 yet
484.944 399.164 39.372 10.8 possible

70.86 412.984 24.696 10.8 since
100.776 412.984 32.652 10.8 certain
138.684 412.984 20.676 10.8 core
164.58 412.984 62.592 10.8 requirements
232.452 412.984 42.624 10.8 provided
280.38 412.984 13.992 10.8 for
299.568 412.984 27.476 10.8 under
332.336 412.984 30 10.8 EMIR
367.544 412.984 22.656 10.8 have
395.492 412.984 14.664 10.8 yet
415.388 412.984 9.336 10.8 to
430.016 412.984 11.328 10.8 be
446.564 412.984 62.544 10.8 implemented
514.388 412.984 9.996 10.8 or

70.86 426.784 52.956 10.8 completed.

70.86 452.584 14.664 10.8 On
89.508 452.584 14.664 10.8 the
108.204 452.584 24.684 10.8 other
136.92 452.584 26.328 10.8 hand,
167.268 452.584 14.664 10.8 the
185.964 452.584 28.68 10.8 report
218.688 452.584 35.94 10.8 pointed
258.636 452.584 9.336 10.8 to
272.004 452.584 14.664 10.8 the
290.7 452.584 50.052 10.8 possibility
344.796 452.584 9.996 10.8 of
358.764 452.584 47.268 10.8 amending
410.1 452.584 30.06 10.8 EMIR
444.144 452.584 9.336 10.8 in
457.512 452.584 25.392 10.8 some
486.888 452.584 37.344 10.8 specific

70.86 466.324 24.672 10.8 areas
104.544 466.324 10.668 10.8 so
124.212 466.324 9.948 10.8 as
143.16 466.324 9.336 10.8 to
161.508 466.324 44.64 10.8 eliminate
215.16 466.324 78.624 10.8 disproportionate
302.724 466.324 24.036 10.8 costs
335.76 466.324 17.328 10.8 and
362.028 466.324 38.016 10.8 burdens
409.044 466.324 12 10.8 on
429.972 466.324 32.688 10.8 certain
471.648 466.324 52.62 10.8 derivatives

70.86 480.124 67.92 10.8 counterparties
158.42 480.124 47.964 10.8 especially
213.176 480.124 63.948 10.8 non-financial
283.916 480.124 67.956 10.8 counterparties
358.652 480.124 35.904 10.8 (NFCs)
414.22 480.124 17.328 10.8 and
438.328 480.124 9.336 10.8 to
454.456 480.124 39.984 10.8 simplify
501.172 480.124 23.316 10.8 rules

70.86 493.924 36.672 10.8 without
110.568 493.924 69.228 10.8 compromising
182.796 493.924 14.664 10.8 the
200.484 493.924 48.672 10.8 objectives
252.156 493.924 9.96 10.8 of
265.116 493.924 14.664 10.8 the
282.78 493.924 53.004 10.8 legislation.

70.86 519.724 9.996 10.8 In
83.928 519.724 21.984 10.8 light
108.984 519.724 9.996 10.8 of
121.992 519.724 14.664 10.8 the
139.728 519.724 22.656 10.8 need
165.456 519.724 9.336 10.8 to
177.864 519.724 44.532 10.8 eliminate
225.468 519.724 78.684 10.8 disproportionate
307.152 519.724 24.024 10.8 costs
334.26 519.724 17.328 10.8 and
354.648 519.724 37.956 10.8 burdens
395.664 519.724 9.336 10.8 to
408.072 519.724 25.944 10.8 small
437.088 519.724 54.276 10.8 companies,
494.424 519.724 17.328 10.8 and
514.812 519.724 9.336 10.8 to

70.86 533.524 39.984 10.8 simplify
114.216 533.524 23.364 10.8 rules
141.012 533.524 36.672 10.8 without
181.128 533.524 33.984 10.8 putting
218.544 533.524 41.952 10.8 financial
263.928 533.524 38.804 10.8 stability
306.068 533.524 8.664 10.8 at
318.164 533.524 21.036 10.8 risk,
342.62 533.524 14.628 10.8 the
360.668 533.524 30 10.8 EMIR
394.076 533.524 32.676 10.8 review
430.112 533.524 18.66 10.8 was
452.18 533.524 41.376 10.8 included
496.964 533.524 9.336 10.8 in
509.732 533.524 14.664 10.8 the

70.86 547.324 24 10.8 2016
97.86 547.324 67.464 10.8 Commission's
168.324 547.324 53.316 10.8 Regulatory
224.64 547.324 33.996 10.8 Fitness
261.66 547.324 17.328 10.8 and
281.988 547.324 61.164 10.8 Performance
346.176 547.324 55.236 10.8 programme
404.412 547.324 44.376 10.8 (REFIT).
448.96 544.55 3.99 7.182 4

70.86 573.124 13.332 10.8 As
87.768 573.124 18.684 10.8 part
110.064 573.124 9.996 10.8 of
123.612 573.124 36.288 10.8 REFIT,
163.5 573.124 14.664 10.8 the
181.776 573.124 60.612 10.8 Commission
246 573.124 40.704 10.8 assessed
290.42 573.124 14.664 10.8 the
308.648 573.124 29.352 10.8 extent
341.564 573.124 9.336 10.8 to
354.512 573.124 29.268 10.8 which
387.368 573.124 37.248 10.8 specific
428.216 573.124 30.036 10.8 policy
461.792 573.124 62.592 10.8 requirements

70.86 586.924 9.336 10.8 in
84.228 586.924 30 10.8 EMIR
118.236 586.924 22.608 10.8 have
144.864 586.924 17.904 10.8 met
166.8 586.924 22.02 10.8 their
192.816 586.924 48.672 10.8 objectives
245.46 586.924 9.336 10.8 in
258.768 586.924 11.328 10.8 an
274.116 586.924 40.112 10.8 efficient
318.236 586.924 17.328 10.8 and
339.584 586.924 41.916 10.8 effective
385.532 586.924 22.992 10.8 way,
412.52 586.924 26.616 10.8 while
443.096 586.924 8.664 10.8 at
455.732 586.924 14.664 10.8 the
474.428 586.924 24.528 10.8 same
502.976 586.924 21.336 10.8 time

70.86 600.724 26.688 10.8 being
100.716 600.724 44.316 10.8 coherent,
148.224 600.724 38.676 10.8 relevant
190.02 600.724 17.328 10.8 and
210.528 600.724 46.668 10.8 providing
260.364 600.724 15.996 10.8 EU
279.492 600.724 61.904 10.8 added-value.
344.576 600.724 18.66 10.8 The
366.344 600.724 50.028 10.8 evaluation
419.54 600.724 42.648 10.8 indicates
465.356 600.724 18.024 10.8 that
486.512 600.724 9.336 10.8 in
499.04 600.724 25.296 10.8 some

70.86 614.524 38.676 10.8 targeted
114.456 614.524 24.6 10.8 areas
143.964 614.524 30 10.8 EMIR
178.872 614.524 39.264 10.8 imposes
223.16 614.524 78.66 10.8 disproportionate
306.668 614.524 24.036 10.8 costs
335.564 614.524 17.328 10.8 and
357.752 614.524 38.016 10.8 burdens
400.688 614.524 17.328 10.8 and
422.876 614.524 55.332 10.8 excessively
483.08 614.524 41.268 10.8 complex

70.86 628.324 65.604 10.8 requirements,
139.884 628.324 17.328 10.8 and
160.632 628.324 6.672 10.8 it
170.748 628.324 30 10.8 would
204.26 628.324 11.328 10.8 be
219.008 628.324 39.336 10.8 possible
261.776 628.324 9.336 10.8 to
274.544 628.324 36.588 10.8 achieve
314.552 628.324 14.664 10.8 the
332.648 628.324 44.004 10.8 objective
380.072 628.324 9.996 10.8 of
393.44 628.324 30 10.8 EMIR
426.848 628.324 9.336 10.8 to
439.616 628.324 39.36 10.8 increase
482.36 628.324 42.012 10.8 financial

70.86 642.124 38.676 10.8 stability
113.736 642.124 24.612 10.8 more
142.56 642.124 52.236 10.8 efficiently.
199.1 642.124 28.656 10.8 These
231.968 642.124 24.624 10.8 areas
260.804 642.124 38.688 10.8 include:
303.68 642.124 13.992 10.8 (1)
321.848 642.124 55.272 10.8 compliance
381.46 642.124 13.992 10.8 for
399.628 642.124 52.668 10.8 derivatives
456.472 642.124 67.956 10.8 counterparties

70.86 678.414 3.24 5.832 3

99.24 680.496 27.2444 9.018 Report
131.875 680.496 19.4789 9.018 from
156.625 680.496 12.2444 9.018 the
174.25 680.496 50.4507 9.018 Commission
230.141 680.496 7.79556 9.018 to
243.267 680.496 12.2444 9.018 the
260.893 680.496 38.2964 9.018 European
304.56 680.496 43.2964 9.018 Parliament
353.247 680.496 14.4288 9.018 and
373.097 680.496 12.1543 9.018 the
390.662 680.496 31.6532 9.018 Council
427.676 680.496 22.7554 9.018 under
455.792 680.496 27.7855 9.018 Article
488.958 680.496 21.6632 9.018 85(1)
515.942 680.496 8.34666 9.018 of

99.24 691.956 43.9177 9.018 Regulation
146.805 691.956 19.9899 9.018 (EU)
170.482 691.956 12.2144 9.018 No
186.374 691.956 37.7353 9.018 648/2012
227.746 691.956 8.34666 9.018 of
239.781 691.956 12.2444 9.018 the
255.672 691.956 38.2964 9.018 European
297.646 691.956 43.2363 9.018 Parliament
344.54 691.956 14.4689 9.018 and
362.636 691.956 8.34666 9.018 of
374.67 691.956 12.2444 9.018 the
390.501 691.956 31.7333 9.018 Council
426.1 691.956 8.34666 9.018 of
438.134 691.956 5.01 9.018 4
446.821 691.956 16.6432 9.018 July
467.092 691.956 20.04 9.018 2012
490.769 691.956 10.02 9.018 on
504.426 691.956 20.0099 9.018 OTC

99.24 703.496 46.4126 9.018 derivatives,
148.829 703.496 27.1843 9.018 central
179.24 703.496 56.5729 9.018 counterparties
239.049 703.496 14.4288 9.018 and
256.734 703.496 19.9598 9.018 trade
279.881 703.496 46.6932 9.018 repositories
329.8 703.496 49.4186 9.018 COM(2016)
382.415 703.496 15.03 9.018 857
400.642 703.496 18.3667 9.018 final
422.175 703.496 8.34666 9.018 of
433.748 703.496 47.5148 9.018 23.11.2016.
484.6 703.496 39.9967 9.018 http://eur-

99.24 715.016 347.065 9.018 lex.europa.eu/legal-content/EN/TXT/?qid=1480141638729&uri=COM:2016:857:FIN.

70.86 724.394 3.24 5.832 4

99.24 726.476 38.3566 9.018 European
145.472 726.476 52.9958 9.018 Commission,
206.334 726.476 27.7554 9.018 REFIT
241.965 726.476 14.3987 9.018 and
264.259 726.476 12.1843 9.018 the
284.289 726.476 10.02 9.018 10
302.205 726.476 36.6131 9.018 Priorities
346.664 726.476 8.34666 9.018 of
362.896 726.476 12.2444 9.018 the
382.986 726.476 53.0158 9.018 Commission,
443.868 726.476 10.02 9.018 25
461.734 726.476 32.1943 9.018 October
501.804 726.476 22.545 9.018 2016.

99.24 737.996 314.425 9.018 http://ec.europa.eu/atwork/pdf/201621025_refit_scoreboard_summary_en.pdf.

28.38 784.188 33.348 22.2 EN

294.62 793.224 6 10.8 4

533.62 784.188 33.348 22.2 EN

70.86 59.544 18.024 10.8 that
92.676 59.544 14.604 10.8 are
111.072 59.544 18.66 10.8 part
133.44 59.544 9.996 10.8 of
147.168 59.544 14.664 10.8 the
165.624 59.544 46.032 10.8 periphery
215.448 59.544 9.996 10.8 of
229.176 59.544 14.664 10.8 the
247.632 59.544 52.68 10.8 derivatives
304.068 59.544 33.996 10.8 trading
341.856 59.544 39.276 10.8 network
384.924 59.544 21.348 10.8 (e.g.
410.04 59.544 26.004 10.8 small
439.836 59.544 49.632 10.8 financials,
493.212 59.544 31.288 10.8 NFCs,

70.86 73.344 37.368 10.8 pension
111.228 73.344 34.028 10.8 funds);
148.256 73.344 13.968 10.8 (2)
165.224 73.344 68.652 10.8 Transparency;
236.876 73.344 17.268 10.8 and
257.144 73.344 13.992 10.8 (3)
274.172 73.344 33.984 10.8 Access
311.156 73.344 9.336 10.8 to
323.492 73.344 41.652 10.8 clearing.

70.86 99.144 18.66 10.8 The
93.768 99.144 32.592 10.8 impact
130.704 99.144 53.28 10.8 assessment
188.256 99.144 28.68 10.8 report
221.22 99.144 69.9 10.8 accompanying
295.368 99.144 17.376 10.8 this
317.004 99.144 41.352 10.8 proposal
362.58 99.144 43.356 10.8 therefore
410.184 99.144 45.324 10.8 considers
459.768 99.144 14.628 10.8 the
478.596 99.144 24.036 10.8 costs
506.892 99.144 17.328 10.8 and

70.86 112.944 38.016 10.8 benefits
115.296 112.944 9.996 10.8 of
131.604 112.944 24.672 10.8 areas
162.66 112.944 9.996 10.8 of
179.028 112.944 30 10.8 EMIR
215.436 112.944 29.316 10.8 where
251.124 112.944 38.676 10.8 targeted
296.16 112.944 29.304 10.8 action
331.836 112.944 26.688 10.8 could
364.872 112.944 31.356 10.8 ensure
402.588 112.944 47.844 10.8 fulfilment
456.864 112.944 9.996 10.8 of
473.232 112.944 14.664 10.8 the
494.328 112.944 30 10.8 EMIR

70.86 126.744 48.684 10.8 objectives
122.508 126.744 9.336 10.8 in
134.808 126.744 5.328 10.8 a
143.136 126.744 24.608 10.8 more
170.768 126.744 67.692 10.8 proportionate,
241.46 126.744 39.936 10.8 efficient
284.396 126.744 17.352 10.8 and
304.688 126.744 41.892 10.8 effective
349.604 126.744 38.976 10.8 manner.

70.86 152.564 18.66 10.8 The
96.108 152.564 32.592 10.8 impact
135.324 152.564 53.28 10.8 assessment
195.216 152.564 41.364 10.8 provides
243.132 152.564 72.576 10.8 comprehensive
322.296 152.564 42.624 10.8 evidence
371.472 152.564 18.024 10.8 that
396.048 152.564 5.328 10.8 a
407.976 152.564 45.264 10.8 reduction
459.852 152.564 9.996 10.8 of
476.4 152.564 23.952 10.8 costs
506.976 152.564 17.328 10.8 and

70.86 166.364 38.016 10.8 burdens
112.416 166.364 16.608 10.8 can
132.504 166.364 11.328 10.8 be
147.372 166.364 42.636 10.8 achieved
193.488 166.364 64.052 10.8 hand-in-hand
261.068 166.364 21.336 10.8 with
285.956 166.364 5.328 10.8 a
294.764 166.364 66.672 10.8 simplification
364.928 166.364 9.996 10.8 of
378.416 166.364 33 10.8 EMIR,
414.944 166.364 36.672 10.8 without
455.18 166.364 69.228 10.8 compromising

70.86 180.164 42.012 10.8 financial
116.424 180.164 41.7 10.8 stability.
161.7 180.164 18.66 10.8 The
183.948 180.164 44.072 10.8 proposed
231.608 180.164 60.516 10.8 amendments
295.724 180.164 48.66 10.8 contribute
347.996 180.164 9.336 10.8 to
360.884 180.164 14.628 10.8 the
379.112 180.164 48.624 10.8 objectives
431.336 180.164 9.996 10.8 of
444.884 180.164 27.336 10.8 CMU
475.772 180.164 17.388 10.8 and
496.748 180.164 9.336 10.8 to
509.696 180.164 14.664 10.8 the

70.86 193.964 21.336 10.8 Jobs
95.196 193.964 17.352 10.8 and
115.548 193.964 36.6 10.8 Growth
155.148 193.964 33.984 10.8 agenda
192.132 193.964 9.336 10.8 in
204.468 193.964 17.976 10.8 line
225.444 193.964 21.36 10.8 with
249.744 193.964 14.664 10.8 the
267.432 193.964 39.336 10.8 political
309.72 193.964 43.332 10.8 priorities
356.052 193.964 10.02 10.8 of
369.072 193.964 14.664 10.8 the
386.736 193.964 63.612 10.8 Commission.

70.86 219.884 18 10.8 1.2.

113.34 219.884 61.356 10.8 Consistency
177.636 219.884 22.62 10.8 with
203.256 219.884 39.36 10.8 existing
245.616 219.884 30.672 10.8 policy
279.288 219.884 52.68 10.8 provisions
334.968 219.884 10.008 10.8 in
347.928 219.884 15.948 10.8 the
366.876 219.884 30.708 10.8 policy
400.584 219.884 22.62 10.8 area

70.86 239.564 30 10.8 EMIR
106.608 239.564 8.004 10.8 is
120.396 239.564 32.724 10.8 related
158.868 239.564 9.336 10.8 to
173.976 239.564 33.972 10.8 several
213.72 239.564 29.976 10.8 pieces
249.396 239.564 9.996 10.8 of
265.104 239.564 16.032 10.8 EU
286.86 239.564 53.276 10.8 legislation,
345.908 239.564 45.324 10.8 including
397.004 239.564 14.664 10.8 the
417.44 239.564 34.644 10.8 Capital
457.856 239.564 66.576 10.8 Requirements

70.86 253.364 52.704 10.8 Regulation
126.636 253.364 31.896 10.8 (CRR)
158.66 250.59 3.99 7.182 5
165.8 253.364 3 10.8 ,
171.908 253.364 14.664 10.8 the
189.704 253.364 39.36 10.8 Markets
232.16 253.364 9.336 10.8 in
244.568 253.364 44.688 10.8 Financial
292.364 253.364 56.616 10.8 Instruments
352.1 253.364 44.664 10.8 Directive
399.824 253.364 37.308 10.8 (MiFID
440.24 253.364 3.996 10.8 I
444.46 250.59 3.99 7.182 6
451.6 253.364 17.328 10.8 and
472.048 253.364 33.36 10.8 MiFID
508.504 253.364 7.992 10.8 II
516.52 250.59 3.99 7.182 7
520.54 253.364 3.996 10.8 )

70.86 267.164 17.328 10.8 and
91.608 267.164 14.664 10.8 the
109.704 267.164 32.652 10.8 related
145.752 267.164 52.668 10.8 Regulation
198.5 264.39 3.99 7.182 8
202.52 267.164 3 10.8 ,
208.928 267.164 17.328 10.8 and
229.676 267.164 14.664 10.8 the
247.772 267.164 67.404 10.8 Commission's
318.596 267.164 41.352 10.8 proposal
363.38 267.164 12 10.8 on
378.788 267.164 14.664 10.8 the
396.884 267.164 42 10.8 recovery
442.28 267.164 17.328 10.8 and
463.028 267.164 47.976 10.8 resolution
514.412 267.164 9.996 10.8 of

70.86 280.964 27.3 10.8 CCPs
98.22 278.19 3.99 7.182 9
102.24 280.964 3 10.8 .

70.86 306.764 21.336 10.8 This
96.468 306.764 41.328 10.8 proposal
142.056 306.764 8.004 10.8 is
154.284 306.764 48.056 10.8 consistent
206.588 306.764 21.336 10.8 with
232.136 306.764 14.664 10.8 the
251.024 306.764 67.404 10.8 Commission's
322.688 306.764 49.332 10.8 legislative
376.28 306.764 41.352 10.8 proposal
421.844 306.764 9.336 10.8 to
435.392 306.764 31.908 10.8 amend
471.56 306.764 52.728 10.8 Regulation

70.86 320.564 23.988 10.8 (EU)
99.648 320.564 14.664 10.8 No
119.076 320.564 45.336 10.8 575/2013
164.48 317.79 8.01 7.182 10
172.52 320.564 3 10.8 .
185.096 320.564 13.332 10.8 As
203.144 320.564 18.684 10.8 part
226.58 320.564 9.996 10.8 of
241.328 320.564 18 10.8 that
264.056 320.564 44.304 10.8 proposal,
313.172 320.564 14.628 10.8 the
332.6 320.564 60.648 10.8 Commission
398.036 320.564 22.548 10.8 aims
425.384 320.564 9.336 10.8 to
439.532 320.564 37.356 10.8 exclude
481.628 320.564 23.304 10.8 from
509.624 320.564 14.664 10.8 the

70.86 334.364 36.708 10.8 binding
111.036 334.364 40.644 10.8 leverage
155.16 334.364 21.996 10.8 ratio
180.648 334.364 14.628 10.8 the
198.756 334.364 28.044 10.8 initial
230.292 334.364 38.592 10.8 margins
272.388 334.364 12 10.8 on
287.856 334.364 41.988 10.8 centrally
333.324 334.364 34.668 10.8 cleared
371.4 334.364 48.036 10.8 derivative
422.904 334.364 57.324 10.8 transactions
483.66 334.364 40.668 10.8 received

70.86 348.164 12 10.8 by
88.068 348.164 53.376 10.8 institutions
146.664 348.164 9.336 10.8 in
161.232 348.164 21.348 10.8 cash
187.788 348.164 23.364 10.8 from
216.324 348.164 22.02 10.8 their
243.588 348.164 31.356 10.8 clients
280.164 348.164 17.328 10.8 and
302.712 348.164 31.956 10.8 passed
339.888 348.164 12 10.8 on
357.096 348.164 9.336 10.8 to
371.664 348.164 30.3 10.8 CCPs.
407.22 348.164 18.66 10.8 The
431.136 348.164 41.352 10.8 proposal
477.72 348.164 9.336 10.8 to
492.228 348.164 31.956 10.8 amend

70.86 361.964 52.704 10.8 Regulation
129.516 361.964 23.988 10.8 (EU)
159.564 361.964 14.664 10.8 No
180.252 361.964 45.276 10.8 575/2013
231.6 361.964 21.636 10.8 will,
259.308 361.964 46.296 10.8 therefore,
311.604 361.964 20.676 10.8 ease
338.28 361.964 14.664 10.8 the
358.968 361.964 30.624 10.8 access
395.604 361.964 9.336 10.8 to
410.952 361.964 38.652 10.8 clearing
455.616 361.964 9.996 10.8 as
471.624 361.964 14.664 10.8 the
492.312 361.964 31.992 10.8 capital

70.86 375.764 62.604 10.8 requirements
136.464 375.764 9.336 10.8 to
148.8 375.764 23.268 10.8 offer
175.092 375.764 26.664 10.8 client
204.78 375.764 9.996 10.8 or
217.776 375.764 36.588 10.8 indirect
257.388 375.764 38.616 10.8 clearing
299.004 375.764 38.652 10.8 services
340.656 375.764 18.672 10.8 will
362.268 375.764 44.976 10.8 diminish.

70.86 401.564 21.336 10.8 This
96.408 401.564 41.336 10.8 proposal
141.956 401.564 8.004 10.8 is
154.184 401.564 19.356 10.8 also
177.74 401.564 47.952 10.8 consistent
229.904 401.564 21.3 10.8 with
255.392 401.564 14.664 10.8 the
274.268 401.564 33.312 10.8 MiFID
311.744 401.564 3.996 10.8 I
319.952 401.564 17.328 10.8 and
341.48 401.564 33.36 10.8 MiFID
379.016 401.564 7.992 10.8 II
391.232 401.564 17.328 10.8 and
412.76 401.564 14.664 10.8 the
431.636 401.564 32.676 10.8 related
468.512 401.564 55.668 10.8 Regulation,

70.86 415.384 29.328 10.8 which
103.968 415.384 36.66 10.8 provide
144.396 415.384 5.328 10.8 a
153.504 415.384 23.964 10.8 basis
181.272 415.384 13.992 10.8 for
199.02 415.384 14.664 10.8 the
217.476 415.384 46.608 10.8 definition
267.852 415.384 9.996 10.8 of
281.58 415.384 52.62 10.8 derivatives
337.956 415.384 17.328 10.8 and
359.064 415.384 9.936 10.8 of
372.732 415.384 42.012 10.8 financial
418.536 415.384 70.932 10.8 counterparties.
493.212 415.384 9.996 10.8 In
507 415.384 17.304 10.8 this

70.86 429.184 33.696 10.8 regard,
107.604 429.184 14.664 10.8 the
125.4 429.184 47.856 10.8 upcoming
176.388 429.184 53.424 10.8 application
232.872 429.184 9.336 10.8 in
245.28 429.184 37.344 10.8 January
285.756 429.184 23.94 10.8 2018
312.804 429.184 9.996 10.8 of
325.872 429.184 33.36 10.8 MiFID
362.328 429.184 7.992 10.8 II
373.464 429.184 17.328 10.8 and
393.912 429.184 32.628 10.8 MiFIR
429.6 429.184 18.672 10.8 will
451.416 429.184 22.972 10.8 have
477.448 429.184 11.328 10.8 an
491.896 429.184 32.592 10.8 impact

70.86 442.984 12 10.8 on
85.968 442.984 14.664 10.8 the
103.716 442.984 27.324 10.8 scope
134.124 442.984 9.996 10.8 of
147.192 442.984 67.956 10.8 counterparties
218.208 442.984 51.984 10.8 considered
273.252 442.984 9.996 10.8 as
286.38 442.984 41.952 10.8 financial
331.416 442.984 67.932 10.8 counterparties
402.432 442.984 17.328 10.8 and
422.82 442.984 12 10.8 on
437.928 442.984 14.664 10.8 the
455.676 442.984 68.628 10.8 harmonisation

70.86 456.784 9.996 10.8 of
84.348 456.784 14.664 10.8 the
102.564 456.784 46.668 10.8 definition
152.772 456.784 9.996 10.8 of
166.26 456.784 34.656 10.8 foreign
204.408 456.784 45.336 10.8 exchange
253.224 456.784 23.328 10.8 (FX)
280.092 456.784 43.284 10.8 contracts
326.856 456.784 18.024 10.8 that
348.372 456.784 18.636 10.8 will
370.5 456.784 15.996 10.8 fall
390.048 456.784 27.276 10.8 under
420.876 456.784 32.952 10.8 EMIR.
457.332 456.784 18.66 10.8 The
479.46 456.784 33.36 10.8 MiFID
516.336 456.784 7.992 10.8 II

70.86 470.584 52.596 10.8 framework
131.676 470.584 22.596 10.8 aims
162.492 470.584 8.664 10.8 at
179.388 470.584 61.296 10.8 reclassifying
248.844 470.584 24.012 10.8 large
281.04 470.584 64.148 10.8 non-financial
353.348 470.584 61.976 10.8 commodities
423.496 470.584 32.688 10.8 traders
464.392 470.584 9.948 10.8 as
482.5 470.584 42.012 10.8 financial

70.86 484.324 70.92 10.8 counterparties,
145.932 484.324 34.044 10.8 putting
184.128 484.324 11.28 10.8 an
199.536 484.324 44.184 10.8 'ancillary
247.788 484.324 36.036 10.8 activity
287.952 484.324 18.828 10.8 test'
310.86 484.324 18.024 10.8 that
333.036 484.324 52.632 10.8 determines
389.832 484.324 20.664 10.8 how
414.66 484.324 26.664 10.8 much
445.428 484.324 60.928 10.8 non-hedging
510.508 484.324 13.992 10.8 (or

70.86 498.124 58.008 10.8 speculative)
131.916 498.124 54.648 10.8 commodity
189.672 498.124 48.012 10.8 derivative
240.768 498.124 33.996 10.8 trading
277.896 498.124 64.028 10.8 non-financial
345.056 498.124 25.332 10.8 firms
373.484 498.124 16.656 10.8 can
393.272 498.124 37.944 10.8 conduct
434.348 498.124 30.648 10.8 before
468.056 498.124 17.34 10.8 this
488.504 498.124 36.024 10.8 activity

70.86 528.894 3.24 5.832 5

99.24 530.976 43.9177 9.018 Regulation
148.007 530.976 19.9899 9.018 (EU)
172.887 530.976 10.02 9.018 no
187.757 530.976 37.7353 9.018 575/2013
230.332 530.976 8.34666 9.018 of
243.568 530.976 12.2444 9.018 the
260.662 530.976 38.2964 9.018 European
303.838 530.976 43.3165 9.018 Parliament
352.005 530.976 14.4689 9.018 and
371.303 530.976 8.34666 9.018 of
384.539 530.976 12.1843 9.018 the
401.563 530.976 31.7634 9.018 Council
438.146 530.976 8.34666 9.018 of
451.333 530.976 10.02 9.018 26
466.253 530.976 18.3566 9.018 June
489.389 530.976 20.04 9.018 2013
514.218 530.976 10.02 9.018 on

99.24 542.496 40.581 9.018 prudential
142.296 542.496 52.084 9.018 requirements
196.885 542.496 11.7134 9.018 for
211.143 542.496 22.7254 9.018 credit
236.374 542.496 44.4287 9.018 institutions
283.307 542.496 14.4689 9.018 and
300.281 542.496 43.8575 9.018 investment
346.644 542.496 21.062 9.018 firms
370.211 542.496 14.4689 9.018 (OJ
387.185 542.496 6.12222 9.018 L
395.812 542.496 17.535 9.018 176,
415.812 542.496 42.4848 9.018 27.6.2013,
460.802 542.496 18.3667 9.018 p.1).

70.86 551.934 3.24 5.832 6

99.24 554.016 37.2343 9.018 Directive
140.322 554.016 48.4191 9.018 2004/39/EC
192.549 554.016 8.34666 9.018 of
204.783 554.016 12.2444 9.018 the
220.855 554.016 38.3566 9.018 European
263.079 554.016 43.2664 9.018 Parliament
310.234 554.016 14.4288 9.018 and
328.52 554.016 8.34666 9.018 of
340.734 554.016 12.2444 9.018 the
356.867 554.016 31.6532 9.018 Council
392.388 554.016 8.34666 9.018 of
404.552 554.016 10.02 9.018 21
418.4 554.016 21.1522 9.018 April
443.409 554.016 19.9799 9.018 2004
467.217 554.016 10.02 9.018 on
481.125 554.016 31.6031 9.018 markets
516.616 554.016 7.79556 9.018 in

99.24 565.476 35.0199 9.018 financial
137.025 565.476 46.6832 9.018 instruments
186.514 565.476 39.4187 9.018 amending
228.769 565.476 31.6532 9.018 Council
263.207 565.476 41.102 9.018 Directives
307.115 565.476 49.4487 9.018 85/611/EEC
359.349 565.476 14.4288 9.018 and
376.614 565.476 39.4487 9.018 93/6/EEC
418.848 565.476 14.4288 9.018 and
436.112 565.476 37.1241 9.018 Directive
476.072 565.476 48.3164 9.018 2000/12/EC

99.24 576.996 8.34666 9.018 of
111.154 576.996 12.2444 9.018 the
126.925 576.996 38.2363 9.018 European
168.719 576.996 43.2563 9.018 Parliament
215.502 576.996 14.509 9.018 and
233.528 576.996 8.34666 9.018 of
245.442 576.996 12.2444 9.018 the
261.213 576.996 31.6532 9.018 Council
296.373 576.996 14.4689 9.018 and
314.409 576.996 37.1642 9.018 repealing
355.121 576.996 31.6532 9.018 Council
390.281 576.996 37.478 9.018 Directive
431.306 576.996 44.4587 9.018 93/22/EEC
479.272 576.996 14.509 9.018 (OJ
497.318 576.996 6.12222 9.018 L
506.967 576.996 17.4749 9.018 145,

99.24 588.516 42.5249 9.018 30.1.2004,
144.27 588.516 18.3266 9.018 p.1).

70.86 597.894 3.24 5.832 7

99.24 599.976 37.2343 9.018 Directive
140.442 599.976 48.8575 9.018 2014/65/EU
193.338 599.976 8.34666 9.018 of
205.692 599.976 12.2444 9.018 the
221.885 599.976 38.3566 9.018 European
264.229 599.976 43.2463 9.018 Parliament
311.484 599.976 14.4689 9.018 and
330.001 599.976 8.34666 9.018 of
342.285 599.976 12.2444 9.018 the
358.538 599.976 31.7033 9.018 Council
394.229 599.976 8.34666 9.018 of
406.583 599.976 10.02 9.018 15
420.611 599.976 18.3266 9.018 May
442.916 599.976 20.04 9.018 2014
466.964 599.976 10.02 9.018 on
480.992 599.976 31.6031 9.018 markets
516.543 599.976 7.79556 9.018 in

99.24 611.496 35.0199 9.018 financial
139.971 611.496 46.613 9.018 instruments
192.336 611.496 14.4689 9.018 and
212.546 611.496 39.3686 9.018 amending
257.636 611.496 37.2043 9.018 Directive
300.582 611.496 48.3164 9.018 2002/92/EC
354.62 611.496 14.4288 9.018 and
374.77 611.496 37.1842 9.018 Directive
417.726 611.496 51.3725 9.018 2011/61/EU,
474.82 611.496 14.4288 9.018 (OJ
495.03 611.496 6.12222 9.018 L
506.844 611.496 17.535 9.018 173,

99.24 623.016 42.5249 9.018 12.6.2014,
144.27 623.016 7.515 9.018 p.
154.29 623.016 20.8115 9.018 349).

70.86 632.394 3.24 5.832 8

99.24 634.476 43.9155 9.018 Regulation
145.721 634.476 19.9899 9.018 (EU)
168.316 634.476 12.2144 9.018 No
183.125 634.476 37.7954 9.018 600/2014
223.496 634.476 8.34666 9.018 of
234.448 634.476 12.2444 9.018 the
249.257 634.476 38.2564 9.018 European
290.109 634.476 43.2563 9.018 Parliament
335.98 634.476 14.4689 9.018 and
353.054 634.476 8.34666 9.018 of
363.966 634.476 12.2444 9.018 the
378.776 634.476 31.7033 9.018 Council
413.024 634.476 8.34666 9.018 of
423.936 634.476 10.02 9.018 15
436.571 634.476 18.2665 9.018 May
457.373 634.476 20.0901 9.018 2014
480.028 634.476 10.02 9.018 on
492.613 634.476 31.6632 9.018 markets

99.24 645.996 7.79556 9.018 in
109.541 645.996 35.0099 9.018 financial
147.025 645.996 46.573 9.018 instruments
196.103 645.996 14.4889 9.018 and
213.097 645.996 39.3586 9.018 amending
254.991 645.996 43.8175 9.018 Regulation
301.293 645.996 20.03 9.018 (EU)
323.798 645.996 12.2144 9.018 No
338.518 645.996 40.3205 9.018 648/2012,
381.283 645.996 14.509 9.018 (OJ
398.197 645.996 6.12222 9.018 L
406.824 645.996 17.4849 9.018 173,
426.804 645.996 42.5449 9.018 12.6.2014,
471.814 645.996 7.515 9.018 p.
481.824 645.996 15.8216 9.018 84).

70.86 655.434 3.24 5.832 9

99.24 657.516 35.05 9.018 Proposal
136.825 657.516 11.6833 9.018 for
151.094 657.516 4.44888 9.018 a
158.108 657.516 43.9177 9.018 Regulation
204.59 657.516 8.34666 9.018 of
215.542 657.516 12.1543 9.018 the
230.292 657.516 38.3165 9.018 European
271.203 657.516 43.2463 9.018 Parliament
317.015 657.516 14.4689 9.018 and
334.089 657.516 8.34666 9.018 of
345.26 657.516 12.2444 9.018 the
360.07 657.516 31.6532 9.018 Council
394.328 657.516 10.02 9.018 on
406.963 657.516 4.44888 9.018 a
413.977 657.516 43.8275 9.018 framework
460.4 657.516 11.6833 9.018 for
474.668 657.516 12.2444 9.018 the
489.478 657.516 34.9999 9.018 recovery

99.24 668.976 14.4689 9.018 and
119.33 668.976 39.9598 9.018 resolution
164.901 668.976 8.34666 9.018 of
178.869 668.976 27.1843 9.018 central
211.674 668.976 56.633 9.018 counterparties
273.869 668.976 14.4689 9.018 and
293.959 668.976 39.3786 9.018 amending
338.938 668.976 47.8154 9.018 Regulations
392.265 668.976 20.03 9.018 (EU)
417.876 668.976 12.2144 9.018 No
435.692 668.976 45.3104 9.018 1095/2010,
486.613 668.976 19.9498 9.018 (EU)
512.154 668.976 12.2144 9.018 No

99.24 680.496 40.3004 9.018 648/2012,
142.045 680.496 14.4288 9.018 and
158.939 680.496 20.03 9.018 (EU)
181.444 680.496 45.2503 9.018 2015/2365,
229.229 680.496 49.4287 9.018 COM(2016)
281.123 680.496 15.03 9.018 856
298.658 680.496 20.8115 9.018 final.

70.86 689.874 6.48 5.832 10

99.24 691.956 35.05 9.018 Proposal
137.306 691.956 11.6432 9.018 for
152.035 691.956 4.44888 9.018 a
159.47 691.956 43.9177 9.018 Regulation
206.434 691.956 8.34666 9.018 of
217.827 691.956 12.2444 9.018 the
233.117 691.956 38.2964 9.018 European
274.49 691.956 43.2463 9.018 Parliament
320.782 691.956 14.4689 9.018 and
338.277 691.956 8.34666 9.018 of
349.71 691.956 12.1843 9.018 the
364.94 691.956 31.9697 9.018 Council
399.866 691.956 39.4187 9.018 amending
442.361 691.956 43.8676 9.018 Regulation
489.264 691.956 20.03 9.018 (EU)
512.29 691.956 12.2144 9.018 No

99.24 703.496 37.7954 9.018 575/2013
141.404 703.496 8.34666 9.018 as
154.049 703.496 29.4488 9.018 regards
187.877 703.496 12.1543 9.018 the
204.42 703.496 33.8977 9.018 leverage
242.616 703.496 20.8316 9.018 ratio,
267.806 703.496 12.1843 9.018 the
284.349 703.496 12.2444 9.018 net
300.963 703.496 23.2865 9.018 stable
328.618 703.496 31.072 9.018 funding
364.059 703.496 20.8316 9.018 ratio,
389.249 703.496 52.124 9.018 requirements
445.742 703.496 11.7234 9.018 for
461.794 703.496 17.2544 9.018 own
483.387 703.496 22.2244 9.018 funds
509.95 703.496 14.3987 9.018 and

99.24 715.016 30.0299 9.018 eligible
132.356 715.016 39.6892 9.018 liabilities,
175.172 715.016 50.5509 9.018 counterparty
228.799 715.016 22.8456 9.018 credit
254.7 715.016 17.535 9.018 risk,
275.372 715.016 27.7955 9.018 market
306.243 715.016 17.535 9.018 risk,
326.914 715.016 39.9397 9.018 exposures
369.98 715.016 7.79556 9.018 to
380.892 715.016 27.1943 9.018 central
411.183 715.016 59.128 9.018 counterparties,
473.437 715.016 40.07 9.018 exposures
516.553 715.016 7.79556 9.018 to

99.24 726.476 38.9089 9.018 collective
140.954 726.476 43.8375 9.018 investment
187.598 726.476 54.2082 9.018 undertakings,
244.641 726.476 19.9598 9.018 large
267.437 726.476 42.4447 9.018 exposures,
312.647 726.476 36.6832 9.018 reporting
352.156 726.476 14.3987 9.018 and
369.35 726.476 40.6111 9.018 disclosure
412.707 726.476 52.2042 9.018 requirements
467.717 726.476 14.4689 9.018 and
485.031 726.476 39.3485 9.018 amending

99.24 737.996 43.9177 9.018 Regulation
145.623 737.996 19.9899 9.018 (EU)
168.117 737.996 12.2144 9.018 No
182.837 737.996 40.2904 9.018 648/2012.

28.38 784.188 33.348 22.2 EN

294.62 793.224 6 10.8 5

533.62 784.188 33.348 22.2 EN

70.86 59.544 8.004 10.8 is
81.948 59.544 12 10.8 no
96.948 59.544 30.684 10.8 longer
130.632 59.544 37.212 10.8 deemed
170.964 59.544 44.124 10.8 'ancillary
218.088 59.544 9.372 10.8 to
230.508 59.544 14.628 10.8 the
248.24 59.544 23.928 10.8 main
275.216 59.544 42.876 10.8 business'
321.08 59.544 9.996 10.8 of
334.088 59.544 14.664 10.8 the
351.824 59.544 20.664 10.8 firm
375.452 59.544 17.328 10.8 and
395.84 59.544 14.664 10.8 the
413.576 59.544 20.664 10.8 firm
437.204 59.544 11.328 10.8 be
451.592 59.544 35.988 10.8 obliged
490.628 59.544 9.336 10.8 to
503.036 59.544 21.288 10.8 seek

70.86 73.344 5.328 10.8 a
82.668 73.344 33.36 10.8 MiFID
122.484 73.344 62.604 10.8 authorisation
197.988 73.344 30.648 10.8 Hence
235.116 73.344 14.628 10.8 the
256.224 73.344 31.992 10.8 largest
294.672 73.344 64.052 10.8 non-financial
365.156 73.344 67.932 10.8 counterparties
439.568 73.344 31.296 10.8 (NFC)
477.296 73.344 28.656 10.8 active
512.432 73.344 12 10.8 on

70.86 87.144 54.648 10.8 commodity
130.356 87.144 37.944 10.8 markets
173.16 87.144 18.636 10.8 will
196.668 87.144 11.328 10.8 be
212.856 87.144 35.916 10.8 obliged
253.572 87.144 9.336 10.8 to
267.78 87.144 21.276 10.8 seek
293.928 87.144 5.328 10.8 a
303.996 87.144 33.36 10.8 MiFID
342.192 87.144 65.664 10.8 authorisation.
412.704 87.144 21.264 10.8 This
438.852 87.144 61.824 10.8 development
505.548 87.144 18.672 10.8 will

70.86 100.944 20.016 10.8 lead
95.556 100.944 9.336 10.8 to
109.644 100.944 31.932 10.8 largest
146.34 100.944 27.972 10.8 NFCs
179.028 100.944 26.708 10.8 being
210.488 100.944 33.972 10.8 subject
249.164 100.944 9.336 10.8 to
263.252 100.944 14.628 10.8 the
282.62 100.944 38.616 10.8 clearing
325.964 100.944 48.6 10.8 obligation
379.28 100.944 27.324 10.8 under
411.356 100.944 32.952 10.8 EMIR.
449.012 100.944 55.968 10.8 Concerning
509.648 100.944 14.664 10.8 the

70.86 114.744 68.628 10.8 harmonisation
145.344 114.744 9.996 10.8 of
161.172 114.744 14.664 10.8 the
181.728 114.744 46.644 10.8 definition
234.204 114.744 9.996 10.8 of
250.032 114.744 15.336 10.8 FX
271.2 114.744 52.644 10.8 derivatives
329.676 114.744 46.272 10.8 contracts,
381.792 114.744 6.672 10.8 it
394.368 114.744 18.612 10.8 will
418.836 114.744 26.652 10.8 allow
451.332 114.744 5.328 10.8 a
462.48 114.744 38.664 10.8 uniform
506.928 114.744 17.328 10.8 and

70.86 128.544 48.036 10.8 consistent
121.896 128.544 53.328 10.8 application
178.224 128.544 9.996 10.8 of
191.136 128.544 14.664 10.8 the
208.824 128.544 30 10.8 EMIR
241.824 128.544 23.316 10.8 rules
268.14 128.544 9.336 10.8 to
280.476 128.544 24.66 10.8 these
308.136 128.544 43.32 10.8 contracts
354.456 128.544 30.672 10.8 within
388.128 128.544 14.64 10.8 the
405.768 128.544 32.952 10.8 Union.

70.86 154.364 62.964 10.8 Furthermore,
138.132 154.364 17.376 10.8 this
159.828 154.364 41.384 10.8 proposal
205.556 154.364 8.004 10.8 is
217.904 154.364 47.964 10.8 consistent
270.2 154.364 21.336 10.8 with
295.868 154.364 14.628 10.8 the
314.816 154.364 60.612 10.8 Commission
379.76 154.364 41.352 10.8 proposal
425.396 154.364 13.992 10.8 for
443.684 154.364 5.328 10.8 a
453.332 154.364 52.656 10.8 framework
510.296 154.364 13.992 10.8 for

70.86 168.164 14.664 10.8 the
90.816 168.164 41.952 10.8 recovery
138.012 168.164 17.328 10.8 and
160.62 168.164 48.024 10.8 resolution
213.936 168.164 9.996 10.8 of
229.164 168.164 32.604 10.8 central
267.06 168.164 71.004 10.8 counterparties.
343.332 168.164 18.588 10.8 The
367.2 168.164 48.696 10.8 obligation
421.104 168.164 9.336 10.8 to
435.732 168.164 23.34 10.8 clear
464.328 168.164 59.976 10.8 standardised

70.86 181.964 24 10.8 OTC
98.808 181.964 52.704 10.8 derivatives
155.472 181.964 8.004 10.8 is
167.52 181.964 13.296 10.8 set
184.848 181.964 9.336 10.8 to
198.156 181.964 39.336 10.8 increase
241.452 181.964 14.628 10.8 the
260.1 181.964 23.988 10.8 scale
288.108 181.964 17.328 10.8 and
309.396 181.964 53.952 10.8 importance
367.332 181.964 9.996 10.8 of
381.3 181.964 27.3 10.8 CCPs
412.608 181.964 9.336 10.8 in
425.976 181.964 34.656 10.8 Europe
464.664 181.964 17.328 10.8 and
485.952 181.964 38.328 10.8 beyond.

70.86 195.764 27.3 10.8 CCPs
101.64 195.764 37.224 10.8 manage
142.296 195.764 14.664 10.8 the
160.344 195.764 22.668 10.8 risks
186.312 195.764 39.312 10.8 inherent
228.996 195.764 9.336 10.8 in
241.764 195.764 41.916 10.8 financial
287.04 195.764 37.944 10.8 markets
328.344 195.764 21.348 10.8 (e.g.
353.04 195.764 60.624 10.8 counterparty
417.036 195.764 21 10.8 risk,
441.444 195.764 40.68 10.8 liquidity
485.472 195.764 18.036 10.8 risk
506.868 195.764 17.328 10.8 and

70.86 209.564 33.252 10.8 market
107.364 209.564 24.984 10.8 risk),
135.54 209.564 17.328 10.8 and
156.108 209.564 43.212 10.8 therefore
202.572 209.564 39.924 10.8 improve
245.748 209.564 14.628 10.8 the
263.616 209.564 33.3 10.8 overall
300.132 209.564 38.676 10.8 stability
342 209.564 17.328 10.8 and
362.568 209.564 45.984 10.8 resilience
411.756 209.564 9.996 10.8 of
424.884 209.564 42.012 10.8 financial
470.1 209.564 40.98 10.8 markets.
514.284 209.564 9.996 10.8 In

70.86 223.364 14.664 10.8 the
90.756 223.364 38.976 10.8 process,
134.892 223.364 20.688 10.8 they
160.788 223.364 37.128 10.8 become
203.136 223.364 33.36 10.8 critical
241.668 223.364 27.996 10.8 nodes
274.896 223.364 9.336 10.8 in
289.404 223.364 14.628 10.8 the
309.252 223.364 41.964 10.8 financial
356.388 223.364 36.288 10.8 system,
397.884 223.364 34.252 10.8 linking
437.368 223.364 39.984 10.8 multiple
482.512 223.364 41.964 10.8 financial

70.86 237.164 28.692 10.8 actors
103.236 237.164 17.328 10.8 and
124.224 237.164 65.304 10.8 concentrating
193.14 237.164 50.664 10.8 significant
247.476 237.164 40.584 10.8 amounts
291.732 237.164 10.044 10.8 of
305.388 237.164 22.02 10.8 their
331.092 237.164 43.284 10.8 exposure
378 237.164 9.336 10.8 to
391.008 237.164 34.68 10.8 diverse
429.324 237.164 25.704 10.8 risks.
458.7 237.164 43.956 10.8 Effective
506.316 237.164 17.988 10.8 risk

70.86 250.964 61.212 10.8 management
135.564 250.964 9.996 10.8 of
148.932 250.964 14.664 10.8 the
167.028 250.964 22.632 10.8 CCP
193.056 250.964 17.328 10.8 and
213.804 250.964 30.024 10.8 robust
247.2 250.964 55.968 10.8 supervisory
306.576 250.964 44.628 10.8 oversight
354.612 250.964 8.004 10.8 is
366 250.964 43.296 10.8 therefore
412.716 250.964 17.328 10.8 key
433.404 250.964 9.336 10.8 to
446.172 250.964 31.32 10.8 ensure
480.9 250.964 17.964 10.8 that
502.296 250.964 21.996 10.8 such

70.86 264.764 48.024 10.8 exposures
123.516 264.764 14.604 10.8 are
142.752 264.764 51.984 10.8 adequately
199.32 264.764 41.016 10.8 covered.
244.896 264.764 30 10.8 EMIR
279.504 264.764 21.996 10.8 does
306.26 264.764 38.676 10.8 regulate
349.556 264.764 27.3 10.8 CCPs
381.464 264.764 9.336 10.8 in
395.432 264.764 26.616 10.8 terms
426.668 264.764 9.996 10.8 of
441.296 264.764 35.928 10.8 making
481.832 264.764 20.016 10.8 sure
506.468 264.764 18 10.8 that

70.86 278.564 27.3 10.8 CCPs
102.708 278.564 14.676 10.8 are
121.944 278.564 54.636 10.8 sufficiently
181.068 278.564 41.664 10.8 resilient,
227.256 278.564 15.336 10.8 but
247.104 278.564 21.996 10.8 does
273.672 278.564 15.276 10.8 not
293.52 278.564 38.592 10.8 regulate
336.636 278.564 14.664 10.8 the
355.824 278.564 41.976 10.8 recovery
402.312 278.564 17.328 10.8 and
424.14 278.564 47.976 10.8 resolution
476.616 278.564 47.676 10.8 scenarios.

70.86 292.364 21.336 10.8 This
95.328 292.364 41.328 10.8 proposal
139.776 292.364 63.936 10.8 complements
206.772 292.364 14.664 10.8 the
224.568 292.364 43.932 10.8 proposed
271.596 292.364 52.548 10.8 framework
327.264 292.364 13.992 10.8 for
344.352 292.364 14.664 10.8 the
362.1 292.364 41.976 10.8 recovery
407.124 292.364 17.28 10.8 and
427.512 292.364 47.976 10.8 resolution
478.548 292.364 9.996 10.8 of
491.616 292.364 32.688 10.8 central

70.86 306.164 67.92 10.8 counterparties
146.712 306.164 12 10.8 by
166.62 306.164 55.376 10.8 introducing
229.928 306.164 14.628 10.8 the
252.416 306.164 54.588 10.8 mechanism
314.912 306.164 13.992 10.8 for
336.8 306.164 5.328 10.8 a
350.048 306.164 49.284 10.8 temporary
407.264 306.164 52.644 10.8 suspension
467.84 306.164 9.996 10.8 of
485.648 306.164 38.676 10.8 clearing

70.86 319.964 48.696 10.8 obligation
122.556 319.964 9.336 10.8 in
134.892 319.964 29.328 10.8 others
167.244 319.964 45.936 10.8 situations
216.18 319.964 20.688 10.8 than
239.82 319.964 51.012 10.8 resolution.

70.86 345.764 21.336 10.8 This
100.188 345.764 41.292 10.8 proposal
149.484 345.764 8.004 10.8 is
165.432 345.764 19.332 10.8 also
192.66 345.764 48.012 10.8 consistent
248.604 345.764 21.336 10.8 with
277.932 345.764 14.664 10.8 the
300.48 345.764 38.016 10.8 adopted
346.476 345.764 60.564 10.8 Commission
415.032 345.764 48.696 10.8 Delegated
471.576 345.764 52.704 10.8 Regulation

70.86 359.564 47.268 10.8 amending
123.156 359.564 48.684 10.8 Delegated
176.808 359.564 57.336 10.8 Regulations
239.136 359.564 23.94 10.8 (EU)
268.044 359.564 54.336 10.8 2015/2205,
327.372 359.564 23.988 10.8 (EU)
356.34 359.564 45.384 10.8 2016/592
406.716 359.564 17.328 10.8 and
429.024 359.564 24.196 10.8 (EU)
458.188 359.564 51.336 10.8 2016/1178
514.516 359.564 9.996 10.8 as

70.86 373.364 35.364 10.8 regards
112.764 373.364 14.664 10.8 the
133.992 373.364 40.656 10.8 deadline
181.26 373.364 13.896 10.8 for
201.768 373.364 55.224 10.8 compliance
263.604 373.364 21.336 10.8 with
291.492 373.364 38.652 10.8 clearing
336.756 373.364 53.244 10.8 obligations
396.6 373.364 13.992 10.8 for
417.108 373.364 32.652 10.8 certain
456.336 373.364 67.932 10.8 counterparties

70.86 387.164 35.364 10.8 dealing
112.296 387.164 21.276 10.8 with
139.584 387.164 24 10.8 OTC
169.572 387.164 52.692 10.8 derivatives
222.32 384.39 8.01 7.182 11
230.36 387.164 3 10.8 .
239.408 387.164 21.336 10.8 This
266.816 387.164 48.696 10.8 Delegated
321.5 387.164 52.704 10.8 Regulation
380.216 387.164 18.672 10.8 will
404.972 387.164 37.308 10.8 prolong
448.328 387.164 14.664 10.8 the
469.064 387.164 55.296 10.8 compliance

70.86 400.964 40.656 10.8 deadline
117.576 400.964 13.992 10.8 for
137.604 400.964 67.98 10.8 counterparties
211.656 400.964 47.928 10.8 belonging
265.632 400.964 9.336 10.8 to
281.04 400.964 14.664 10.8 the
301.776 400.964 46.164 10.8 'Category
353.988 400.964 8.16 10.8 3'
368.136 400.964 29.952 10.8 (small
404.16 400.964 42.328 10.8 financial
452.56 400.964 71.952 10.8 counterparties)

70.86 414.784 35.988 10.8 defined
111.948 414.784 9.336 10.8 in
126.396 414.784 14.628 10.8 the
146.124 414.784 38.64 10.8 relevant
189.816 414.784 49.344 10.8 regulatory
244.272 414.784 43.32 10.8 technical
292.68 414.784 45.324 10.8 standards
338.12 411.99 8.01 7.182 12
351.26 414.784 22.044 10.8 until
378.356 414.784 12 10.8 21
395.444 414.784 21.996 10.8 June
422.552 414.784 24 10.8 2019
451.64 414.784 38.004 10.8 because
494.696 414.784 9.996 10.8 of
509.744 414.784 14.664 10.8 the

70.86 428.584 50.664 10.8 significant
124.524 428.584 51.972 10.8 difficulties
179.496 428.584 24.612 10.8 these
207.132 428.584 67.956 10.8 counterparties
278.088 428.584 19.98 10.8 face
301.068 428.584 9.36 10.8 to
313.368 428.584 14.664 10.8 get
331.056 428.584 30.648 10.8 access
364.704 428.584 9.336 10.8 to
377.04 428.584 41.652 10.8 clearing.

70.86 454.324 37.044 10.8 Finally,
114.696 454.324 17.34 10.8 this
138.804 454.324 41.304 10.8 proposal
186.96 454.324 8.004 10.8 is
201.768 454.324 47.952 10.8 consistent
256.512 454.324 21.336 10.8 with
284.7 454.324 24.66 10.8 work
316.128 454.324 39.336 10.8 ongoing
362.316 454.324 8.616 10.8 at
377.784 454.324 11.328 10.8 an
395.892 454.324 60.856 10.8 international
463.576 454.324 23.256 10.8 level
493.684 454.324 9.336 10.8 in
509.812 454.324 14.664 10.8 the

70.86 468.124 52.596 10.8 framework
128.736 468.124 9.996 10.8 of
143.964 468.124 14.664 10.8 the
163.92 468.124 44.664 10.8 Financial
213.828 468.124 40.68 10.8 Stability
259.764 468.124 29.328 10.8 Board
294.312 468.124 29.34 10.8 (FSB)
328.92 468.124 33.264 10.8 aiming
367.476 468.124 12.336 10.8 to,
385.104 468.124 32.58 10.8 among
422.952 468.124 32.376 10.8 others,
460.536 468.124 11.328 10.8 (i)
477.144 468.124 36.624 10.8 achieve
519 468.124 5.328 10.8 a

70.86 481.924 48.036 10.8 consistent
127.236 481.924 53.376 10.8 application
188.94 481.924 9.996 10.8 of
207.288 481.924 14.664 10.8 the
230.364 481.924 48.072 10.8 Principles
286.836 481.924 13.992 10.8 for
309.204 481.924 44.688 10.8 Financial
362.22 481.924 39.384 10.8 Markets
409.944 481.924 65.292 10.8 Infrastructure
483.576 481.924 40.692 10.8 (PFMIs)

70.86 495.724 49.356 10.8 developed
126.936 495.724 12 10.8 by
145.704 495.724 14.664 10.8 the
167.16 495.724 53.244 10.8 Committee
227.184 495.724 12 10.8 on
245.892 495.724 46.596 10.8 Payments
299.268 495.724 17.328 10.8 and
323.376 495.724 39.3 10.8 Markets
369.432 495.724 65.452 10.8 Infrastructure
441.676 495.724 37.296 10.8 (CPMI)
485.704 495.724 17.328 10.8 and
509.812 495.724 14.664 10.8 the

70.86 509.524 61.32 10.8 International
143.784 509.524 61.98 10.8 Organisation
217.38 509.524 9.996 10.8 of
238.968 509.524 47.352 10.8 Securities
297.924 509.524 65.316 10.8 Commissions
374.88 509.524 47.28 10.8 (IOSCO);
433.824 509.524 14.7 10.8 (ii)
460.14 509.524 37.992 10.8 monitor
509.724 509.524 14.628 10.8 the

70.86 523.324 75.3 10.8 implementation
150.552 523.324 9.996 10.8 of
164.88 523.324 14.664 10.8 the
183.996 523.324 20.664 10.8 G20
209.004 523.324 52.704 10.8 derivatives
266.088 523.324 37.944 10.8 markets
308.412 523.324 37.236 10.8 reforms
350.028 523.324 41.424 10.8 (through
395.844 523.324 14.664 10.8 the
414.9 523.324 21.348 10.8 FSB
440.628 523.324 24 10.8 OTC
469.056 523.324 55.236 10.8 Derivatives

70.86 537.124 42.648 10.8 Working
120.516 537.124 38.04 10.8 Group);
165.6 537.124 17.952 10.8 (iii)
190.536 537.124 38.028 10.8 develop
235.572 537.124 32.652 10.8 further
275.268 537.124 49.284 10.8 guidelines
331.584 537.124 12 10.8 on
350.592 537.124 27.348 10.8 CCPs
384.96 537.124 48.22 10.8 resolution
440.188 537.124 25.344 10.8 (FSB
472.516 537.124 52.056 10.8 Resolution

70.86 550.924 37.992 10.8 Group);
113.616 550.924 17.328 10.8 and
135.624 550.924 17.364 10.8 (iv)
157.74 550.924 49.968 10.8 harmonise
212.472 550.924 17.328 10.8 and
234.54 550.924 45.324 10.8 introduce
284.628 550.924 33.288 10.8 greater
322.644 550.924 72.672 10.8 standardisation
400.068 550.924 18.636 10.8 into
423.456 550.924 14.628 10.8 the
442.824 550.924 24 10.8 OTC
471.552 550.924 52.704 10.8 derivatives

70.86 564.724 44.016 10.8 reporting
121.956 564.724 37.896 10.8 systems
166.932 564.724 18.696 10.8 (the
192.648 564.724 21.348 10.8 FSB
221.016 564.724 17.328 10.8 and
245.424 564.724 69.44 10.8 CPMI-IOSCO
321.908 564.724 35.328 10.8 Groups
364.316 564.724 12 10.8 on
383.384 564.724 45.924 10.8 removing
436.4 564.724 23.304 10.8 legal
466.796 564.724 36.6 10.8 barriers
510.464 564.724 13.992 10.8 for

70.86 609.414 6.48 5.832 11

106.86 611.396 50.5108 9.10818 Commission
162.571 611.396 40.591 9.10818 Delegated
208.282 611.396 43.8575 9.10818 Regulation
257.29 611.396 19.9498 9.10818 (EU)
282.35 611.396 28.6271 9.10818 /...of
316.118 611.396 39.9998 9.10818 16.3.2017
361.298 611.396 39.3786 9.10818 amending
405.797 611.396 40.591 9.10818 Delegated
451.448 611.396 47.8154 9.10818 Regulations
504.414 611.396 19.9899 9.10818 (EU)

106.86 623.016 45.3104 9.018 2015/2205,
155.687 623.016 19.9899 9.018 (EU)
179.184 623.016 37.7954 9.018 2016/592
220.507 623.016 14.3987 9.018 and
238.433 623.016 19.9899 9.018 (EU)
261.94 623.016 42.8805 9.018 2016/1178
308.347 623.016 8.34666 9.018 as
320.161 623.016 29.3887 9.018 regards
353.086 623.016 12.2444 9.018 the
368.798 623.016 33.8676 9.018 deadline
406.152 623.016 11.6833 9.018 for
421.383 623.016 46.0319 9.018 compliance
470.932 623.016 17.8156 9.018 with
492.284 623.016 32.1341 9.018 clearing

106.86 634.476 44.4788 9.018 obligations
153.844 634.476 11.6332 9.018 for
167.932 634.476 27.2143 9.018 certain
197.681 634.476 56.633 9.018 counterparties
256.769 634.476 29.4588 9.018 dealing
288.693 634.476 17.8156 9.018 with
308.973 634.476 20.04 9.018 OTC
331.478 634.476 46.4126 9.018 derivatives,
380.346 634.476 33.3566 9.018 C(2017)
416.167 634.476 19.9999 9.018 1658
438.672 634.476 20.9017 9.018 final.

70.86 643.914 6.48 5.832 12

106.86 645.996 50.5108 9.018 Commission
160.888 645.996 40.561 9.018 Delegated
204.926 645.996 43.8275 9.018 Regulation
252.24 645.996 19.9899 9.018 (EU)
275.677 645.996 42.7654 9.018 2015/2205
321.909 645.996 8.34666 9.018 of
333.723 645.996 5.01 9.018 6
342.17 645.996 28.9378 9.018 August
374.554 645.996 78.8674 9.018 2015supplementing
456.919 645.996 43.9177 9.018 Regulation
504.303 645.996 19.9899 9.018 (EU)

106.86 657.516 12.2444 9.018 No
124.124 657.516 37.7954 9.018 648/2012
166.89 657.516 8.34666 9.018 of
180.38 657.516 12.1543 9.018 the
197.584 657.516 38.3065 9.018 European
240.941 657.516 43.2664 9.018 Parliament
289.237 657.516 14.4689 9.018 and
308.716 657.516 8.34666 9.018 of
322.083 657.516 12.2444 9.018 the
339.297 657.516 31.7333 9.018 Council
376.01 657.516 17.8156 9.018 with
398.796 657.516 25.551 9.018 regard
429.417 657.516 7.70538 9.018 to
442.183 657.516 41.0419 9.018 regulatory
488.255 657.516 36.092 9.018 technical

106.86 668.976 37.7954 9.018 standards
147.11 668.976 10.02 9.018 on
159.635 668.976 12.2044 9.018 the
174.345 668.976 32.1943 9.018 clearing
209.044 668.976 40.561 9.018 obligation
252.11 668.976 14.4188 9.018 (OJ
269.034 668.976 6.12222 9.018 L
277.601 668.976 17.535 9.018 314,
297.581 668.976 42.5249 9.018 1.12.2015,
342.611 668.976 7.515 9.018 p.
352.631 668.976 15.8015 9.018 15).

106.86 680.496 50.5108 9.018 Commission
159.926 680.496 40.571 9.018 Delegated
203.002 680.496 43.8776 9.018 Regulation
249.435 680.496 19.9999 9.018 (EU)
271.939 680.496 37.7954 9.018 2016/592
312.25 680.496 8.34666 9.018 of
323.102 680.496 5.01 9.018 1
330.647 680.496 26.1121 9.018 March
359.294 680.496 20.04 9.018 2016
381.839 680.496 58.8475 9.018 supplementing
443.221 680.496 43.8676 9.018 Regulation
489.644 680.496 19.9999 9.018 (EU)
512.149 680.496 12.2444 9.018 No

106.86 691.956 37.7954 9.018 648/2012
147.882 691.956 8.34666 9.018 of
159.455 691.956 12.2039 9.018 the
174.845 691.956 38.2964 9.018 European
216.338 691.956 43.2664 9.018 Parliament
262.831 691.956 14.4689 9.018 and
280.456 691.956 8.34666 9.018 of
292.029 691.956 12.2444 9.018 the
307.44 691.956 31.6532 9.018 Council
342.299 691.956 17.8156 9.018 with
363.291 691.956 25.5109 9.018 regard
392.059 691.956 7.79556 9.018 to
402.961 691.956 41.1722 9.018 regulatory
447.269 691.956 36.1021 9.018 technical
486.557 691.956 37.7654 9.018 standards

106.86 703.496 10.02 9.018 on
119.385 703.496 12.2444 9.018 the
134.134 703.496 32.1542 9.018 clearing
168.794 703.496 40.5509 9.018 obligation
211.85 703.496 14.4689 9.018 (OJ
228.773 703.496 6.12222 9.018 L
237.371 703.496 17.535 9.018 103,
257.411 703.496 42.5048 9.018 19.4.2016,
302.36 703.496 7.515 9.018 p.
312.37 703.496 10.8517 9.018 5).

106.86 715.016 50.5108 9.018 Commission
161.068 715.016 40.591 9.018 Delegated
205.337 715.016 43.8074 9.018 Regulation
252.841 715.016 19.9598 9.018 (EU)
276.479 715.016 42.8054 9.018 2016/1178
322.901 715.016 8.34666 9.018 of
334.875 715.016 10.02 9.018 10
348.542 715.016 18.3667 9.018 June
370.556 715.016 19.9799 9.018 2016
394.234 715.016 58.8274 9.018 supplementing
456.738 715.016 43.9177 9.018 Regulation
504.303 715.016 19.9899 9.018 (EU)

106.86 726.476 12.2444 9.018 No
124.124 726.476 37.7954 9.018 648/2012
166.89 726.476 8.34666 9.018 of
180.307 726.476 12.1543 9.018 the
197.6 726.476 38.3065 9.018 European
240.957 726.476 43.2664 9.018 Parliament
289.253 726.476 14.4689 9.018 and
308.732 726.476 8.34666 9.018 of
322.098 726.476 12.2444 9.018 the
339.313 726.476 31.7333 9.018 Council
376.026 726.476 17.8156 9.018 with
398.812 726.476 25.551 9.018 regard
429.433 726.476 7.70538 9.018 to
442.198 726.476 41.0419 9.018 regulatory
488.27 726.476 36.092 9.018 technical

106.86 737.996 37.7954 9.018 standards
147.11 737.996 10.02 9.018 on
159.635 737.996 12.2044 9.018 the
174.345 737.996 32.1943 9.018 clearing
209.044 737.996 40.561 9.018 obligation
252.11 737.996 14.4188 9.018 (OJ
269.034 737.996 6.12222 9.018 L
277.601 737.996 17.535 9.018 195,
297.581 737.996 42.5249 9.018 20.7.2016,
342.611 737.996 7.515 9.018 p.
352.631 737.996 10.7915 9.018 3).

28.38 784.188 33.348 22.2 EN

294.62 793.224 6 10.8 6

533.62 784.188 33.348 22.2 EN

70.86 59.544 48.012 10.8 regulators
122.316 59.544 9.336 10.8 to
135.084 59.544 14.664 10.8 the
153.18 59.544 30.624 10.8 access
187.236 59.544 9.336 10.8 to
200.004 59.544 20.016 10.8 data
223.44 59.544 9.996 10.8 or
236.868 59.544 14.664 10.8 the
254.976 59.544 38.652 10.8 creation
297.06 59.544 9.996 10.8 of
310.428 59.544 14.664 10.8 the
328.584 59.544 35.328 10.8 Unique
367.272 59.544 56.944 10.8 Transaction
427.648 59.544 44.64 10.8 Identifier
475.732 59.544 27.984 10.8 (UTI)
507.208 59.544 17.328 10.8 and

70.86 73.344 14.664 10.8 the
88.548 73.344 21.336 10.8 Unit
112.884 73.344 37.296 10.8 Product
153.204 73.344 44.58 10.8 Identifier
200.808 73.344 31.32 10.8 (UPI))

70.86 99.264 18 10.8 1.3.

113.34 99.264 61.356 10.8 Consistency
177.636 99.264 22.62 10.8 with
203.256 99.264 27.324 10.8 other
233.58 99.264 31.344 10.8 Union
267.924 99.264 38.052 10.8 policies

70.86 118.944 21.336 10.8 This
96.948 118.944 41.328 10.8 proposal
143.016 118.944 8.004 10.8 is
155.724 118.944 32.676 10.8 related
193.08 118.944 9.336 10.8 to
207.168 118.944 17.328 10.8 and
229.236 118.944 47.952 10.8 consistent
281.94 118.944 21.336 10.8 with
307.968 118.944 14.664 10.8 the
327.384 118.944 39.336 10.8 ongoing
371.412 118.944 42.672 10.8 initiative
418.776 118.944 9.336 10.8 to
432.864 118.944 41.988 10.8 establish
479.58 118.944 5.328 10.8 a
489.648 118.944 34.644 10.8 Capital

70.86 132.764 39.36 10.8 Markets
113.616 132.764 29.94 10.8 Union
146.964 132.764 38.328 10.8 (CMU).
188.652 132.764 41.964 10.8 Efficient
234.048 132.764 17.28 10.8 and
254.736 132.764 38.676 10.8 resilient
296.96 132.764 57.936 10.8 post-trading
358.328 132.764 37.896 10.8 systems
399.644 132.764 17.328 10.8 and
420.392 132.764 44.676 10.8 collateral
468.488 132.764 37.944 10.8 markets
509.792 132.764 14.652 10.8 are

70.86 146.564 41.352 10.8 essential
115.236 146.564 42.516 10.8 elements
160.752 146.564 13.992 10.8 for
177.744 146.564 5.328 10.8 a
186.132 146.564 80.024 10.8 well-functioning
269.156 146.564 34.692 10.8 Capital
306.788 146.564 39.384 10.8 Markets
349.172 146.564 29.928 10.8 Union
382.1 146.564 17.352 10.8 and
402.452 146.564 20.688 10.8 they
426.08 146.564 34.008 10.8 deepen
463.088 146.564 14.664 10.8 the
480.716 146.564 31.296 10.8 efforts
515.012 146.564 9.336 10.8 to

70.86 160.364 36.024 10.8 support
109.884 160.364 60.228 10.8 investments,
173.112 160.364 34.02 10.8 growth
210.132 160.364 17.328 10.8 and
230.46 160.364 20.004 10.8 jobs
253.464 160.364 9.336 10.8 in
265.8 160.364 17.988 10.8 line
286.788 160.364 21.36 10.8 with
311.088 160.364 14.664 10.8 the
328.776 160.364 39.336 10.8 political
371.064 160.364 43.332 10.8 priorities
417.396 160.364 10.02 10.8 of
430.416 160.364 14.664 10.8 the
448.08 160.364 63.612 10.8 Commission.

70.86 192.284 9 10.8 2.

113.34 192.284 41.964 10.8 LEGAL
157.7 192.284 37.704 10.8 BASIS,
197.84 192.284 86.628 10.8 SUBSIDIARITY
286.88 192.284 25.944 10.8 AND
315.2 192.284 119.364 10.8 PROPORTIONALITY

70.86 212.084 18 10.8 2.1.

113.34 212.084 28.668 10.8 Legal
145.04 212.084 25.344 10.8 basis

70.86 231.764 18.66 10.8 The
92.928 231.764 23.304 10.8 legal
119.664 231.764 23.952 10.8 basis
147.06 231.764 13.992 10.8 for
164.388 231.764 17.376 10.8 this
185.124 231.764 41.292 10.8 proposal
229.8 231.764 8.004 10.8 is
241.188 231.764 33.324 10.8 Article
277.896 231.764 18 10.8 114
299.304 231.764 32.88 10.8 TFEU,
335.592 231.764 29.328 10.8 which
368.34 231.764 8.004 10.8 is
379.728 231.764 14.664 10.8 the
397.764 231.764 23.304 10.8 legal
424.44 231.764 24.036 10.8 basis
451.896 231.764 13.992 10.8 for
469.224 231.764 33 10.8 EMIR.
505.632 231.764 18.66 10.8 The

70.86 245.564 38.652 10.8 analysis
113.016 245.564 33.348 10.8 carried
149.832 245.564 15.336 10.8 out
168.66 245.564 9.996 10.8 as
182.148 245.564 18.684 10.8 part
204.324 245.564 9.996 10.8 of
217.752 245.564 14.664 10.8 the
235.908 245.564 33.324 10.8 Impact
272.724 245.564 56.544 10.8 Assessment
332.76 245.564 28.68 10.8 report
364.944 245.564 44.652 10.8 identifies
413.088 245.564 17.964 10.8 that
434.544 245.564 42.624 10.8 elements
480.648 245.564 9.996 10.8 of
494.076 245.564 30.072 10.8 EMIR

70.86 259.364 22.656 10.8 need
101.688 259.364 9.336 10.8 to
119.196 259.364 11.328 10.8 be
138.624 259.364 43.284 10.8 amended
190.16 259.364 9.336 10.8 to
207.668 259.364 44.64 10.8 eliminate
260.432 259.364 78.708 10.8 disproportionate
347.288 259.364 65.364 10.8 costs/burdens
420.764 259.364 9.336 10.8 to
438.212 259.364 25.296 10.8 some
471.668 259.364 52.704 10.8 derivatives

70.86 273.164 67.92 10.8 counterparties
143.472 273.164 17.328 10.8 and
165.48 273.164 9.336 10.8 to
179.448 273.164 39.984 10.8 simplify
224.064 273.164 23.364 10.8 rules
252.06 273.164 36.672 10.8 without
293.436 273.164 33.948 10.8 putting
332.064 273.164 8.616 10.8 at
345.372 273.164 18 10.8 risk
367.98 273.164 42.012 10.8 financial
414.636 273.164 41.7 10.8 stability.
460.992 273.164 24 10.8 Only
489.6 273.164 14.664 10.8 the
508.956 273.164 15.58 10.8 co-

70.86 286.964 49.32 10.8 legislators
123.204 286.964 22.596 10.8 have
148.8 286.964 14.7 10.8 the
166.5 286.964 57.264 10.8 competence
226.728 286.964 9.336 10.8 to
239.064 286.964 25.992 10.8 make
268.056 286.964 14.664 10.8 the
285.756 286.964 46.596 10.8 necessary
335.352 286.964 63.528 10.8 amendments.

70.86 312.884 18 10.8 2.2.

113.34 312.884 62.712 10.8 Subsidiarity
179.06 312.884 19.356 10.8 (for
201.44 312.884 69.312 10.8 non-exclusive
273.74 312.884 63.96 10.8 competence)

70.86 332.564 30 10.8 EMIR
104.928 332.564 9.996 10.8 as
118.956 332.564 5.328 10.8 a
128.304 332.564 48.684 10.8 regulation
181.02 332.564 8.004 10.8 is
193.068 332.564 36.708 10.8 binding
233.784 332.564 9.336 10.8 in
247.092 332.564 11.376 10.8 its
262.488 332.564 36.66 10.8 entirety
303.156 332.564 17.328 10.8 and
324.564 332.564 36.648 10.8 directly
365.22 332.564 49.284 10.8 applicable
418.536 332.564 9.336 10.8 in
431.904 332.564 12 10.8 all
447.972 332.564 40.572 10.8 Member
492.636 332.564 31.644 10.8 States.

70.86 346.364 18.66 10.8 The
98.628 346.364 48.672 10.8 objectives
156.432 346.364 9.996 10.8 of
175.5 346.364 30.06 10.8 EMIR
214.644 346.364 9.336 10.8 to
233.172 346.364 39.324 10.8 mitigate
281.616 346.364 14.664 10.8 the
305.364 346.364 22.704 10.8 risks
337.2 346.364 17.328 10.8 and
363.588 346.364 39.972 10.8 improve
412.692 346.364 14.664 10.8 the
436.488 346.364 61.284 10.8 transparency
506.892 346.364 17.328 10.8 and

70.86 360.164 72.66 10.8 standardisation
147.984 360.164 9.996 10.8 of
162.492 360.164 24 10.8 OTC
191.04 360.164 48.012 10.8 derivative
243.564 360.164 43.308 10.8 contracts
291.36 360.164 12 10.8 by
307.848 360.164 30.024 10.8 laying
342.384 360.164 26.664 10.8 down
373.512 360.164 38.724 10.8 uniform
416.86 360.164 62.652 10.8 requirements
484.012 360.164 13.992 10.8 for
502.48 360.164 21.996 10.8 such

70.86 373.964 43.344 10.8 contracts
119.796 373.964 17.28 10.8 and
142.644 373.964 13.992 10.8 for
162.192 373.964 14.664 10.8 the
182.448 373.964 60.492 10.8 performance
248.532 373.964 9.996 10.8 of
264.06 373.964 43.368 10.8 activities
312.936 373.964 9.996 10.8 of
328.464 373.964 27.3 10.8 CCPs
361.332 373.964 17.388 10.8 and
384.288 373.964 24.024 10.8 trade
413.844 373.964 56.004 10.8 repositories
475.368 373.964 31.944 10.8 cannot
512.904 373.964 11.328 10.8 be

70.86 387.764 54.684 10.8 sufficiently
131.052 387.764 42.684 10.8 achieved
179.328 387.764 12 10.8 by
196.836 387.764 14.664 10.8 the
217.092 387.764 40.632 10.8 Member
263.316 387.764 28.668 10.8 States
297.564 387.764 17.28 10.8 and
320.412 387.764 16.656 10.8 can
342.66 387.764 46.248 10.8 therefore,
394.476 387.764 12 10.8 by
412.044 387.764 31.296 10.8 reason
448.92 387.764 9.996 10.8 of
464.448 387.764 14.664 10.8 the
484.704 387.764 24.012 10.8 scale
514.308 387.764 9.996 10.8 of

70.86 401.564 36.996 10.8 actions,
111.816 401.564 11.328 10.8 be
127.044 401.564 27.348 10.8 better
158.34 401.564 42.612 10.8 achieved
204.888 401.564 8.664 10.8 at
217.524 401.564 29.94 10.8 Union
251.412 401.564 23.352 10.8 level
278.676 401.564 9.336 10.8 in
291.984 401.564 53.964 10.8 accordance
350.12 401.564 21.276 10.8 with
375.368 401.564 14.664 10.8 the
394.004 401.564 42.564 10.8 principle
440.54 401.564 9.996 10.8 of
454.448 401.564 56.028 10.8 subsidiarity
514.424 401.564 9.996 10.8 as

70.86 415.384 13.332 10.8 set
87.228 415.384 15.336 10.8 out
105.528 415.384 9.336 10.8 in
117.864 415.384 33.276 10.8 Article
154.164 415.384 6 10.8 5
163.164 415.384 9.996 10.8 of
176.124 415.384 14.664 10.8 the
193.788 415.384 32.916 10.8 TFEU.

70.86 441.304 18 10.8 2.3.

113.34 441.304 79.332 10.8 Proportionality

70.86 460.984 18.66 10.8 The
94.128 460.984 41.304 10.8 proposal
140.064 460.984 22.596 10.8 aims
167.28 460.984 9.336 10.8 to
181.248 460.984 31.356 10.8 ensure
217.224 460.984 18 10.8 that
239.832 460.984 14.628 10.8 the
259.08 460.984 48.684 10.8 objectives
312.336 460.984 9.996 10.8 of
326.904 460.984 30 10.8 EMIR
361.512 460.984 14.712 10.8 are
380.856 460.984 17.904 10.8 met
403.392 460.984 9.336 10.8 in
417.36 460.984 5.328 10.8 a
427.308 460.984 24.66 10.8 more
456.576 460.984 67.656 10.8 proportionate,

70.86 474.784 41.952 10.8 effective
116.064 474.784 17.328 10.8 and
136.632 474.784 39.972 10.8 efficient
179.856 474.784 38.928 10.8 manner.
222.012 474.784 21.396 10.8 This
246.648 474.784 31.356 10.8 results
281.244 474.784 9.336 10.8 in
293.832 474.784 35.964 10.8 simpler
333.048 474.784 9.996 10.8 or
346.296 474.784 38.004 10.8 reduced
387.552 474.784 62.824 10.8 requirements
453.616 474.784 10.044 10.8 of
466.852 474.784 33.06 10.8 EMIR,
503.116 474.784 21.336 10.8 with

70.86 488.584 5.328 10.8 a
79.968 488.584 23.352 10.8 view
107.064 488.584 9.336 10.8 to
120.192 488.584 42.036 10.8 reducing
165.996 488.584 14.664 10.8 the
184.452 488.584 68.592 10.8 administrative
256.824 488.584 33.348 10.8 burden
293.94 488.584 9.996 10.8 of
307.728 488.584 14.664 10.8 the
326.184 488.584 52.62 10.8 Regulation
382.572 488.584 12 10.8 on
398.34 488.584 63.084 10.8 stakeholders,
465.192 488.584 9.336 10.8 in
478.32 488.584 45.948 10.8 particular

70.86 502.324 12 10.8 on
90.888 502.324 35.34 10.8 smaller
134.22 502.324 24.996 10.8 ones.
167.268 502.324 25.668 10.8 Also,
200.976 502.324 12 10.8 by
221.004 502.324 60.684 10.8 recalibrating
289.716 502.324 32.688 10.8 certain
330.432 502.324 62.532 10.8 requirements
401.004 502.324 10.044 10.8 of
419.1 502.324 33 10.8 EMIR,
460.128 502.324 14.664 10.8 the
482.844 502.324 41.352 10.8 proposal

70.86 516.124 53.352 10.8 contributes
130.416 516.124 36.696 10.8 directly
173.352 516.124 9.336 10.8 to
188.94 516.124 35.928 10.8 making
231.156 516.124 30.048 10.8 EMIR
267.492 516.124 24.564 10.8 more
298.368 516.124 64.692 10.8 proportionate
369.3 516.124 36.58 10.8 overall.
412.156 516.124 12 10.8 At
430.384 516.124 14.664 10.8 the
451.36 516.124 24.588 10.8 same
482.248 516.124 21.228 10.8 time
509.776 516.124 14.664 10.8 the

70.86 529.924 41.352 10.8 proposal
115.884 529.924 21.936 10.8 does
141.492 529.924 15.336 10.8 not
160.5 529.924 12 10.8 go
176.148 529.924 35.328 10.8 beyond
215.136 529.924 23.328 10.8 what
242.124 529.924 8.004 10.8 is
253.812 529.924 46.668 10.8 necessary
304.128 529.924 9.336 10.8 to
317.136 529.924 36.636 10.8 achieve
357.432 529.924 14.628 10.8 the
375.72 529.924 51.636 10.8 objectives,
431.016 529.924 30.024 10.8 taking
464.712 529.924 18.636 10.8 into
486.96 529.924 37.344 10.8 account

70.86 543.724 14.664 10.8 the
88.548 543.724 22.656 10.8 need
114.204 543.724 9.336 10.8 to
126.468 543.724 38.004 10.8 monitor
167.496 543.724 17.328 10.8 and
187.776 543.724 9.336 10.8 to
200.112 543.724 39.324 10.8 mitigate
242.4 543.724 14.628 10.8 the
260.028 543.724 22.692 10.8 risks
285.756 543.724 9.996 10.8 of
298.752 543.724 52.584 10.8 derivatives
354.336 543.724 9.336 10.8 to
366.624 543.724 14.664 10.8 the
384.312 543.724 41.904 10.8 financial
429.216 543.724 41.7 10.8 stability.

70.86 569.644 18 10.8 2.4.

113.34 569.644 35.316 10.8 Choice
151.7 569.644 9.996 10.8 of
164.72 569.644 15.948 10.8 the
183.68 569.644 56.7 10.8 instrument

70.86 589.324 30 10.8 EMIR
103.86 589.324 8.004 10.8 is
114.888 589.324 5.328 10.8 a
123.216 589.324 48.716 10.8 regulation
174.932 589.324 17.268 10.8 and
195.2 589.324 20.004 10.8 thus
218.228 589.324 6.672 10.8 it
227.936 589.324 27.228 10.8 needs
258.164 589.324 9.336 10.8 to
270.5 589.324 11.352 10.8 be
284.852 589.324 43.248 10.8 amended
331.1 589.324 12 10.8 by
346.1 589.324 5.328 10.8 a
354.452 589.324 51.66 10.8 regulation.

70.86 621.244 9 10.8 3.

113.34 621.244 54.636 10.8 RESULTS

194.06 621.244 16.692 10.8 OF

236.72 621.244 51.984 10.8 EX-POST

314.72 621.244 90.96 10.8 EVALUATIONS,

431.74 621.244 92.76 10.8 STAKEHOLDER

113.34 635.044 103.968 10.8 CONSULTATIONS
219.74 635.044 25.992 10.8 AND
248.12 635.044 48.66 10.8 IMPACT
299.18 635.044 85.992 10.8 ASSESSMENTS

70.86 654.844 18 10.8 3.1.

113.34 654.844 39.356 10.8 Ex-post
155.72 654.844 93.924 10.8 evaluations/fitness
252.68 654.844 33.996 10.8 checks
289.64 654.844 9.996 10.8 of
302.66 654.844 39.348 10.8 existing
345.02 654.844 52.008 10.8 legislation

70.86 674.524 18.66 10.8 The
92.52 674.524 33.252 10.8 Impact
128.808 674.524 56.592 10.8 Assessment
188.424 674.524 69.912 10.8 accompanying
261.336 674.524 17.388 10.8 this
281.724 674.524 41.316 10.8 proposal
326.076 674.524 40.04 10.8 contains
369.116 674.524 11.328 10.8 an
383.444 674.524 49.968 10.8 evaluation
436.412 674.524 28.68 10.8 report
468.128 674.524 12 10.8 on
483.068 674.524 33 10.8 EMIR.

70.86 700.344 30 10.8 EMIR
109.068 700.344 18.66 10.8 was
135.936 700.344 41.376 10.8 included
185.46 700.344 9.336 10.8 in
202.968 700.344 14.664 10.8 the
225.864 700.344 24 10.8 2016
258.012 700.344 67.404 10.8 Commission's
333.636 700.344 53.364 10.8 Regulatory
395.232 700.344 33.972 10.8 Fitness
437.388 700.344 17.328 10.8 and
462.936 700.344 61.296 10.8 Performance

70.86 714.144 55.236 10.8 programme
129.756 714.144 44.328 10.8 (REFIT).
177.684 714.144 21.336 10.8 This
202.632 714.144 18.66 10.8 was
224.88 714.144 17.328 10.8 due
245.808 714.144 9.336 10.8 to
258.696 714.144 14.664 10.8 the
276.972 714.144 22.656 10.8 need
303.24 714.144 9.336 10.8 to
316.128 714.144 39.984 10.8 simplify
359.664 714.144 38.7 10.8 targeted
401.928 714.144 24.576 10.8 areas
430.104 714.144 9.996 10.8 of
443.652 714.144 30 10.8 EMIR
477.24 714.144 17.388 10.8 and
498.276 714.144 25.896 10.8 make

70.86 727.944 24.024 10.8 them
100.176 727.944 24.564 10.8 more
130.152 727.944 67.692 10.8 proportionate,
203.148 727.944 9.996 10.8 as
218.496 727.944 48.564 10.8 evidenced
272.412 727.944 12 10.8 by
289.74 727.944 14.664 10.8 the
309.696 727.944 63.512 10.8 contributions
378.548 727.944 9.336 10.8 to
393.236 727.944 14.664 10.8 the
413.252 727.944 29.976 10.8 public
448.568 727.944 58.644 10.8 consultation
512.564 727.944 11.94 10.8 on

70.86 741.744 30 10.8 EMIR
106.008 741.744 17.328 10.8 and
128.496 741.744 14.664 10.8 the
148.332 741.744 20.004 10.8 Call
173.52 741.744 13.992 10.8 for
192.648 741.744 44.652 10.8 Evidence
242.484 741.744 11.94 10.8 on
259.572 741.744 42.012 10.8 financial
306.696 741.744 51.684 10.8 regulation,
363.492 741.744 9.996 10.8 as
378.66 741.744 20.664 10.8 well
404.496 741.744 9.996 10.8 as
419.664 741.744 12 10.8 by
436.812 741.744 14.664 10.8 the
456.648 741.744 67.512 10.8 Commission's

28.38 784.188 33.348 22.2 EN

294.62 793.224 6 10.8 7

533.62 784.188 33.348 22.2 EN

70.86 59.544 32.7 10.8 review
107.964 59.544 9.996 10.8 of
122.352 59.544 14.628 10.8 the
141.42 59.544 53.28 10.8 application
199.128 59.544 9.996 10.8 of
213.516 59.544 33 10.8 EMIR.
255.372 59.544 9.996 10.8 In
269.82 59.544 17.964 10.8 that
292.236 59.544 38.304 10.8 context,
334.932 59.544 14.664 10.8 the
354.048 59.544 49.968 10.8 evaluation
408.444 59.544 40.656 10.8 assessed
453.492 59.544 9.336 10.8 to
467.28 59.544 23.328 10.8 what
495.048 59.544 29.244 10.8 extent

70.86 73.344 37.344 10.8 specific
113.376 73.344 29.94 10.8 policy
148.464 73.344 62.592 10.8 requirements
216.216 73.344 9.336 10.8 in
230.664 73.344 30 10.8 EMIR
265.752 73.344 22.656 10.8 have
293.72 73.344 17.904 10.8 met
316.796 73.344 22.02 10.8 their
343.952 73.344 48.624 10.8 objectives
397.688 73.344 17.328 10.8 and
420.176 73.344 9.336 10.8 in
434.624 73.344 45.972 10.8 particular
485.708 73.344 38.652 10.8 whether

70.86 87.144 24.684 10.8 these
100.236 87.144 62.544 10.8 requirements
167.52 87.144 22.656 10.8 have
194.928 87.144 23.328 10.8 done
222.996 87.144 10.668 10.8 so
238.344 87.144 9.336 10.8 in
252.372 87.144 11.328 10.8 an
268.44 87.144 39.912 10.8 efficient
313.044 87.144 17.328 10.8 and
335.112 87.144 41.916 10.8 effective
381.768 87.144 22.992 10.8 way,
409.476 87.144 26.664 10.8 while
440.844 87.144 8.664 10.8 at
454.2 87.144 14.664 10.8 the
473.556 87.144 24.528 10.8 same
502.824 87.144 21.336 10.8 time

70.86 100.944 26.688 10.8 being
100.548 100.944 44.268 10.8 coherent,
147.816 100.944 38.616 10.8 relevant
189.396 100.944 17.328 10.8 and
209.724 100.944 46.62 10.8 providing
259.344 100.944 15.996 10.8 EU
278.304 100.944 61.772 10.8 added-value.

70.86 126.744 27.276 10.8 Some
103.056 126.744 9.996 10.8 of
117.984 126.744 14.664 10.8 the
137.58 126.744 20.676 10.8 core
163.176 126.744 62.544 10.8 requirements
230.64 126.744 9.996 10.8 of
245.568 126.744 30 10.8 EMIR
280.476 126.744 22.656 10.8 have
308.064 126.744 21.336 10.8 only
334.332 126.744 38.676 10.8 recently
377.928 126.744 37.248 10.8 become
420.4 126.744 49.344 10.8 applicable
474.676 126.744 9.936 10.8 or
489.544 126.744 14.676 10.8 are
509.14 126.744 15.336 10.8 not

70.86 140.564 49.344 10.8 applicable
123.456 140.564 17.628 10.8 yet.
144.312 140.564 27.984 10.8 There
175.548 140.564 8.004 10.8 is
186.816 140.564 43.296 10.8 therefore
233.352 140.564 18.012 10.8 still
254.58 140.564 5.328 10.8 a
263.148 140.564 20.016 10.8 lack
286.404 140.564 9.996 10.8 of
299.592 140.564 42.744 10.8 adequate
345.576 140.564 42.564 10.8 evidence
391.392 140.564 17.328 10.8 and
411.96 140.564 6.672 10.8 it
421.896 140.564 8.004 10.8 is
433.104 140.564 15.336 10.8 too
451.692 140.564 24.024 10.8 early
478.968 140.564 9.336 10.8 to
491.496 140.564 24.012 10.8 draw
518.772 140.564 5.328 10.8 a

70.86 154.364 20.664 10.8 firm
97.008 154.364 52.032 10.8 conclusion
154.632 154.364 12 10.8 on
172.14 154.364 47.42 10.8 long-term
225.056 154.364 40.344 10.8 impacts.
270.98 154.364 18.66 10.8 The
295.148 154.364 53.232 10.8 assessment
353.972 154.364 43.296 10.8 therefore
402.848 154.364 15.276 10.8 did
423.656 154.364 15.336 10.8 not
444.584 154.364 46.584 10.8 constitute
496.76 154.364 5.328 10.8 a
507.668 154.364 16.596 10.8 full

70.86 168.164 50.016 10.8 evaluation
124.404 168.164 9.936 10.8 of
137.832 168.164 33 10.8 EMIR.
174.36 168.164 37.704 10.8 Instead,
215.604 168.164 14.628 10.8 the
233.772 168.164 49.956 10.8 evaluation
287.28 168.164 39.476 10.8 assesses
330.296 168.164 38.652 10.8 whether
372.464 168.164 14.664 10.8 the
390.68 168.164 20.604 10.8 core
414.836 168.164 62.544 10.8 requirements
480.92 168.164 9.996 10.8 of
494.408 168.164 30 10.8 EMIR

70.86 181.964 9.336 10.8 to
85.308 181.964 28.62 10.8 report
119.052 181.964 23.916 10.8 OTC
148.02 181.964 55.632 10.8 derivatives,
208.764 181.964 9.336 10.8 to
223.212 181.964 41.94 10.8 centrally
270.24 181.964 23.316 10.8 clear
298.668 181.964 59.964 10.8 standardised
363.66 181.964 24 10.8 OTC
392.688 181.964 55.74 10.8 derivatives,
453.48 181.964 17.328 10.8 and
475.908 181.964 9.336 10.8 to
490.296 181.964 34.02 10.8 subject

70.86 195.764 46.668 10.8 uncleared
123.336 195.764 23.916 10.8 OTC
153.024 195.764 52.644 10.8 derivatives
211.5 195.764 9.336 10.8 to
226.608 195.764 71.396 10.8 risk-mitigation
303.752 195.764 51.324 10.8 techniques
360.86 195.764 17.28 10.8 and
383.948 195.764 38.592 10.8 margins
428.384 195.764 23.316 10.8 rules
457.52 195.764 22.656 10.8 have
485.948 195.764 17.904 10.8 met
509.684 195.764 14.664 10.8 the

70.86 209.564 54.012 10.8 operational
130.836 209.564 62.604 10.8 requirements
199.5 209.564 12.672 10.8 to:
218.208 209.564 7.332 10.8 i)
231.576 209.564 30.092 10.8 obtain
267.716 209.564 43.932 10.8 complete
317.672 209.564 17.328 10.8 and
341.06 209.564 72.564 10.8 comprehensive
419.684 209.564 56.592 10.8 information
482.348 209.564 11.94 10.8 on
500.336 209.564 24 10.8 OTC

70.86 223.364 52.68 10.8 derivatives
127.356 223.364 46.344 10.8 positions,
177.6 223.364 10.668 10.8 ii)
192.108 223.364 39.336 10.8 increase
235.284 223.364 14.628 10.8 the
253.812 223.364 15.996 10.8 use
273.72 223.364 9.996 10.8 of
287.568 223.364 22.632 10.8 CCP
314.076 223.364 41.676 10.8 clearing,
359.592 223.364 17.28 10.8 and
380.76 223.364 14.004 10.8 iii)
398.628 223.364 39.924 10.8 improve
442.464 223.364 39.324 10.8 bilateral
485.652 223.364 38.676 10.8 clearing

70.86 237.164 45.696 10.8 practices.
120.384 237.164 13.332 10.8 To
137.592 237.164 14.664 10.8 the
156.168 237.164 29.244 10.8 extent
189.264 237.164 42.336 10.8 possible,
235.5 237.164 14.628 10.8 the
254.028 237.164 32.64 10.8 review
290.532 237.164 41.964 10.8 analysed
336.348 237.164 14.664 10.8 the
354.924 237.164 60.492 10.8 performance
419.328 237.164 9.996 10.8 of
433.176 237.164 14.664 10.8 the
451.752 237.164 38.604 10.8 relevant
494.268 237.164 30 10.8 EMIR

70.86 250.964 62.604 10.8 requirements
139.164 250.964 9.336 10.8 in
154.28 250.964 14.664 10.8 the
174.656 250.964 35.304 10.8 context
215.672 250.964 9.996 10.8 of
231.32 250.964 18.66 10.8 five
255.668 250.964 50.016 10.8 evaluation
311.312 250.964 37.344 10.8 criteria:
354.368 250.964 9.996 10.8 1)
370.016 250.964 51.3 10.8 efficiency;
426.98 250.964 9.996 10.8 2)
442.688 250.964 65.94 10.8 effectiveness;
514.352 250.964 9.936 10.8 3)

70.86 264.764 49.32 10.8 relevance;
123.18 264.764 9.96 10.8 4)
136.14 264.764 51.996 10.8 coherence;
191.136 264.764 17.328 10.8 and
211.464 264.764 9.996 10.8 5)
224.46 264.764 58.736 10.8 added-value
286.196 264.764 9.996 10.8 of
299.192 264.764 15.9 10.8 EU
318.092 264.764 32.364 10.8 action.

70.86 290.564 13.332 10.8 As
89.448 290.564 9.336 10.8 to
104.076 290.564 14.628 10.8 the
123.984 290.564 62.58 10.8 effectiveness
191.808 290.564 9.996 10.8 of
207.036 290.564 14.664 10.8 the
226.992 290.564 29.94 10.8 EMIR
262.2 290.564 62.592 10.8 requirements
330.012 290.564 9.336 10.8 to
344.64 290.564 29.916 10.8 obtain
379.848 290.564 43.932 10.8 complete
429.024 290.564 17.328 10.8 and
451.632 290.564 72.624 10.8 comprehensive

70.86 304.364 56.604 10.8 information
130.656 304.364 12 10.8 on
145.824 304.364 24 10.8 OTC
172.932 304.364 55.692 10.8 derivatives,
231.804 304.364 9.476 10.8 to
244.388 304.364 39.3 10.8 increase
286.844 304.364 14.664 10.8 the
304.64 304.364 15.996 10.8 use
323.828 304.364 9.996 10.8 of
336.956 304.364 22.632 10.8 CCP
362.804 304.364 41.676 10.8 clearing,
407.66 304.364 17.28 10.8 and
428.108 304.364 9.336 10.8 to
440.636 304.364 33.972 10.8 subject
477.74 304.364 46.668 10.8 uncleared

70.86 318.164 24 10.8 OTC
98.268 318.164 52.704 10.8 derivatives
154.392 318.164 9.336 10.8 to
167.22 318.164 71.384 10.8 risk-mitigation
242.012 318.164 51.324 10.8 techniques
296.78 318.164 17.28 10.8 and
317.528 318.164 9.336 10.8 to
330.356 318.164 38.556 10.8 margins
372.392 318.164 26.328 10.8 rules,
402.2 318.164 17.304 10.8 this
422.948 318.164 50.016 10.8 evaluation
476.312 318.164 48.024 10.8 concludes

70.86 331.964 21.024 10.8 that,
96.156 331.964 26.604 10.8 while
126.984 331.964 14.628 10.8 the
145.872 331.964 28.008 10.8 initial
178.08 331.964 31.332 10.8 results
213.648 331.964 14.676 10.8 are
232.524 331.964 58.284 10.8 satisfactory,
295.02 331.964 23.976 10.8 there
323.196 331.964 8.004 10.8 is
335.424 331.964 25.332 10.8 room
364.992 331.964 13.992 10.8 for
383.22 331.964 55.356 10.8 simplifying
442.824 331.964 14.664 10.8 the
461.712 331.964 62.592 10.8 requirements

70.86 345.764 36.696 10.8 without
112.548 345.764 33.948 10.8 putting
151.476 345.764 41.94 10.8 financial
198.384 345.764 38.664 10.8 stability
241.98 345.764 8.616 10.8 at
255.528 345.764 21.036 10.8 risk.
281.484 345.764 14.664 10.8 On
301.092 345.764 47.028 10.8 reporting,
353.028 345.764 14.664 10.8 the
372.636 345.764 49.992 10.8 evaluation
427.5 345.764 24 10.8 finds
456.468 345.764 18 10.8 that
479.436 345.764 23.976 10.8 there
508.392 345.764 15.936 10.8 has

70.86 359.564 22.656 10.8 been
98.148 359.564 40.644 10.8 progress
143.424 359.564 9.336 10.8 in
157.392 359.564 14.664 10.8 the
176.688 359.564 47.316 10.8 collection
228.624 359.564 9.996 10.8 of
243.192 359.564 56.592 10.8 information
304.416 359.564 12 10.8 on
321.024 359.564 14.664 10.8 the
340.32 359.564 24 10.8 OTC
368.928 359.564 52.704 10.8 derivatives
426.252 359.564 36.276 10.8 market,
467.136 359.564 15.336 10.8 but
487.044 359.564 18.024 10.8 that
509.7 359.564 14.568 10.8 the

70.86 373.364 44.016 10.8 reporting
118.056 373.364 62.544 10.8 requirements
183.78 373.364 26.688 10.8 could
213.636 373.364 11.328 10.8 be
228.144 373.364 55.896 10.8 streamlined
287.22 373.364 9.336 10.8 to
299.688 373.364 39.924 10.8 improve
342.804 373.364 14.664 10.8 the
360.66 373.364 33.36 10.8 quality
397.176 373.364 9.996 10.8 of
410.304 373.364 14.628 10.8 the
428.38 373.364 20.016 10.8 data
451.516 373.364 39.936 10.8 reported
494.632 373.364 17.328 10.8 and
515.14 373.364 9.336 10.8 to

70.86 387.164 25.896 10.8 make
101.268 387.164 55.416 10.8 supervision
161.172 387.164 24.564 10.8 more
190.248 387.164 44.976 10.8 effective.
239.652 387.164 14.664 10.8 On
258.78 387.164 14.664 10.8 the
277.956 387.164 38.676 10.8 clearing
321.132 387.164 51.588 10.8 obligation,
377.208 387.164 14.664 10.8 the
396.384 387.164 49.944 10.8 evaluation
450.84 387.164 47.94 10.8 concludes
503.268 387.164 21 10.8 that,

70.86 400.964 26.664 10.8 while
101.928 400.964 23.976 10.8 there
130.224 400.964 15.996 10.8 has
150.612 400.964 22.656 10.8 been
177.6 400.964 11.328 10.8 an
193.248 400.964 39.336 10.8 increase
236.904 400.964 9.336 10.8 in
250.572 400.964 14.664 10.8 the
269.628 400.964 25.32 10.8 share
299.316 400.964 9.936 10.8 of
313.584 400.964 24 10.8 OTC
341.892 400.964 52.692 10.8 derivatives
398.964 400.964 18 10.8 that
421.332 400.964 14.604 10.8 are
440.328 400.964 41.976 10.8 centrally
486.612 400.964 37.668 10.8 cleared,

70.86 414.784 24.012 10.8 there
97.944 414.784 14.604 10.8 are
115.62 414.784 5.328 10.8 a
124.008 414.784 36.612 10.8 number
163.692 414.784 9.996 10.8 of
176.7 414.784 44.052 10.8 obstacles
223.812 414.784 9.336 10.8 to
236.22 414.784 30.648 10.8 access
269.928 414.784 32.652 10.8 central
305.84 414.784 38.676 10.8 clearing
347.576 414.784 13.992 10.8 for
364.604 414.784 32.688 10.8 certain
400.34 414.784 33.252 10.8 market
436.664 414.784 58.92 10.8 participants,
498.668 414.784 17.328 10.8 and
519.056 414.784 5.328 10.8 a

70.86 428.584 22.656 10.8 need
98.868 428.584 9.336 10.8 to
113.556 428.584 45.36 10.8 introduce
164.232 428.584 5.328 10.8 a
174.96 428.584 54.588 10.8 mechanism
234.816 428.584 9.336 10.8 to
249.564 428.584 26.688 10.8 allow
281.58 428.584 13.992 10.8 for
300.888 428.584 14.664 10.8 the
320.904 428.584 52.668 10.8 suspension
378.9 428.584 9.996 10.8 of
394.188 428.584 14.664 10.8 the
414.204 428.584 38.712 10.8 clearing
458.268 428.584 48.636 10.8 obligation
512.256 428.584 12 10.8 on

70.86 442.324 42.012 10.8 financial
115.836 442.324 38.7 10.8 stability
157.536 442.324 41.616 10.8 grounds.

70.86 468.124 13.332 10.8 As
87.348 468.124 35.364 10.8 regards
125.892 468.124 50.904 10.8 efficiency,
179.976 468.124 14.628 10.8 the
197.784 468.124 50.016 10.8 evaluation
250.908 468.124 44.652 10.8 identifies
298.752 468.124 37.308 10.8 specific
339.228 468.124 24.624 10.8 areas
366.984 468.124 29.316 10.8 where
399.492 468.124 14.664 10.8 the
417.348 468.124 62.604 10.8 requirements
483.072 468.124 27.004 10.8 could
513.268 468.124 11.328 10.8 be

70.86 481.924 27.348 10.8 better
102.096 481.924 47.316 10.8 calibrated
153.324 481.924 9.336 10.8 to
166.572 481.924 44.652 10.8 eliminate
215.136 481.924 78.612 10.8 disproportionate
297.648 481.924 65.304 10.8 costs/burdens
366.792 481.924 32.676 10.8 related
403.368 481.924 9.336 10.8 to
416.616 481.924 32.628 10.8 certain
453.132 481.924 57.312 10.8 transactions
514.368 481.924 9.936 10.8 or

70.86 495.724 9.336 10.8 to
88.908 495.724 32.652 10.8 certain
130.176 495.724 52.68 10.8 derivatives
191.472 495.724 67.92 10.8 counterparties
268.104 495.724 18.636 10.8 (i.e.
295.44 495.724 25.944 10.8 small
330.096 495.724 41.904 10.8 financial
380.712 495.724 70.98 10.8 counterparties,
460.368 495.724 64.168 10.8 non-financial

70.86 509.524 70.92 10.8 counterparties,
145.992 509.524 37.296 10.8 pension
187.44 509.524 33.66 10.8 funds).
225.288 509.524 9.996 10.8 In
239.436 509.524 26.568 10.8 terms
270.204 509.524 9.996 10.8 of
284.352 509.524 49.044 10.8 relevance,
337.584 509.524 14.628 10.8 the
356.412 509.524 50.188 10.8 evaluation
410.788 509.524 47.964 10.8 concludes
462.904 509.524 18 10.8 that
485.092 509.524 14.628 10.8 the
503.92 509.524 20.652 10.8 core

70.86 523.324 62.604 10.8 requirements
139.224 523.324 9.996 10.8 of
154.932 523.324 30 10.8 EMIR
190.68 523.324 33.276 10.8 remain
229.704 523.324 36.684 10.8 integral
272.1 523.324 9.336 10.8 to
287.208 523.324 60.624 10.8 international
353.544 523.324 31.236 10.8 efforts
390.54 523.324 9.336 10.8 to
405.648 523.324 32.676 10.8 reform
443.964 523.324 14.664 10.8 the
464.4 523.324 30 10.8 global
500.196 523.324 24 10.8 OTC

70.86 537.124 52.68 10.8 derivatives
129.996 537.124 36.276 10.8 market.
172.74 537.124 44.004 10.8 Effective
223.224 537.124 17.328 10.8 and
247.032 537.124 39.972 10.8 efficient
293.496 537.124 30 10.8 EMIR
329.964 537.124 23.364 10.8 rules
359.76 537.124 19.356 10.8 also
385.596 537.124 48.624 10.8 contribute
440.712 537.124 9.336 10.8 to
456.54 537.124 46.656 10.8 achieving
509.688 537.124 14.628 10.8 the

70.86 550.924 67.404 10.8 Commission's
143.124 550.924 39.336 10.8 ongoing
187.332 550.924 42.744 10.8 initiative
234.936 550.924 9.336 10.8 to
249.144 550.924 42.024 10.8 establish
296.028 550.924 5.328 10.8 a
306.216 550.924 34.856 10.8 Capital
345.944 550.924 39.276 10.8 Markets
390.08 550.924 30 10.8 Union
424.928 550.924 17.328 10.8 and
447.116 550.924 9.336 10.8 to
461.324 550.924 14.664 10.8 the
480.86 550.924 21.336 10.8 Jobs
507.068 550.924 17.328 10.8 and

70.86 564.724 36.66 10.8 Growth
110.52 564.724 33.984 10.8 agenda
147.528 564.724 9.336 10.8 in
159.864 564.724 18 10.8 line
180.828 564.724 21.336 10.8 with
205.164 564.724 14.7 10.8 the
222.864 564.724 39.312 10.8 political
265.176 564.724 43.272 10.8 priorities
311.448 564.724 9.996 10.8 of
324.444 564.724 14.664 10.8 the
342.108 564.724 63.648 10.8 Commission.

70.86 590.524 30 10.8 EMIR
104.268 590.524 8.004 10.8 is
115.716 590.524 41.292 10.8 coherent
160.44 590.524 21.276 10.8 with
185.088 590.524 24.684 10.8 other
213.204 590.524 29.976 10.8 pieces
246.54 590.524 9.996 10.8 of
259.908 590.524 15.996 10.8 EU
279.276 590.524 53.076 10.8 legislation,
335.76 590.524 9.996 10.8 as
349.188 590.524 39.276 10.8 outlined
391.884 590.524 9.336 10.8 in
404.652 590.524 14.628 10.8 the
422.64 590.524 47.62 10.8 follow-up
473.668 590.524 9.336 10.8 to
486.376 590.524 14.664 10.8 the
504.472 590.524 20.004 10.8 Call

70.86 604.324 13.992 10.8 for
90.348 604.324 44.652 10.8 Evidence
140.544 604.324 17.328 10.8 and
163.392 604.324 9.336 10.8 in
178.26 604.324 14.628 10.8 the
198.408 604.324 67.404 10.8 Commission's
271.332 604.324 44.076 10.8 proposed
320.928 604.324 56.144 10.8 amendment
382.604 604.324 9.336 10.8 to
397.472 604.324 14.664 10.8 the
417.608 604.324 34.692 10.8 Capital
457.832 604.324 66.564 10.8 Requirements

70.86 618.124 55.704 10.8 Regulation.
129.564 618.124 10.032 10.8 In
142.644 618.124 26.616 10.8 terms
172.32 618.124 9.996 10.8 of
185.328 618.124 14.736 10.8 the
203.124 618.124 15.996 10.8 EU
222.12 618.124 28.68 10.8 added
253.86 618.124 29.016 10.8 value,
285.936 618.124 29.94 10.8 EMIR
318.924 618.124 38.016 10.8 covered
359.94 618.124 5.328 10.8 a
368.34 618.124 17.328 10.8 gap
388.728 618.124 18.024 10.8 that
409.824 618.124 33.996 10.8 existed
446.82 618.124 9.36 10.8 in
459.228 618.124 49.968 10.8 legislation
512.244 618.124 12 10.8 by

70.86 631.924 55.368 10.8 introducing
129.876 631.924 5.328 10.8 a
138.924 631.924 19.992 10.8 new
162.612 631.924 52.656 10.8 framework
218.976 631.924 33.336 10.8 aiming
256.02 631.924 9.336 10.8 to
269.088 631.924 36.012 10.8 address
308.784 631.924 9.336 10.8 in
321.852 631.924 5.328 10.8 a
330.9 631.924 38.664 10.8 uniform
373.248 631.924 36.012 10.8 process
412.992 631.924 8.664 10.8 at
425.388 631.924 15.996 10.8 EU
445.056 631.924 23.352 10.8 level
472.14 631.924 14.628 10.8 the
490.488 631.924 20.016 10.8 lack
514.224 631.924 9.996 10.8 of

70.86 645.724 61.344 10.8 transparency
135.168 645.724 9.996 10.8 of
148.164 645.724 14.664 10.8 the
165.828 645.724 24 10.8 OTC
192.816 645.724 52.68 10.8 derivatives
248.424 645.724 33.308 10.8 market
284.756 645.724 17.328 10.8 and
305.084 645.724 14.664 10.8 the
322.784 645.724 32.676 10.8 related
358.46 645.724 41.904 10.8 systemic
403.388 645.724 25.704 10.8 risks.

70.86 671.644 18 10.8 3.2.

113.34 671.644 62.016 10.8 Stakeholder
178.4 671.644 67.308 10.8 consultations

70.86 691.324 21.336 10.8 This
95.568 691.324 41.328 10.8 proposal
140.256 691.324 29.304 10.8 builds
172.944 691.324 12 10.8 on
188.232 691.324 5.328 10.8 a
196.92 691.324 30.036 10.8 public
230.256 691.324 58.656 10.8 consultation
292.26 691.324 12 10.8 on
307.548 691.324 30 10.8 EMIR
340.896 691.324 32.676 10.8 review
376.872 691.324 29.328 10.8 which
409.56 691.324 21.336 10.8 took
434.268 691.324 25.344 10.8 place
462.924 691.324 9.336 10.8 in
475.632 691.324 14.628 10.8 the
493.62 691.324 30.684 10.8 period

70.86 705.144 23.364 10.8 from
98.556 705.144 21.996 10.8 May
125.004 705.144 9.408 10.8 to
138.84 705.144 34.668 10.8 August
177.948 705.144 27.048 10.8 2015.
209.424 705.144 18.66 10.8 The
232.512 705.144 58.752 10.8 consultation
295.716 705.144 46.596 10.8 generated
346.74 705.144 24.612 10.8 more
375.804 705.144 20.688 10.8 than
400.92 705.144 18 10.8 170
423.348 705.144 63.324 10.8 contributions
491.112 705.144 23.364 10.8 from
518.808 705.144 5.328 10.8 a

28.38 784.188 33.348 22.2 EN

294.62 793.224 6 10.8 8

533.62 784.188 33.348 22.2 EN

70.86 59.544 27.348 10.8 broad
103.956 59.544 26.652 10.8 range
136.308 59.544 9.996 10.8 of
152.016 59.544 60 10.8 stakeholders
212.06 56.7697 8.01 7.182 13
220.1 59.544 3 10.8 .
228.848 59.544 13.332 10.8 As
247.916 59.544 18.684 10.8 part
272.372 59.544 9.996 10.8 of
288.08 59.544 14.628 10.8 the
308.468 59.544 61.644 10.8 consultation,
375.824 59.544 5.328 10.8 a
386.912 59.544 29.964 10.8 public
422.648 59.544 35.964 10.8 hearing
464.324 59.544 18.66 10.8 was
488.672 59.544 20.688 10.8 held
515.108 59.544 9.336 10.8 in

70.86 73.344 40.692 10.8 Brussels
116.916 73.344 12 10.8 on
134.184 73.344 12 10.8 29
151.512 73.344 21.996 10.8 May
178.86 73.344 27.048 10.8 2015,
211.236 73.344 17.328 10.8 and
233.904 73.344 6.672 10.8 it
245.94 73.344 41.34 10.8 gathered
292.596 73.344 33.324 10.8 around
331.224 73.344 18 10.8 200
354.552 73.344 60.024 10.8 stakeholders
414.76 70.5697 8.01 7.182 14
422.8 73.344 3 10.8 .
431.188 73.344 39.348 10.8 Specific
475.864 73.344 24.636 10.8 input
505.852 73.344 18.66 10.8 was

70.86 87.144 40.668 10.8 received
114.696 87.144 23.256 10.8 from
141.084 87.144 36.336 10.8 ESMA,
180.552 87.144 46.044 10.8 European
229.776 87.144 43.872 10.8 Systemic
276.84 87.144 22.008 10.8 Risk
302.028 87.144 29.328 10.8 Board
334.536 87.144 17.328 10.8 and
355.044 87.144 45.936 10.8 European
404.16 87.144 35.304 10.8 System
442.536 87.144 9.996 10.8 of
455.724 87.144 35.364 10.8 Central
494.28 87.144 30 10.8 Banks

70.86 100.944 9.336 10.8 in
84.768 100.944 18.036 10.8 line
107.376 100.944 21.276 10.8 with
133.164 100.944 14.664 10.8 the
152.4 100.944 67.464 10.8 Commission's
224.484 100.944 40.596 10.8 mandate
269.64 100.944 9.336 10.8 to
283.488 100.944 32.64 10.8 review
320.664 100.944 33 10.8 EMIR.
358.212 100.944 9.996 10.8 In
372.78 100.944 5.328 10.8 a
382.668 100.944 32.676 10.8 related
419.844 100.944 20.004 10.8 area
444.42 100.944 14.628 10.8 the
463.608 100.944 60.648 10.8 Commission

70.86 114.744 33.348 10.8 carried
109.536 114.744 15.276 10.8 out
130.104 114.744 5.328 10.8 a
140.772 114.744 29.964 10.8 public
176.088 114.744 58.644 10.8 consultation
240.024 114.744 35.988 10.8 entitled
281.34 114.744 19.932 10.8 Call
306.528 114.744 13.992 10.8 for
325.836 114.744 44.652 10.8 Evidence
375.804 114.744 40.008 10.8 between
421.02 114.744 51.264 10.8 September
477.636 114.744 24 10.8 2015
506.964 114.744 17.328 10.8 and

70.86 128.544 37.344 10.8 January
112.476 128.544 26.94 10.8 2016.
143.664 128.544 18.66 10.8 The
166.572 128.544 58.656 10.8 consultation
229.476 128.544 31.956 10.8 sought
265.704 128.544 46.26 10.8 feedback,
316.212 128.544 40.632 10.8 concrete
361.056 128.544 45.276 10.8 examples
410.592 128.544 17.328 10.8 and
432.18 128.544 45.3 10.8 empirical
481.692 128.544 42.916 10.8 evidence

70.86 142.364 12 10.8 on
86.328 142.364 14.664 10.8 the
104.484 142.364 32.592 10.8 impact
140.58 142.364 9.996 10.8 of
154.008 142.364 15.996 10.8 EU
173.436 142.364 49.332 10.8 regulatory
226.26 142.364 52.608 10.8 framework
282.348 142.364 13.992 10.8 for
299.796 142.364 41.964 10.8 financial
345.252 142.364 41.652 10.8 services.
390.396 142.364 18.66 10.8 The
412.524 142.364 57.252 10.8 respondents
473.28 142.364 9.336 10.8 to
486.048 142.364 14.664 10.8 the
504.204 142.364 20.004 10.8 Call

70.86 156.164 13.992 10.8 for
88.128 156.164 44.652 10.8 Evidence
136.056 156.164 19.356 10.8 also
158.652 156.164 28.68 10.8 raised
190.548 156.164 31.284 10.8 claims
225.132 156.164 12 10.8 on
240.42 156.164 30 10.8 EMIR
270.56 153.39 8.01 7.182 15
278.6 156.164 3 10.8 .
284.888 156.164 8.664 10.8 A
296.816 156.164 30.036 10.8 public
330.152 156.164 35.964 10.8 hearing
369.308 156.164 18.66 10.8 was
391.256 156.164 20.688 10.8 held
415.232 156.164 9.336 10.8 in
427.82 156.164 40.692 10.8 Brussels
471.836 156.164 12 10.8 on
487.064 156.164 12 10.8 17
502.352 156.164 21.996 10.8 May

70.86 169.964 24 10.8 2016
94.86 167.19 8.01 7.182 16
102.9 169.964 3 10.8 .
110.148 169.964 14.664 10.8 On
129.036 169.964 6 10.8 7
139.224 169.964 49.224 10.8 December
192.72 169.964 27 10.8 2016,
223.968 169.964 14.664 10.8 the
242.856 169.964 60.648 10.8 Commission
307.752 169.964 45.996 10.8 consulted
357.936 169.964 14.664 10.8 the
376.824 169.964 40.584 10.8 Member
421.68 169.964 28.644 10.8 States
454.78 169.964 34.656 10.8 experts
493.648 169.964 12 10.8 on
509.896 169.964 14.628 10.8 the

70.86 183.764 41.292 10.8 different
115.176 183.764 29.988 10.8 policy
148.164 183.764 35.34 10.8 options
186.504 183.764 9.336 10.8 in
198.84 183.764 14.664 10.8 the
216.504 183.764 24.648 10.8 areas
244.152 183.764 45.996 10.8 identified
293.148 183.764 9.336 10.8 in
305.484 183.764 14.628 10.8 the
323.112 183.764 28.68 10.8 report
354.792 183.764 12 10.8 on
369.732 183.764 14.664 10.8 the
387.42 183.764 32.64 10.8 review
423.06 183.764 9.912 10.8 of
435.972 183.764 29.976 10.8 EMIR
466.12 180.99 8.01 7.182 17
474.16 183.764 3 10.8 .

70.86 209.564 47.34 10.8 Generally
126.396 209.564 14.628 10.8 the
149.244 209.564 48.624 10.8 objectives
206.1 209.564 9.996 10.8 of
224.268 209.564 30.072 10.8 EMIR
262.524 209.564 9.996 10.8 of
280.752 209.564 50.076 10.8 promoting
339.048 209.564 61.284 10.8 transparency
408.564 209.564 17.28 10.8 and
434.052 209.564 72.684 10.8 standardisation
514.944 209.564 9.336 10.8 in

70.86 223.364 52.68 10.8 derivatives
126.936 223.364 37.944 10.8 markets
168.36 223.364 17.328 10.8 and
189.168 223.364 41.964 10.8 reducing
234.624 223.364 41.892 10.8 systemic
280.008 223.364 18.036 10.8 risk
301.464 223.364 37.296 10.8 through
342.252 223.364 11.34 10.8 its
357.06 223.364 20.604 10.8 core
381.156 223.364 62.74 10.8 requirements
447.376 223.364 23.316 10.8 were
474.184 223.364 50.376 10.8 supported.

70.86 237.164 28.656 10.8 These
103.548 237.164 20.676 10.8 core
128.244 237.164 62.604 10.8 requirements
204.92 237.164 32.712 10.8 central
241.664 237.164 41.688 10.8 clearing,
287.36 237.164 33.924 10.8 margin
325.316 237.164 65.544 10.8 requirements,
394.88 237.164 54.096 10.8 operational
452.984 237.164 18.036 10.8 risk
474.98 237.164 49.344 10.8 mitigation

70.86 250.964 65.604 10.8 requirements,
140.604 250.964 44.016 10.8 reporting
188.76 250.964 17.328 10.8 and
210.228 250.964 62.544 10.8 requirements
276.972 250.964 13.992 10.8 for
295.08 250.964 27.336 10.8 CCPs
326.556 250.964 17.328 10.8 and
348.024 250.964 24.024 10.8 trade
376.2 250.964 56.004 10.8 repositories
446.74 250.964 23.316 10.8 were
474.208 250.964 21.348 10.8 seen
499.684 250.964 9.336 10.8 to
513.172 250.964 11.328 10.8 be

70.86 264.764 46.644 10.8 achieving
123.996 264.764 14.628 10.8 the
145.104 264.764 48.624 10.8 objectives
200.22 264.764 9.996 10.8 of
216.648 264.764 33 10.8 EMIR,
256.116 264.764 17.328 10.8 and
279.924 264.764 48.672 10.8 delivering
335.24 264.764 12 10.8 on
353.708 264.764 11.34 10.8 its
371.516 264.764 60.66 10.8 international
438.644 264.764 65.244 10.8 commitments
510.428 264.764 13.992 10.8 for

70.86 278.564 49.344 10.8 regulatory
125.316 278.564 35.568 10.8 reform.
166.032 278.564 47.004 10.8 However,
218.148 278.564 14.664 10.8 the
237.924 278.564 59.988 10.8 stakeholders
303.012 278.564 54.696 10.8 highlighted
362.796 278.564 5.328 10.8 a
373.284 278.564 36.564 10.8 number
415.02 278.564 9.996 10.8 of
430.128 278.564 24.672 10.8 areas
459.924 278.564 29.316 10.8 where
494.412 278.564 30 10.8 EMIR

70.86 292.364 62.604 10.8 requirements
136.764 292.364 26.688 10.8 could
166.74 292.364 11.328 10.8 be
181.368 292.364 39.996 10.8 adjusted
224.664 292.364 36.576 10.8 without
264.552 292.364 69.276 10.8 compromising
337.116 292.364 12 10.8 on
352.404 292.364 11.376 10.8 its
367.08 292.364 33.348 10.8 overall
403.716 292.364 48.624 10.8 objectives
455.652 292.364 9.336 10.8 in
468.3 292.364 25.284 10.8 order
496.896 292.364 12.672 10.8 to:
512.892 292.364 11.328 10.8 (i)

70.86 306.164 39.984 10.8 simplify
113.916 306.164 17.328 10.8 and
134.364 306.164 39.336 10.8 increase
176.76 306.164 14.664 10.8 the
194.508 306.164 47.964 10.8 efficiency
245.592 306.164 10.064 10.8 of
258.728 306.164 14.664 10.8 the
276.524 306.164 65.832 10.8 requirements;
345.5 306.164 17.328 10.8 and
365.948 306.164 14.664 10.8 (ii)
383.696 306.164 31.944 10.8 reduce
418.772 306.164 78.6 10.8 disproportionate
500.48 306.164 24 10.8 costs

70.86 319.964 17.328 10.8 and
94.668 319.964 40.956 10.8 burdens.
142.104 319.964 18.66 10.8 The
167.232 319.964 41.352 10.8 proposal
215.076 319.964 24.624 10.8 takes
246.192 319.964 17.304 10.8 this
270 319.964 55.272 10.8 stakeholder
331.764 319.964 43.26 10.8 feedback
381.492 319.964 18.708 10.8 into
406.668 319.964 37.284 10.8 account
450.444 319.964 12 10.8 by
468.912 319.964 55.368 10.8 introducing

70.86 333.764 38.676 10.8 targeted
113.496 333.764 60.516 10.8 amendments
177.972 333.764 9.336 10.8 to
191.28 333.764 33 10.8 EMIR,
228.228 333.764 9.336 10.8 in
241.536 333.764 46.008 10.8 particular
291.492 333.764 12 10.8 by
307.38 333.764 7.332 10.8 i)
322.644 333.764 27.276 10.8 better
353.892 333.764 51.336 10.8 calibrating
409.176 333.764 14.628 10.8 the
427.704 333.764 53.376 10.8 application
484.968 333.764 9.996 10.8 of
498.876 333.764 25.296 10.8 some

70.86 347.564 62.604 10.8 requirements
140.604 347.564 9.336 10.8 to
157.092 347.564 37.364 10.8 specific
201.596 347.564 31.692 10.8 actors,
240.452 347.564 35.964 10.8 notably
283.568 347.564 9.336 10.8 to
300.056 347.564 25.884 10.8 small
333.092 347.564 42.072 10.8 financial
382.316 347.564 70.956 10.8 counterparties,
460.412 347.564 64.16 10.8 non-financial

70.86 361.364 67.92 10.8 counterparties
143.052 361.364 17.328 10.8 and
164.64 361.364 37.332 10.8 pension
206.208 361.364 29.664 10.8 funds,
240.096 361.364 10.704 10.8 ii)
255.072 361.364 45.924 10.8 removing
305.268 361.364 44.052 10.8 obstacles
353.58 361.364 9.336 10.8 to
367.188 361.364 38.628 10.8 clearing
410.064 361.364 17.328 10.8 and
431.652 361.364 14.04 10.8 iii)
449.928 361.364 55.32 10.8 simplifying
509.484 361.364 14.664 10.8 the

70.86 375.164 26.364 10.8 rules,
102.396 375.164 45.276 10.8 including
152.844 375.164 43.968 10.8 reporting
201.96 375.164 65.652 10.8 requirements.
277.92 375.164 8.664 10.8 A
291.708 375.164 36.708 10.8 number
333.564 375.164 9.996 10.8 of
348.672 375.164 62.304 10.8 stakeholders'
416.064 375.164 39.384 10.8 requests
460.608 375.164 26.664 10.8 could
492.396 375.164 15.336 10.8 not
512.904 375.164 11.328 10.8 be

70.86 388.964 42 10.8 reflected
119.076 388.964 9.336 10.8 in
134.604 388.964 14.664 10.8 the
155.52 388.964 41.268 10.8 proposal
203.028 388.964 37.944 10.8 because
247.164 388.964 9.996 10.8 of
263.352 388.964 14.664 10.8 the
284.268 388.964 22.656 10.8 need
313.116 388.964 9.336 10.8 to
328.704 388.964 31.32 10.8 ensure
366.192 388.964 30 10.8 EMIR
402.42 388.964 45.984 10.8 continues
454.656 388.964 9.336 10.8 to
470.184 388.964 36.636 10.8 achieve
513 388.964 11.34 10.8 its

70.86 402.764 48.684 10.8 objectives
124.056 402.764 9.336 10.8 to
137.904 402.764 39.924 10.8 promote
182.4 402.764 61.308 10.8 transparency
248.208 402.764 17.328 10.8 and
270.096 402.764 72.636 10.8 standardisation
347.232 402.764 9.336 10.8 in
361.08 402.764 52.68 10.8 derivatives
418.236 402.764 37.944 10.8 markets
460.74 402.764 9.996 10.8 as
475.248 402.764 20.664 10.8 well
500.484 402.764 9.996 10.8 as
514.992 402.764 9.336 10.8 to

70.86 416.584 32.004 10.8 reduce
105.996 416.584 41.844 10.8 systemic
151.032 416.584 21.036 10.8 risk,
175.248 416.584 37.956 10.8 because
216.384 416.584 9.996 10.8 of
229.452 416.584 57.372 10.8 institutional
289.956 416.584 48.612 10.8 constrains
341.772 416.584 9.936 10.8 or
354.9 416.584 37.956 10.8 because
396.036 416.584 9.996 10.8 of
409.104 416.584 14.664 10.8 the
426.9 416.584 33.58 10.8 REFIT
463.648 416.584 29.976 10.8 nature
496.804 416.584 9.996 10.8 of
509.932 416.584 14.628 10.8 the

70.86 430.324 44.376 10.8 proposal.
119.004 430.324 27.264 10.8 Other
150.06 430.324 30 10.8 EMIR
183.828 430.324 32.652 10.8 related
220.236 430.324 28.668 10.8 issues
252.624 430.324 27.912 10.8 might
284.34 430.324 22.656 10.8 need
310.788 430.324 9.336 10.8 to
323.916 430.324 11.328 10.8 be
339.024 430.324 32.556 10.8 further
375.372 430.324 40.656 10.8 assessed
419.796 430.324 17.28 10.8 and
440.844 430.324 49.308 10.8 developed
493.92 430.324 9.336 10.8 in
507.048 430.324 17.268 10.8 due

70.86 444.124 21.276 10.8 time
95.136 444.124 30.048 10.8 taking
128.184 444.124 18.636 10.8 into
149.82 444.124 64.668 10.8 consideration
217.488 444.124 28.62 10.8 future
249.048 444.124 69.624 10.8 developments.

70.86 470.044 18 10.8 3.3.

113.34 470.044 36.684 10.8 Impact
153.08 470.044 58.644 10.8 Assessment

70.86 489.724 18.66 10.8 The
93.108 489.724 60.684 10.8 Commission
157.38 489.724 49.296 10.8 conducted
210.276 489.724 11.328 10.8 an
225.144 489.724 32.592 10.8 impact
261.36 489.724 53.232 10.8 assessment
318.204 489.724 20.616 10.8 (IA)
342.432 489.724 9.996 10.8 of
355.98 489.724 38.616 10.8 relevant
398.208 489.724 29.964 10.8 policy
431.98 489.724 58.272 10.8 alternatives.
493.864 489.724 30.672 10.8 Policy

70.86 503.524 35.376 10.8 options
109.896 503.524 23.268 10.8 were
136.824 503.524 40.704 10.8 assessed
181.188 503.524 33.972 10.8 against
218.844 503.524 14.628 10.8 the
237.132 503.524 17.328 10.8 key
258.12 503.524 48.636 10.8 objectives
310.58 503.524 9.336 10.8 to
323.588 503.524 39.336 10.8 increase
366.524 503.524 72 10.8 proportionality
442.196 503.524 9.996 10.8 of
455.804 503.524 23.364 10.8 rules
482.78 503.524 18.024 10.8 that
504.476 503.524 19.992 10.8 lead

70.86 517.324 9.336 10.8 to
83.808 517.324 58.608 10.8 unnecessary
146.016 517.324 68.616 10.8 administrative
218.232 517.324 33.264 10.8 burden
255.06 517.324 17.328 10.8 and
275.988 517.324 55.272 10.8 compliance
334.824 517.324 24 10.8 costs
362.352 517.324 36.672 10.8 without
402.648 517.324 33.948 10.8 putting
440.196 517.324 41.964 10.8 financial
485.712 517.324 38.676 10.8 stability

70.86 531.124 8.664 10.8 at
82.548 531.124 17.964 10.8 risk
103.512 531.124 17.364 10.8 and
123.876 531.124 9.3 10.8 to
136.176 531.124 39.336 10.8 increase
178.512 531.124 14.628 10.8 the
196.14 531.124 61.284 10.8 transparency
260.424 531.124 9.996 10.8 of
273.42 531.124 23.952 10.8 OTC
300.336 531.124 52.728 10.8 derivatives
356.064 531.124 43.284 10.8 positions
402.348 531.124 17.328 10.8 and
422.64 531.124 51.024 10.8 exposures.

70.86 556.924 18.66 10.8 The
96.288 556.924 32.592 10.8 impact
135.684 556.924 53.232 10.8 assessment
195.708 556.924 18.66 10.8 was
221.136 556.924 44.768 10.8 approved
272.648 556.924 12 10.8 by
291.356 556.924 14.664 10.8 the
312.764 556.924 53.304 10.8 Regulatory
372.8 556.924 40.668 10.8 Scrutiny
420.188 556.924 29.328 10.8 Board
456.296 556.924 30.636 10.8 (RSB)
493.724 556.924 12 10.8 on
512.492 556.924 12 10.8 16

70.86 570.724 43.344 10.8 February
117.576 570.724 26.94 10.8 2017.
147.864 570.724 7.332 10.8 It
158.58 570.724 17.328 10.8 had
179.268 570.724 22.548 10.8 been
205.176 570.724 47.316 10.8 submitted
255.84 570.724 9.336 10.8 to
268.548 570.724 14.664 10.8 the
286.584 570.724 22.584 10.8 RSB
312.492 570.724 12 10.8 on
327.84 570.724 6 10.8 1
337.188 570.724 46.344 10.8 February,
386.904 570.724 15.336 10.8 but
405.552 570.724 14.664 10.8 the
423.54 570.724 22.644 10.8 RSB
449.568 570.724 25.896 10.8 made
478.896 570.724 5.328 10.8 a
487.584 570.724 36.564 10.8 number

70.86 584.524 9.996 10.8 of
84.408 584.524 85.368 10.8 recommendations
173.4 584.524 13.992 10.8 for
190.908 584.524 68.64 10.8 improvements
263.172 584.524 17.328 10.8 and
284.1 584.524 20.004 10.8 thus
307.668 584.524 14.664 10.8 the
325.944 584.524 12.66 10.8 IA
342.192 584.524 18.66 10.8 was
364.38 584.524 56.664 10.8 resubmitted
424.572 584.524 12 10.8 on
440.16 584.524 6 10.8 8
449.748 584.524 43.32 10.8 February
496.656 584.524 9.336 10.8 to
509.604 584.524 14.664 10.8 the

70.86 598.324 25.644 10.8 RSB.
100.068 598.324 18.66 10.8 The
122.316 598.324 65.976 10.8 modifications
191.832 598.324 51.404 10.8 introduced
246.788 598.324 9.336 10.8 in
259.616 598.324 14.664 10.8 the
277.832 598.324 12.66 10.8 IA
294.02 598.324 9.336 10.8 to
306.908 598.324 20.016 10.8 take
330.464 598.324 18.708 10.8 into
352.7 598.324 64.644 10.8 consideration
420.896 598.324 14.628 10.8 the
439.064 598.324 85.308 10.8 recommendations

70.86 612.124 12 10.8 by
85.86 612.124 14.664 10.8 the
103.548 612.124 22.644 10.8 RSB
129.192 612.124 23.292 10.8 were
155.484 612.124 14.688 10.8 the
173.172 612.124 49.944 10.8 following:

70.86 643.914 6.48 5.832 13

99.24 645.996 15.5811 9.018 The

131.514 645.996 48.8675 9.018 consultation

197.075 645.996 14.4288 9.018 and

228.147 645.996 12.2444 9.018 the

257.055 645.996 37.1542 9.018 summary

310.862 645.996 8.34666 9.018 of

335.922 645.996 12.2444 9.018 the

364.83 645.996 38.9978 9.018 responses

420.491 645.996 13.8276 9.018 can

450.962 645.996 9.45888 9.018 be

477.114 645.996 23.3366 9.018 found

517.124 645.996 7.23444 9.018 at

99.24 657.516 301.464 9.018 http://ec.europa.eu/finance/consultations/2015/emir-revision/index_en.htm.

70.86 666.894 6.48 5.832 14

99.24 668.976 47.7253 9.018 Information
149.49 668.976 13.9078 9.018 can
165.903 668.976 9.45888 9.018 be
177.827 668.976 23.3366 9.018 found
203.668 668.976 7.23444 9.018 at
213.408 668.976 297.656 9.018 http://ec.europa.eu/finance/events/2015/0529-emir-revision/index_en.htm.

70.86 678.414 6.48 5.832 15

99.24 680.496 15.5811 9.018 The
120.953 680.496 48.8174 9.018 consultation
175.883 680.496 13.8276 9.018 can
195.793 680.496 9.45888 9.018 be
211.324 680.496 23.3767 9.018 found
240.772 680.496 7.23444 9.018 at
254.18 680.496 270.357 9.018 http://ec.europa.eu/finance/consultations/2015/financial-regulatory-

99.24 691.956 134.345 9.018 framework-review/index_en.htm.

70.86 701.414 6.48 5.832 16

99.24 703.496 29.4688 9.018 Further
141.745 703.496 47.094 9.018 information
201.895 703.496 13.9078 9.018 can
228.759 703.496 9.45888 9.018 be
251.253 703.496 23.3366 9.018 found
287.596 703.496 7.23444 9.018 at
307.806 703.496 216.79 9.018 http://ec.europa.eu/finance/events/2016/0517-call-for-

99.24 715.016 95.5006 9.018 evidence/index_en.htm.

70.86 724.394 6.48 5.832 17

99.24 726.476 29.4688 9.018 Further
131.214 726.476 47.1842 9.018 information
180.923 726.476 13.8476 9.018 can
197.276 726.476 9.45888 9.018 be
209.199 726.476 23.3767 9.018 found
235.111 726.476 7.23444 9.018 at

99.24 737.996 423.606 9.018 http://ec.europa.eu/transparency/regexpert/index.cfm?do=groupDetail.groupDetailDoc&id=30153&no=2.

28.38 784.188 33.348 22.2 EN

294.62 793.224 6 10.8 9

533.62 784.188 33.348 22.2 EN

70.86 59.544 9 10.8 1.
87.168 59.544 40.692 10.8 Problem
135.144 59.544 49.736 10.8 definition.
192.128 59.544 59.364 10.8 Introduction
258.764 59.544 9.996 10.8 of
276.032 59.544 5.328 10.8 a
288.68 59.544 27.348 10.8 better
323.336 59.544 53.28 10.8 description
383.924 59.544 9.996 10.8 of
401.192 59.544 14.664 10.8 the
423.188 59.544 33.348 10.8 overall
463.844 59.544 29.94 10.8 Union
501.092 59.544 23.304 10.8 legal

70.86 73.344 52.596 10.8 framework
130.956 73.344 42.024 10.8 applying
180.432 73.344 9.336 10.8 to
197.22 73.344 52.68 10.8 derivatives
257.316 73.344 37.944 10.8 markets
302.76 73.344 17.328 10.8 and
327.588 73.344 14.664 10.8 the
349.764 73.344 75.24 10.8 implementation
432.456 73.344 9.996 10.8 of
449.904 73.344 14.664 10.8 the
472.08 73.344 20.92 10.8 G20
500.488 73.344 24 10.8 OTC

70.86 87.144 52.68 10.8 derivatives
128.016 87.144 37.236 10.8 reforms
169.752 87.144 12 10.8 by
186.24 87.144 24.732 10.8 other
215.484 87.144 62.316 10.8 jurisdictions.
282.288 87.144 44.616 10.8 Inclusion
331.416 87.144 9.996 10.8 of
345.864 87.144 14.664 10.8 the
365.04 87.144 23.928 10.8 main
393.456 87.144 42.672 10.8 elements
440.628 87.144 9.996 10.8 of
455.076 87.144 14.664 10.8 the
474.252 87.144 49.968 10.8 evaluation

70.86 100.944 28.656 10.8 annex
104.568 100.944 9.336 10.8 in
118.896 100.944 14.628 10.8 the
138.564 100.944 23.928 10.8 main
167.52 100.944 24 10.8 body
196.548 100.944 9.996 10.8 of
211.536 100.944 14.664 10.8 the
231.252 100.944 32.664 10.8 impact
268.98 100.944 56.208 10.8 assessment.
330.216 100.944 48.672 10.8 Reference
383.94 100.944 9.336 10.8 to
398.268 100.944 47.952 10.8 additional
451.272 100.944 50.616 10.8 qualitative
506.94 100.944 17.328 10.8 and

70.86 114.744 56.652 10.8 quantitative
131.004 114.744 42.672 10.8 evidence
177.168 114.744 9.336 10.8 in
189.996 114.744 14.664 10.8 the
208.212 114.744 53.28 10.8 description
265.02 114.744 9.996 10.8 of
278.508 114.744 14.664 10.8 the
296.724 114.744 44.616 10.8 problems
344.88 114.744 9.336 10.8 in
357.768 114.744 25.344 10.8 order
386.664 114.744 9.336 10.8 to
399.82 114.744 41.964 10.8 illustrate
445.336 114.744 21.996 10.8 their
470.884 114.744 53.616 10.8 magnitude,

70.86 128.544 48.036 10.8 especially
123.804 128.544 13.992 10.8 for
142.752 128.544 25.944 10.8 small
173.688 128.544 33.252 10.8 market
211.884 128.544 37.656 10.8 players.
254.448 128.544 57.96 10.8 Explanation
317.376 128.544 20.664 10.8 why
342.984 128.544 15.336 10.8 not
363.252 128.544 12.024 10.8 all
380.208 128.544 28.644 10.8 issues
413.784 128.544 28.656 10.8 raised
447.432 128.544 12 10.8 by
464.34 128.544 59.964 10.8 stakeholders

70.86 142.364 22.656 10.8 have
96.516 142.364 22.692 10.8 been
122.208 142.364 43.656 10.8 assessed.

70.86 168.164 9 10.8 2.
84.828 168.164 39.984 10.8 Political
129.744 168.164 49.676 10.8 trade-offs.
184.388 168.164 38.028 10.8 Explicit
227.324 168.164 44.652 10.8 reference
276.92 168.164 9.336 10.8 to
291.188 168.164 41.964 10.8 financial
338.144 168.164 38.628 10.8 stability
381.668 168.164 9.336 10.8 in
395.996 168.164 14.628 10.8 the
415.544 168.164 30.036 10.8 policy
450.5 168.164 35.316 10.8 options
490.796 168.164 13.992 10.8 for
509.744 168.164 14.628 10.8 the

70.86 181.964 53.28 10.8 assessment
127.212 181.964 9.996 10.8 of
140.22 181.964 14.664 10.8 the
157.956 181.964 42.02 10.8 trade-off
202.976 181.964 40.008 10.8 between
246.116 181.964 14.664 10.8 the
263.852 181.964 41.952 10.8 potential
308.804 181.964 33.36 10.8 burden
345.224 181.964 49.98 10.8 reductions
398.288 181.964 13.992 10.8 for
415.316 181.964 33.324 10.8 market
451.712 181.964 34.572 10.8 players
489.308 181.964 17.328 10.8 and
509.696 181.964 14.664 10.8 the

70.86 195.764 42.012 10.8 potential
115.836 195.764 22.656 10.8 risks
141.492 195.764 49.344 10.8 associated
193.836 195.764 9.336 10.8 to
206.172 195.764 41.964 10.8 financial
251.136 195.764 41.7 10.8 stability.

70.86 221.564 9 10.8 3.
83.328 221.564 55.32 10.8 Calculating
142.104 221.564 33.348 10.8 burden
178.92 221.564 48.44 10.8 reduction.
230.768 221.564 44.688 10.8 Inclusion
278.924 221.564 9.996 10.8 of
292.352 221.564 25.236 10.8 some
321.068 221.564 56.724 10.8 quantitative
381.212 221.564 20.016 10.8 data
404.648 221.564 13.992 10.8 for
422.096 221.564 14.664 10.8 the
440.192 221.564 52.656 10.8 calculation
496.34 221.564 9.996 10.8 of
509.768 221.564 14.628 10.8 the

70.86 235.364 33.348 10.8 burden
111.996 235.364 49.98 10.8 reductions
169.8 235.364 13.992 10.8 for
191.508 235.364 41.292 10.8 different
240.612 235.364 33.38 10.8 market
281.804 235.364 37.704 10.8 players,
327.308 235.364 29.964 10.8 taking
365.024 235.364 18.708 10.8 into
391.52 235.364 64.68 10.8 consideration
463.976 235.364 14.628 10.8 the
486.404 235.364 38.028 10.8 existing

70.86 249.164 51.348 10.8 limitations
129.432 249.164 9.336 10.8 to
146.04 249.164 40.02 10.8 quantify
193.236 249.164 14.664 10.8 the
215.172 249.164 33.348 10.8 overall
255.768 249.164 33.348 10.8 burden
296.364 249.164 48.348 10.8 reduction.
351.96 249.164 42.66 10.8 Insertion
401.868 249.164 9.996 10.8 of
419.076 249.164 14.664 10.8 the
441.072 249.164 23.928 10.8 main
472.248 249.164 51.984 10.8 underlying

70.86 262.964 59.304 10.8 assumptions
133.944 262.964 32.664 10.8 behind
170.412 262.964 19.332 10.8 cost
193.5 262.964 44.652 10.8 estimates
241.944 262.964 9.336 10.8 in
255.012 262.964 14.664 10.8 the
273.468 262.964 24 10.8 body
301.236 262.964 9.996 10.8 of
314.964 262.964 14.664 10.8 the
333.42 262.964 31.68 10.8 report,
368.856 262.964 39.372 10.8 together
412.02 262.964 21.288 10.8 with
437.076 262.964 48 10.8 additional
488.844 262.964 35.34 10.8 caveats

70.86 276.764 12 10.8 on
85.86 276.764 14.664 10.8 the
103.548 276.764 46.668 10.8 reliability
153.216 276.764 9.996 10.8 of
166.22 276.764 14.664 10.8 the
183.908 276.764 47.592 10.8 estimates.
234.5 276.764 56.028 10.8 Description
293.528 276.764 9.996 10.8 of
306.488 276.764 14.628 10.8 the
324.116 276.764 24.048 10.8 costs
351.164 276.764 29.28 10.8 which
383.444 276.764 14.688 10.8 are
401.132 276.764 15.288 10.8 not
419.42 276.764 51.672 10.8 quantified.

70.86 302.564 9 10.8 4.
82.86 302.564 41.04 10.8 Options.
126.84 302.564 61.956 10.8 Streamlining
191.796 302.564 9.996 10.8 of
204.792 302.564 14.664 10.8 the
222.456 302.564 35.34 10.8 options
260.796 302.564 9.336 10.8 to
273.132 302.564 34.608 10.8 present
310.74 302.564 50.676 10.8 alternative
364.416 302.564 43.98 10.8 packages
411.396 302.564 9.996 10.8 of
424.38 302.564 47.604 10.8 measures.

70.86 328.364 18.66 10.8 The
94.668 328.364 35.316 10.8 options
135.084 328.364 51.984 10.8 considered
192.168 328.364 9.336 10.8 in
206.616 328.364 14.664 10.8 the
226.404 328.364 32.64 10.8 impact
264.168 328.364 53.292 10.8 assessment
322.632 328.364 37.968 10.8 concern
365.688 328.364 38.676 10.8 targeted
409.464 328.364 57.264 10.8 adjustments
471.888 328.364 9.996 10.8 of
486.996 328.364 37.32 10.8 specific

70.86 342.164 50.04 10.8 provisions
124.656 342.164 9.336 10.8 in
137.724 342.164 33.068 10.8 EMIR.
174.536 342.164 13.332 10.8 To
191.624 342.164 36.684 10.8 achieve
232.04 342.164 14.664 10.8 the
250.448 342.164 34.692 10.8 desired
288.884 342.164 51.624 10.8 objectives,
344.3 342.164 5.328 10.8 a
353.408 342.164 36.6 10.8 number
393.776 342.164 9.996 10.8 of
407.504 342.164 44.016 10.8 preferred
455.288 342.164 29.964 10.8 policy
488.996 342.164 35.376 10.8 options

70.86 355.964 23.316 10.8 were
97.176 355.964 49.284 10.8 identified:

113.34 382.664 38.028 10.8 Pension
155.916 382.664 37.908 10.8 Scheme
198.432 382.664 67.944 10.8 Arrangements
270.936 382.664 34.716 10.8 (PSAs)
310.212 382.664 32.028 10.8 should
346.788 382.664 11.328 10.8 be
362.676 382.664 42.696 10.8 provided
409.872 382.664 21.336 10.8 with
435.78 382.664 5.328 10.8 a
445.668 382.664 19.992 10.8 new
470.244 382.664 54.012 10.8 transitional

113.34 396.404 50.628 10.8 exemption
170.196 396.404 23.364 10.8 from
199.752 396.404 14.664 10.8 the
220.668 396.404 38.652 10.8 clearing
265.572 396.404 51.636 10.8 obligation,
323.46 396.404 12 10.8 on
341.688 396.404 14.664 10.8 the
362.556 396.404 33.996 10.8 ground
402.804 396.404 18.024 10.8 that
427.08 396.404 12 10.8 no
445.308 396.404 29.352 10.8 viable
480.864 396.404 43.368 10.8 technical

113.34 410.204 38.768 10.8 solution
155.276 410.204 51.948 10.8 facilitating
210.332 410.204 14.664 10.8 the
228.188 410.204 60.624 10.8 participation
291.944 410.204 9.996 10.8 of
305.072 410.204 26.7 10.8 PSAs
334.928 410.204 9.336 10.8 in
347.456 410.204 32.688 10.8 central
383.312 410.204 38.568 10.8 clearing
425.048 410.204 15.996 10.8 has
444.236 410.204 41.316 10.8 emerged
488.732 410.204 9.336 10.8 to
501.26 410.204 23.016 10.8 date.

113.34 424.024 9.996 10.8 In
127.068 424.024 38.016 10.8 contrast
168.804 424.024 9.336 10.8 to
181.812 424.024 14.664 10.8 the
200.208 424.024 24.684 10.8 other
228.564 424.024 35.376 10.8 options
267.66 424.024 43.608 10.8 assessed,
314.976 424.024 17.376 10.8 this
336.072 424.024 18.612 10.8 will
358.428 424.024 20.664 10.8 give
382.824 424.024 30.3 10.8 CCPs,
416.832 424.024 38.676 10.8 clearing
459.168 424.024 43.956 10.8 members
506.844 424.024 17.328 10.8 and

113.34 437.824 26.628 10.8 PSAs
143.328 437.824 24.564 10.8 more
171.204 437.824 21.276 10.8 time
195.78 437.824 9.336 10.8 to
208.428 437.824 36.012 10.8 explore
247.752 437.824 43.32 10.8 technical
294.3 437.824 43.356 10.8 solutions
340.956 437.824 17.28 10.8 and
361.584 437.824 44.604 10.8 measures
409.488 437.824 9.336 10.8 to
422.076 437.824 41.976 10.8 facilitate
467.352 437.824 26.88 10.8 them,
497.58 437.824 26.664 10.8 while

113.34 451.624 42.024 10.8 adhering
158.916 451.624 9.336 10.8 to
171.864 451.624 14.664 10.8 the
190.14 451.624 43.944 10.8 objective
237.684 451.624 9.996 10.8 of
251.232 451.624 30 10.8 EMIR
284.82 451.624 18.072 10.8 that
306.504 451.624 14.664 10.8 the
324.78 451.624 17.952 10.8 aim
346.308 451.624 13.992 10.8 for
363.876 451.624 26.628 10.8 PSAs
394.104 451.624 38.004 10.8 remains
435.708 451.624 32.712 10.8 central
472.032 451.624 38.652 10.8 clearing
514.296 451.624 9.948 10.8 as

113.34 465.424 22.668 10.8 soon
139.008 465.424 9.996 10.8 as
152.028 465.424 17.34 10.8 this
172.308 465.424 8.004 10.8 is
183.312 465.424 40.332 10.8 feasible.

113.34 486.124 8.664 10.8 A
126.228 486.124 27.348 10.8 better
157.824 486.124 51.276 10.8 calibration
213.348 486.124 9.996 10.8 of
227.556 486.124 14.628 10.8 the
246.444 486.124 23.328 10.8 rules
274.032 486.124 12 10.8 on
290.16 486.124 14.664 10.8 the
309.096 486.124 60.636 10.8 qualification
373.98 486.124 9.996 10.8 of
388.188 486.124 64.204 10.8 non-financial
456.616 486.124 67.956 10.8 counterparties

113.34 499.864 35.964 10.8 (NFCs)
154.728 499.864 33.996 10.8 subject
194.076 499.864 9.336 10.8 to
208.824 499.864 38.58 10.8 clearing
252.792 499.864 17.328 10.8 and
275.52 499.864 33.924 10.8 margin
314.856 499.864 62.532 10.8 requirements
382.788 499.864 32.028 10.8 should
420.4 499.864 11.328 10.8 be
437.128 499.864 37.26 10.8 ensured
479.776 499.864 12 10.8 by
497.164 499.864 27.324 10.8 better

113.34 513.664 30.024 10.8 taking
146.676 513.664 18.636 10.8 into
168.624 513.664 64.704 10.8 consideration
236.556 513.664 14.664 10.8 the
254.532 513.664 30.012 10.8 nature
287.856 513.664 9.936 10.8 of
301.044 513.664 14.664 10.8 the
319.02 513.664 52.704 10.8 derivatives
375.024 513.664 57.252 10.8 transactions
435.6 513.664 27.972 10.8 NFCs
466.848 513.664 14.712 10.8 are
484.872 513.664 39.348 10.8 entering

113.34 527.464 18.708 10.8 into
135.636 527.464 13.992 10.8 for
153.204 527.464 29.328 10.8 which
186.132 527.464 38.676 10.8 clearing
228.348 527.464 32.028 10.8 should
263.964 527.464 11.328 10.8 be
278.892 527.464 54.324 10.8 mandatory.
336.84 527.464 21.264 10.8 This
361.728 527.464 18.672 10.8 will
383.964 527.464 31.944 10.8 reduce
419.52 527.464 24.036 10.8 costs
447.096 527.464 9.336 10.8 to
460.044 527.464 32.628 10.8 certain
496.26 527.464 27.972 10.8 NFCs

113.34 541.264 17.328 10.8 and
134.688 541.264 18.636 10.8 will
157.356 541.264 15.336 10.8 not
176.664 541.264 22.68 10.8 raise
203.28 541.264 42.648 10.8 concerns
249.948 541.264 23.328 10.8 from
277.176 541.264 5.328 10.8 a
286.524 541.264 41.988 10.8 financial
332.472 541.264 38.688 10.8 stability
375.156 541.264 57.832 10.8 perspective.
436.948 541.264 12 10.8 At
452.956 541.264 14.628 10.8 the
471.544 541.264 24.588 10.8 same
500.152 541.264 24.276 10.8 time,

113.34 555.064 32.688 10.8 certain
149.196 555.064 67.956 10.8 counterparties
220.332 555.064 17.964 10.8 that
241.548 555.064 14.604 10.8 are
259.404 555.064 43.248 10.8 currently
305.88 555.064 51.888 10.8 considered
361.008 555.064 27.972 10.8 NFCs
392.196 555.064 15.336 10.8 but
410.724 555.064 29.328 10.8 which
443.292 555.064 17.328 10.8 due
463.8 555.064 9.336 10.8 to
476.328 555.064 14.664 10.8 the
494.244 555.064 29.952 10.8 nature

113.34 568.864 9.996 10.8 of
127.908 568.864 22.02 10.8 their
154.524 568.864 43.32 10.8 activities
202.44 568.864 14.604 10.8 are
221.676 568.864 41.904 10.8 financial
268.212 568.864 67.956 10.8 counterparties
340.728 568.864 17.916 10.8 (for
363.276 568.864 40.584 10.8 example
408.492 568.864 52.572 10.8 investment
465.696 568.864 26.664 10.8 funds
496.944 568.864 27.276 10.8 under

113.34 582.664 38.688 10.8 national
156.696 582.664 61.212 10.8 frameworks)
222.6 582.664 18.672 10.8 will
245.928 582.664 11.328 10.8 be
261.876 582.664 41.316 10.8 included
307.872 582.664 9.336 10.8 in
321.84 582.664 14.664 10.8 the
341.196 582.664 46.668 10.8 definition
392.532 582.664 9.996 10.8 of
407.16 582.664 5.328 10.8 a
417.108 582.664 42.196 10.8 financial
463.996 582.664 60.6 10.8 counterparty

113.34 596.464 17.328 10.8 and
133.668 596.464 18.696 10.8 will
155.328 596.464 43.272 10.8 therefore
201.624 596.464 15.336 10.8 not
219.96 596.464 17.328 10.8 any
240.288 596.464 30.66 10.8 longer
273.948 596.464 11.328 10.8 be
288.252 596.464 32.652 10.8 treated
323.904 596.464 9.996 10.8 as
336.9 596.464 30.96 10.8 NFCs.

113.34 617.164 18.66 10.8 The
136.608 617.164 41.304 10.8 category
182.484 617.164 9.996 10.8 of
197.052 617.164 25.944 10.8 small
227.628 617.164 42.024 10.8 financial
274.224 617.164 67.956 10.8 counterparties
346.74 617.164 33.924 10.8 (SFCs)
385.308 617.164 32.004 10.8 should
421.896 617.164 11.328 10.8 be
437.844 617.164 35.94 10.8 defined
478.392 617.164 9.336 10.8 in
492.36 617.164 21.996 10.8 such
518.928 617.164 5.328 10.8 a

113.34 630.904 19.992 10.8 way
140.388 630.904 18.024 10.8 that
165.504 630.904 21.288 10.8 very
193.86 630.904 25.944 10.8 small
226.896 630.904 41.988 10.8 financial
275.964 630.904 67.956 10.8 counterparties
350.94 630.904 13.992 10.8 for
371.988 630.904 29.328 10.8 which
408.396 630.904 32.688 10.8 central
448.152 630.904 38.604 10.8 clearing
493.848 630.904 8.004 10.8 is
508.896 630.904 15.336 10.8 not

113.34 644.704 64.632 10.8 economically
181.284 644.704 37.364 10.8 feasible
222.008 644.704 37.956 10.8 because
263.324 644.704 9.996 10.8 of
276.572 644.704 22.02 10.8 their
301.928 644.704 25.944 10.8 small
331.244 644.704 35.808 10.8 volume
370.4 644.704 9.996 10.8 of
383.708 644.704 36.072 10.8 activity
423.032 644.704 14.676 10.8 are
441.008 644.704 15.336 10.8 not
459.656 644.704 34.02 10.8 subject
497 644.704 9.336 10.8 to
509.648 644.704 14.664 10.8 the

113.34 658.504 38.676 10.8 clearing
155.256 658.504 51.624 10.8 obligation.
210.132 658.504 21.336 10.8 This
234.66 658.504 18.672 10.8 will
256.596 658.504 33.336 10.8 lighten
293.124 658.504 14.664 10.8 the
311.04 658.504 33.348 10.8 burden
347.616 658.504 11.94 10.8 on
362.784 658.504 25.332 10.8 those
391.38 658.504 25.968 10.8 SFCs
420.588 658.504 18.024 10.8 that
441.864 658.504 19.956 10.8 deal
465.072 658.504 21.336 10.8 with
489.66 658.504 5.328 10.8 a
498.228 658.504 25.944 10.8 small

113.34 672.304 35.928 10.8 volume
154.008 672.304 10.044 10.8 of
168.804 672.304 55.68 10.8 derivatives,
229.2 672.304 26.664 10.8 while
260.628 672.304 37.992 10.8 keeping
303.336 672.304 14.664 10.8 the
322.752 672.304 17.304 10.8 rest
344.808 672.304 9.996 10.8 of
359.496 672.304 14.664 10.8 the
378.912 672.304 25.992 10.8 small
409.656 672.304 42.012 10.8 financial
456.42 672.304 67.932 10.8 counterparties

113.34 686.104 29.364 10.8 (those
148.536 686.104 47.984 10.8 belonging
202.328 686.104 9.336 10.8 to
217.496 686.104 14.628 10.8 the
237.944 686.104 46.188 10.8 'Category
289.88 686.104 8.16 10.8 3'
303.848 686.104 35.988 10.8 defined
345.704 686.104 9.336 10.8 in
360.872 686.104 14.664 10.8 the
381.368 686.104 38.676 10.8 relevant
425.864 686.104 49.308 10.8 regulatory
480.98 686.104 43.272 10.8 technical

113.34 699.924 49.32 10.8 standards)
167.244 699.924 35.976 10.8 obliged
207.72 699.924 9.336 10.8 to
221.628 699.924 23.316 10.8 clear
249.516 699.924 22.656 10.8 once
276.684 699.924 14.664 10.8 the
295.872 699.924 40.784 10.8 phase-in
341.228 699.924 30.648 10.8 period
376.424 699.924 13.296 10.8 set
394.292 699.924 9.336 10.8 in
408.14 699.924 14.628 10.8 the
427.328 699.924 49.272 10.8 regulatory
481.112 699.924 43.344 10.8 technical

113.34 713.724 45.324 10.8 standards
163.524 713.724 24.948 10.8 ends,
193.332 713.724 20.004 10.8 thus
218.22 713.724 57.336 10.8 maintaining
280.368 713.724 48.624 10.8 incentives
333.864 713.724 13.992 10.8 for
352.692 713.724 30.3 10.8 CCPs,
387.84 713.724 38.652 10.8 clearing
431.364 713.724 43.932 10.8 members
480.156 713.724 17.328 10.8 and
502.284 713.724 22.02 10.8 their

113.34 727.524 31.32 10.8 clients
147.66 727.524 9.384 10.8 to
160.044 727.524 37.908 10.8 develop
200.952 727.524 43.388 10.8 solutions
247.34 727.524 9.336 10.8 to
259.676 727.524 43.332 10.8 on-board
306.008 727.524 17.304 10.8 this
326.312 727.524 20.712 10.8 type
349.976 727.524 9.996 10.8 of
362.972 727.524 25.956 10.8 small
391.928 727.524 42.012 10.8 financial
436.94 727.524 70.956 10.8 counterparties.

28.38 784.188 33.348 22.2 EN

291.62 793.224 12 10.8 10

533.62 784.188 33.348 22.2 EN

113.34 60.444 18.66 10.8 The
136.608 60.444 48.636 10.8 obligation
189.852 60.444 9.336 10.8 to
203.76 60.444 28.68 10.8 report
236.976 60.444 36.024 10.8 historic
277.56 60.444 19.944 10.8 data
302.088 60.444 70.884 10.8 ('backloading')
377.604 60.444 32.028 10.8 should
414.18 60.444 11.328 10.8 be
430.128 60.444 44.928 10.8 removed.
479.664 60.444 21.336 10.8 This
505.632 60.444 18.612 10.8 will

113.34 74.184 60.036 10.8 significantly
176.484 74.184 32.004 10.8 reduce
211.68 74.184 24 10.8 costs
238.848 74.184 17.328 10.8 and
259.356 74.184 37.992 10.8 burdens
300.504 74.184 12 10.8 on
315.672 74.184 67.98 10.8 counterparties
386.844 74.184 17.328 10.8 and
407.292 74.184 44.64 10.8 eliminate
455.124 74.184 14.628 10.8 the
472.932 74.184 51.348 10.8 potentially

113.34 87.984 74.664 10.8 insurmountable
191.664 87.984 39.38 10.8 obstacle
234.656 87.984 9.996 10.8 of
248.264 87.984 32.664 10.8 having
284.612 87.984 9.336 10.8 to
297.56 87.984 28.68 10.8 report
329.924 87.984 19.956 10.8 data
353.48 87.984 29.328 10.8 which
386.468 87.984 20.568 10.8 may
410.756 87.984 32.616 10.8 simply
447.044 87.984 15.336 10.8 not
466.052 87.984 11.328 10.8 be
481.04 87.984 43.356 10.8 available

113.34 101.784 36.672 10.8 without
154.776 101.784 69.276 10.8 compromising
228.78 101.784 48.648 10.8 prudential
282.096 101.784 30.348 10.8 needs.
317.172 101.784 12 10.8 At
333.84 101.784 14.628 10.8 the
353.208 101.784 24.588 10.8 same
382.536 101.784 24.276 10.8 time,
411.552 101.784 47.256 10.8 compared
463.548 101.784 9.336 10.8 to
477.636 101.784 14.664 10.8 the
497.004 101.784 27.336 10.8 status

113.34 115.584 21 10.8 quo,
139.188 115.584 17.376 10.8 this
161.424 115.584 18.612 10.8 will
184.92 115.584 26.616 10.8 result
216.408 115.584 21.3 10.8 only
242.556 115.584 9.336 10.8 in
256.764 115.584 5.328 10.8 a
266.952 115.584 21.348 10.8 very
293.088 115.584 33.984 10.8 limited
331.932 115.584 18.672 10.8 loss
355.44 115.584 9.996 10.8 of
370.248 115.584 20.016 10.8 data
395.124 115.584 47.268 10.8 compared
447.252 115.584 9.336 10.8 to
461.46 115.584 14.628 10.8 the
480.948 115.584 43.344 10.8 currently

113.34 129.384 49.344 10.8 applicable
165.684 129.384 26.28 10.8 rules.

113.34 150.104 50.652 10.8 Intragroup
167.964 150.104 57.368 10.8 transactions
229.304 150.104 46.008 10.8 involving
279.26 150.104 17.28 10.8 any
300.488 150.104 28.008 10.8 NFCs
332.456 150.104 32.064 10.8 should
368.492 150.104 11.328 10.8 be
383.78 150.104 46.656 10.8 exempted
434.408 150.104 23.364 10.8 from
461.624 150.104 14.736 10.8 the
480.32 150.104 44.016 10.8 reporting

113.34 163.904 51.696 10.8 obligation.
172.164 163.904 29.328 10.8 Given
208.692 163.904 14.664 10.8 the
230.568 163.904 30.012 10.8 nature
267.792 163.904 17.328 10.8 and
292.26 163.904 33.984 10.8 limited
333.444 163.904 35.928 10.8 volume
376.572 163.904 10.044 10.8 of
393.768 163.904 22.056 10.8 such
423.024 163.904 31.716 10.8 trades,
461.868 163.904 17.304 10.8 this
486.396 163.904 15.996 10.8 has
509.604 163.904 14.664 10.8 the

113.34 177.704 48.684 10.8 advantage
167.736 177.704 9.936 10.8 of
183.384 177.704 60.048 10.8 significantly
249.18 177.704 41.964 10.8 reducing
296.856 177.704 14.664 10.8 the
317.292 177.704 24 10.8 costs
347.04 177.704 17.28 10.8 and
370.068 177.704 38.016 10.8 burdens
413.784 177.704 9.996 10.8 of
429.492 177.704 43.968 10.8 reporting
479.208 177.704 13.992 10.8 for
498.936 177.704 25.332 10.8 those

113.34 191.504 67.92 10.8 counterparties
184.992 191.504 18 10.8 that
206.64 191.504 14.676 10.8 are
224.976 191.504 14.628 10.8 the
243.324 191.504 23.36 10.8 most
270.428 191.504 82.668 10.8 disproportionally
356.816 191.504 38.616 10.8 affected
399.152 191.504 11.94 10.8 by
414.8 191.504 14.664 10.8 the
433.136 191.504 60.876 10.8 requirement,
497.72 191.504 26.664 10.8 while

113.34 205.304 14.664 10.8 the
131.796 205.304 42.024 10.8 resulting
177.612 205.304 21.348 10.8 very
202.728 205.304 33.936 10.8 limited
240.492 205.304 18.672 10.8 loss
262.98 205.304 9.996 10.8 of
276.768 205.304 19.992 10.8 data
300.576 205.304 18.636 10.8 will
323.064 205.304 15.336 10.8 not
342.192 205.304 59.904 10.8 significantly
405.948 205.304 27.192 10.8 affect
437.004 205.304 52.812 10.8 authorities'
493.608 205.304 30.636 10.8 ability

113.34 219.044 9.336 10.8 to
125.676 219.044 37.968 10.8 monitor
166.644 219.044 41.964 10.8 systemic
211.632 219.044 18.036 10.8 risk
232.62 219.044 9.336 10.8 in
244.956 219.044 14.7 10.8 the
262.656 219.044 24 10.8 OTC
289.608 219.044 48.012 10.8 derivative
340.644 219.044 40.944 10.8 markets.

113.34 239.744 16.668 10.8 For
134.568 239.744 79.34 10.8 exchange-traded
218.468 239.744 52.596 10.8 derivatives
275.576 239.744 57.336 10.8 transactions
337.46 239.744 40.256 10.8 ('ETDs')
382.288 239.744 58.08 10.8 single-sided
444.856 239.744 43.956 10.8 reporting
493.372 239.744 12 10.8 by
509.86 239.744 14.664 10.8 the

113.34 253.544 32.688 10.8 central
149.256 253.544 67.956 10.8 counterparties
220.452 253.544 31.956 10.8 should
255.66 253.544 11.328 10.8 be
270.228 253.544 54.288 10.8 introduced.
327.756 253.544 21.288 10.8 This
352.284 253.544 15.996 10.8 has
371.532 253.544 14.664 10.8 the
389.388 253.544 48.636 10.8 advantage
441.204 253.544 18.024 10.8 that
462.42 253.544 14.664 10.8 the
480.336 253.544 43.908 10.8 reporting

113.34 267.344 9.996 10.8 of
127.368 267.344 27.948 10.8 ETDs
159.396 267.344 18.672 10.8 will
182.172 267.344 11.268 10.8 be
197.52 267.344 33.288 10.8 greatly
234.828 267.344 48.648 10.8 simplified
287.484 267.344 36.672 10.8 without
328.2 267.344 45.996 10.8 adversely
378.204 267.344 47.964 10.8 impacting
430.2 267.344 14.664 10.8 the
448.908 267.344 61.284 10.8 transparency
514.284 267.344 9.996 10.8 of

113.34 281.144 14.664 10.8 the
131.676 281.144 52.632 10.8 derivatives
188.04 281.144 36.276 10.8 market.
227.964 281.144 29.316 10.8 While
260.94 281.144 27.3 10.8 CCPs
291.936 281.144 18.672 10.8 will
314.292 281.144 19.98 10.8 face
337.92 281.144 5.328 10.8 a
346.968 281.144 36.292 10.8 slightly
386.908 281.144 30.624 10.8 higher
421.204 281.144 36.348 10.8 burden,
461.2 281.144 20.628 10.8 they
485.488 281.144 14.676 10.8 are
503.824 281.144 20.664 10.8 well

113.34 294.944 44.016 10.8 equipped
160.836 294.944 13.992 10.8 for
178.284 294.944 17.376 10.8 this
199.08 294.944 19.356 10.8 task
221.916 294.944 17.28 10.8 and
242.664 294.944 14.664 10.8 the
260.82 294.944 33.3 10.8 overall
297.624 294.944 43.956 10.8 reporting
345 294.944 33.348 10.8 burden
381.816 294.944 18.672 10.8 will
403.932 294.944 41.34 10.8 decrease
448.728 294.944 9.996 10.8 as
462.156 294.944 14.664 10.8 the
480.312 294.944 43.908 10.8 reporting

113.34 308.744 57.912 10.8 requirement
174.276 308.744 53.304 10.8 concerning
230.544 308.744 27.948 10.8 ETDs
261.492 308.744 18.672 10.8 will
283.212 308.744 11.328 10.8 be
297.54 308.744 50.676 10.8 eliminated
351.156 308.744 13.956 10.8 for
368.112 308.744 12.024 10.8 all
383.172 308.744 24.624 10.8 other
410.796 308.744 70.908 10.8 counterparties.

113.34 329.444 16.668 10.8 For
134.208 329.444 57.336 10.8 transactions
195.732 329.444 24.66 10.8 other
224.58 329.444 20.628 10.8 than
249.408 329.444 23.328 10.8 ETD
276.876 329.444 60.348 10.8 transactions,
341.352 329.444 14.628 10.8 the
360.18 329.444 68.488 10.8 responsibility,
432.868 329.444 45.264 10.8 including
482.344 329.444 14.664 10.8 the
501.16 329.444 23.292 10.8 legal

113.34 343.184 40.368 10.8 liability,
159.444 343.184 13.992 10.8 for
179.112 343.184 44.016 10.8 reporting
228.828 343.184 57.324 10.8 transactions
291.816 343.184 40.008 10.8 between
337.572 343.184 5.328 10.8 a
348.54 343.184 25.944 10.8 small
380.256 343.184 23.304 10.8 NFC
409.344 343.184 18.696 10.8 (i.e.
433.8 343.184 15.276 10.8 not
454.848 343.184 33.972 10.8 subject
494.544 343.184 9.336 10.8 to
509.592 343.184 14.664 10.8 the

113.34 356.984 38.676 10.8 clearing
160.296 356.984 52.632 10.8 obligation)
221.16 356.984 17.28 10.8 and
246.708 356.984 5.328 10.8 a
260.316 356.984 41.94 10.8 financial
310.524 356.984 60.624 10.8 counterparty
379.38 356.984 32.028 10.8 should
419.616 356.984 11.328 10.8 be
439.224 356.984 12 10.8 on
459.432 356.984 14.628 10.8 the
482.34 356.984 41.988 10.8 financial

113.34 370.784 60.66 10.8 counterparty
178.272 370.784 9.336 10.8 to
191.88 370.784 14.664 10.8 the
210.876 370.784 26.94 10.8 trade.
242.124 370.784 21.336 10.8 This
267.792 370.784 18.612 10.8 will
290.748 370.784 59.976 10.8 significantly
354.972 370.784 32.004 10.8 reduce
391.248 370.784 14.664 10.8 the
410.244 370.784 33.288 10.8 burden
447.84 370.784 10.276 10.8 of
462.388 370.784 43.992 10.8 reporting
510.652 370.784 13.896 10.8 for

113.34 384.584 25.944 10.8 small
142.656 384.584 30.972 10.8 NFCs,
177.012 384.584 13.992 10.8 for
194.34 384.584 30.024 10.8 whom
227.676 384.584 17.376 10.8 this
248.412 384.584 33.348 10.8 burden
285.108 384.584 8.004 10.8 is
296.496 384.584 23.244 10.8 most
323.124 384.584 53.676 10.8 significant,
380.148 384.584 36.672 10.8 without
420.156 384.584 35.304 10.8 leading
458.832 384.584 9.336 10.8 to
471.48 384.584 17.328 10.8 any
492.168 384.584 18.672 10.8 loss
514.224 384.584 9.996 10.8 of

113.34 398.384 23.016 10.8 data.
139.476 398.384 21.336 10.8 This
163.944 398.384 18.672 10.8 will
185.76 398.384 19.284 10.8 also
208.188 398.384 45.276 10.8 introduce
256.596 398.384 9.336 10.8 in
269.064 398.384 30 10.8 EMIR
302.172 398.384 21.348 10.8 very
326.628 398.384 33.36 10.8 similar
363.12 398.384 44.016 10.8 reporting
410.196 398.384 23.364 10.8 rules
436.692 398.384 9.336 10.8 to
449.16 398.384 25.332 10.8 those
477.588 398.384 46.704 10.8 contained

113.34 412.184 9.336 10.8 in
126.108 412.184 52.62 10.8 Regulation
182.136 412.184 23.988 10.8 (EU)
209.544 412.184 14.664 10.8 No
227.592 412.184 51.384 10.8 2015/2365
282.408 412.184 9.996 10.8 of
295.776 412.184 14.664 10.8 the
313.872 412.184 45.984 10.8 European
363.24 412.184 51.972 10.8 Parliament
418.644 412.184 17.328 10.8 and
439.392 412.184 9.996 10.8 of
452.76 412.184 14.908 10.8 the
471.088 412.184 38.004 10.8 Council
512.524 412.184 11.94 10.8 on

113.34 426.004 47.352 10.8 Securities
163.692 426.004 47.964 10.8 Financing
214.656 426.004 61.308 10.8 Transactions
278.964 426.004 43.896 10.8 ('SFTR').

113.34 446.704 18.66 10.8 The
140.208 446.704 43.956 10.8 reporting
192.372 446.704 23.328 10.8 rules
223.92 446.704 17.28 10.8 and
249.408 446.704 52.644 10.8 procedures
310.272 446.704 31.956 10.8 should
350.4 446.704 11.328 10.8 be
369.948 446.704 32.604 10.8 further
410.736 446.704 55.956 10.8 harmonised
474.9 446.704 17.328 10.8 and
500.388 446.704 23.976 10.8 trade

113.34 460.444 56.004 10.8 repositories
173.184 460.444 32.028 10.8 should
209.04 460.444 11.328 10.8 be
224.208 460.444 40.008 10.8 required
268.044 460.444 9.336 10.8 to
281.232 460.444 31.296 10.8 ensure
316.368 460.444 14.664 10.8 the
334.884 460.444 33.324 10.8 quality
372.06 460.444 9.996 10.8 of
385.848 460.444 23.016 10.8 data.
412.704 460.444 21.336 10.8 This
437.892 460.444 18.672 10.8 will
460.428 460.444 20.616 10.8 help
484.896 460.444 39.336 10.8 increase

113.34 474.244 14.664 10.8 the
134.616 474.244 61.284 10.8 transparency
202.572 474.244 9.996 10.8 of
219.18 474.244 24 10.8 OTC
249.768 474.244 47.976 10.8 derivative
304.404 474.244 41.072 10.8 markets,
352.076 474.244 41.988 10.8 facilitate
400.664 474.244 14.628 10.8 the
421.952 474.244 19.332 10.8 task
447.92 474.244 9.996 10.8 of
464.468 474.244 14.664 10.8 the
485.744 474.244 38.64 10.8 relevant

113.34 488.044 50.688 10.8 authorities
167.136 488.044 9.936 10.8 of
180.204 488.044 53.316 10.8 monitoring
236.568 488.044 41.952 10.8 systemic
281.652 488.044 20.988 10.8 risk,
305.748 488.044 17.328 10.8 and
326.196 488.044 41.952 10.8 maintain
371.28 488.044 9.336 10.8 to
383.688 488.044 14.664 10.8 the
401.484 488.044 29.304 10.8 extent
433.92 488.044 39.288 10.8 possible
476.268 488.044 47.952 10.8 alignment

113.34 501.844 21.336 10.8 with
138.708 501.844 60.66 10.8 international
203.376 501.844 45.324 10.8 standards
252.72 501.844 9.336 10.8 in
266.028 501.844 17.376 10.8 this
287.364 501.844 24.996 10.8 field.
316.392 501.844 9.996 10.8 In
330.42 501.844 14.628 10.8 the
349.068 501.844 39.264 10.8 medium
392.244 501.844 17.388 10.8 and
413.64 501.844 21.336 10.8 long
439.008 501.844 15.996 10.8 run
459.036 501.844 17.304 10.8 this
480.384 501.844 43.944 10.8 approach

113.34 515.644 18.672 10.8 will
137.436 515.644 19.284 10.8 also
162.084 515.644 39.3 10.8 increase
206.76 515.644 14.664 10.8 the
226.788 515.644 71.928 10.8 proportionality
304.104 515.644 9.996 10.8 of
319.58 515.644 14.664 10.8 the
339.656 515.644 43.944 10.8 reporting
388.952 515.644 23.268 10.8 rules
417.62 515.644 17.328 10.8 and
440.348 515.644 31.908 10.8 reduce
477.656 515.644 24 10.8 costs
507.044 515.644 17.328 10.8 and

113.34 529.444 41.016 10.8 burdens.

113.34 550.144 18.66 10.8 The
135.288 550.144 27.324 10.8 upper
165.924 550.144 22.572 10.8 limit
191.82 550.144 10.044 10.8 of
205.116 550.144 24.696 10.8 basic
233.172 550.144 35.916 10.8 amount
272.4 550.144 10.044 10.8 of
285.756 550.144 23.364 10.8 fines
312.432 550.144 13.992 10.8 for
329.7 550.144 66.624 10.8 infringements
399.624 550.144 10.044 10.8 of
412.98 550.144 30 10.8 EMIR
446.268 550.144 62.652 10.8 requirements
512.22 550.144 12 10.8 by

113.34 563.884 24.024 10.8 trade
140.916 563.884 55.944 10.8 repositories
200.412 563.884 31.956 10.8 should
235.86 563.884 11.328 10.8 be
250.728 563.884 48.276 10.8 increased.
306.06 563.884 18.66 10.8 The
328.248 563.884 48.684 10.8 advantage
380.484 563.884 9.996 10.8 of
393.972 563.884 17.376 10.8 this
414.828 563.884 30.708 10.8 option
449.064 563.884 8.004 10.8 is
460.632 563.884 14.628 10.8 the
478.8 563.884 45.384 10.8 increased

113.34 577.684 47.964 10.8 efficiency
165.324 577.684 17.328 10.8 and
186.672 577.684 49.344 10.8 dissuasive
240.036 577.684 27.252 10.8 effect
271.332 577.684 9.996 10.8 of
285.5 577.684 14.664 10.8 the
304.196 577.684 23.328 10.8 fines
331.544 577.684 29.328 10.8 which
364.892 577.684 8.004 10.8 is
376.94 577.684 51.984 10.8 considered
432.944 577.684 9.336 10.8 to
446.312 577.684 11.328 10.8 be
461.66 577.684 46.668 10.8 necessary
512.336 577.684 12 10.8 by

113.34 591.484 48.012 10.8 regulators
170.664 591.484 9.336 10.8 to
189.252 591.484 52.008 10.8 incentivise
250.536 591.484 14.664 10.8 the
274.512 591.484 24 10.8 good
307.8 591.484 33.396 10.8 quality
350.424 591.484 9.996 10.8 of
369.672 591.484 14.664 10.8 the
393.648 591.484 20.016 10.8 data
422.964 591.484 26.664 10.8 while
458.952 591.484 41.364 10.8 ensuring
509.628 591.484 14.664 10.8 the

113.34 605.284 72.036 10.8 proportionality
188.376 605.284 9.996 10.8 of
201.372 605.284 14.664 10.8 the
219.036 605.284 26.292 10.8 rules.

113.34 625.984 18.66 10.8 The
137.028 625.984 51.288 10.8 interaction
193.332 625.984 40.008 10.8 between
238.308 625.984 30 10.8 EMIR
273.336 625.984 33.324 10.8 default
311.712 625.984 61.152 10.8 management
377.916 625.984 23.376 10.8 tools
406.332 625.984 17.328 10.8 and
428.7 625.984 38.664 10.8 national
472.368 625.984 51.996 10.8 insolvency

113.34 639.784 22.02 10.8 laws
138.36 639.784 32.004 10.8 should
173.328 639.784 11.328 10.8 be
187.656 639.784 40.008 10.8 clarified
230.72 639.784 9.336 10.8 to
243.02 639.784 31.356 10.8 ensure
277.376 639.784 14.628 10.8 the
294.956 639.784 51.996 10.8 insolvency
349.952 639.784 53.904 10.8 remoteness
406.88 639.784 9.996 10.8 of
419.876 639.784 26.688 10.8 client
449.564 639.784 30.996 10.8 assets.

113.34 660.484 18.66 10.8 The
139.608 660.484 42.66 10.8 principle
189.9 660.484 9.336 10.8 to
206.868 660.484 36.588 10.8 provide
251.076 660.484 38.676 10.8 clearing
297.312 660.484 38.688 10.8 services
343.608 660.484 27.264 10.8 under
378.504 660.484 22.368 10.8 Fair,
408.42 660.484 55.356 10.8 Reasonable
471.336 660.484 20.664 10.8 And
499.584 660.484 24.892 10.8 Non-

113.34 674.224 72.612 10.8 Discriminatory
192.804 674.224 56.616 10.8 commercial
256.248 674.224 26.568 10.8 terms
289.656 674.224 48.948 10.8 ('FRAND'
345.432 674.224 46.632 10.8 principle)
398.856 674.224 11.328 10.8 be
417.024 674.224 51.288 10.8 introduced
475.152 674.224 9.336 10.8 in
491.34 674.224 32.94 10.8 EMIR.

113.34 688.024 28.656 10.8 These
145.368 688.024 44.604 10.8 measures
193.272 688.024 28.632 10.8 tackle
225.276 688.024 41.232 10.8 different
269.88 688.024 35.328 10.8 hurdles
308.508 688.024 9.336 10.8 to
321.216 688.024 30.576 10.8 access
355.092 688.024 9.336 10.8 to
367.94 688.024 41.952 10.8 clearing;
413.204 688.024 14.664 10.8 the
431.24 688.024 41.952 10.8 potential
476.504 688.024 48 10.8 additional

113.34 701.844 49.344 10.8 regulatory
166.656 701.844 33.288 10.8 burden
203.892 701.844 8.004 10.8 is
215.88 701.844 39.336 10.8 justified
259.248 701.844 12 10.8 by
275.196 701.844 14.664 10.8 the
293.832 701.844 30.036 10.8 public
327.828 701.844 35.328 10.8 interest
367.176 701.844 9.336 10.8 in
380.484 701.844 35.928 10.8 making
420.42 701.844 32.652 10.8 central
457.068 701.844 38.616 10.8 clearing
499.692 701.844 24.66 10.8 work

113.34 715.644 17.328 10.8 and
133.668 715.644 14.688 10.8 the
151.356 715.644 38.64 10.8 clearing
192.996 715.644 48.636 10.8 obligation
244.632 715.644 26.688 10.8 being
274.32 715.644 37.608 10.8 obeyed.

28.38 784.188 33.348 22.2 EN

291.62 793.224 12 10.8 11

533.62 784.188 33.348 22.2 EN

70.86 59.544 18.66 10.8 The
92.868 59.544 32.592 10.8 impact
128.844 59.544 53.28 10.8 assessment
185.436 59.544 19.356 10.8 also
208.152 59.544 51.936 10.8 considered
263.46 59.544 14.628 10.8 the
281.448 59.544 33.276 10.8 overall
318.036 59.544 24.036 10.8 costs
345.372 59.544 17.328 10.8 and
366 59.544 38.016 10.8 benefits
407.376 59.544 9.996 10.8 of
420.624 59.544 14.628 10.8 the
438.612 59.544 43.956 10.8 preferred
485.856 59.544 38.692 10.8 options,

70.86 73.344 21.336 10.8 with
97.008 73.344 5.328 10.8 a
107.136 73.344 23.352 10.8 view
135.252 73.344 9.336 10.8 to
149.4 73.344 42.036 10.8 reducing
196.164 73.344 55.32 10.8 compliance
256.248 73.344 24.036 10.8 costs
285.084 73.344 17.328 10.8 and
307.212 73.344 14.664 10.8 the
326.688 73.344 33.348 10.8 burden
364.824 73.344 40.668 10.8 imposed
410.292 73.344 12 10.8 on
427.14 73.344 33.252 10.8 market
465.204 73.344 59.016 10.8 participants,

70.86 87.144 36.672 10.8 without
110.568 87.144 69.228 10.8 compromising
182.796 87.144 41.964 10.8 financial
227.76 87.144 41.7 10.8 stability.

70.86 112.944 29.316 10.8 While
104.856 112.944 30 10.8 EMIR
139.524 112.944 36.684 10.8 pursues
180.9 112.944 14.664 10.8 the
200.256 112.944 35.352 10.8 general
240.24 112.944 44.016 10.8 objective
288.936 112.944 9.996 10.8 of
303.564 112.944 42.036 10.8 reducing
350.268 112.944 14.628 10.8 the
369.576 112.944 41.952 10.8 systemic
416.22 112.944 18.036 10.8 risk
438.936 112.944 12 10.8 by
455.604 112.944 49.344 10.8 increasing
509.64 112.944 14.628 10.8 the

70.86 126.744 28.656 10.8 safety
103.308 126.744 17.328 10.8 and
124.416 126.744 47.904 10.8 efficiency
176.1 126.744 9.996 10.8 of
189.828 126.744 14.664 10.8 the
208.284 126.744 24 10.8 OTC
236.12 126.744 52.704 10.8 derivatives
292.604 126.744 36.276 10.8 market,
332.588 126.744 14.664 10.8 the
351.044 126.744 34.572 10.8 present
389.42 126.744 42.588 10.8 initiative
435.788 126.744 22.596 10.8 aims
462.164 126.744 9.336 10.8 to
475.292 126.744 30.648 10.8 render
509.72 126.744 14.664 10.8 the

70.86 140.564 53.376 10.8 application
132.624 140.564 9.996 10.8 of
151.032 140.564 30 10.8 EMIR
189.48 140.564 24.564 10.8 more
222.516 140.564 42 10.8 effective
272.94 140.564 17.328 10.8 and
298.668 140.564 39.972 10.8 efficient
347.112 140.564 20.28 10.8 and,
375.84 140.564 12 10.8 by
396.288 140.564 27.276 10.8 better
432.036 140.564 51.228 10.8 calibrating
491.712 140.564 32.652 10.8 certain

70.86 154.364 65.604 10.8 requirements,
140.484 154.364 9.336 10.8 to
153.852 154.364 31.944 10.8 reduce
189.768 154.364 14.664 10.8 the
208.464 154.364 49.224 10.8 regulatory
261.72 154.364 17.328 10.8 and
283.068 154.364 55.296 10.8 compliance
342.384 154.364 33.324 10.8 burden
379.692 154.364 13.992 10.8 for
397.68 154.364 33.3 10.8 market
435.012 154.364 55.944 10.8 participants
495 154.364 29.316 10.8 where

70.86 168.164 55.272 10.8 compliance
131.904 168.164 24.036 10.8 costs
161.7 168.164 44.696 10.8 outweigh
212.168 168.164 48.648 10.8 prudential
266.564 168.164 40.992 10.8 benefits,
313.292 168.164 56.016 10.8 nonetheless
375.008 168.164 36.672 10.8 without
417.464 168.164 59.304 10.8 endangering
482.54 168.164 41.904 10.8 financial

70.86 181.964 41.676 10.8 stability.
115.536 181.964 21.336 10.8 This
139.872 181.964 8.004 10.8 is
150.876 181.964 9.36 10.8 in
163.176 181.964 18.036 10.8 line
184.212 181.964 21.3 10.8 with
208.512 181.964 14.628 10.8 the
226.14 181.964 67.368 10.8 Commission's
296.568 181.964 29.328 10.8 Better
328.896 181.964 52.668 10.8 Regulation
384.564 181.964 40.26 10.8 Agenda.

70.86 207.764 29.316 10.8 While
103.356 207.764 23.988 10.8 there
130.464 207.764 14.676 10.8 are
148.32 207.764 5.328 10.8 a
156.768 207.764 36.624 10.8 number
196.584 207.764 9.996 10.8 of
209.712 207.764 51.264 10.8 limitations
264.156 207.764 9.336 10.8 in
276.684 207.764 52.584 10.8 calculating
332.4 207.764 14.664 10.8 the
350.256 207.764 25.224 10.8 exact
378.672 207.764 35.916 10.8 amount
417.78 207.764 9.996 10.8 of
430.908 207.764 19.332 10.8 cost
453.384 207.764 52.968 10.8 reductions,
509.52 207.764 14.664 10.8 the

70.86 221.564 32.592 10.8 impact
109.176 221.564 53.36 10.8 assessment
168.248 221.564 44.592 10.8 estimates
218.552 221.564 18.024 10.8 that
242.288 221.564 14.628 10.8 the
262.616 221.564 47.328 10.8 combined
315.632 221.564 27.252 10.8 effect
348.608 221.564 9.996 10.8 of
364.316 221.564 12.024 10.8 all
382.052 221.564 43.908 10.8 preferred
431.648 221.564 38.376 10.8 options,
475.724 221.564 48.624 10.8 calculated

70.86 235.364 28.704 10.8 solely
102.876 235.364 13.992 10.8 for
120.084 235.364 14.628 10.8 the
138.012 235.364 38.016 10.8 purpose
179.328 235.364 9.996 10.8 of
192.516 235.364 14.664 10.8 the
210.492 235.364 32.592 10.8 impact
246.348 235.364 56.304 10.8 assessment,
305.94 235.364 35.916 10.8 amount
345.168 235.364 9.336 10.8 to
357.816 235.364 19.332 10.8 cost
380.472 235.364 49.896 10.8 reductions
433.668 235.364 36.684 10.8 ranging
473.604 235.364 23.328 10.8 from
500.112 235.364 24.036 10.8 EUR

70.86 249.164 15 10.8 2.3
89.448 249.164 31.38 10.8 billion
124.344 249.164 9.336 10.8 to
137.232 249.164 24 10.8 EUR
164.76 249.164 15 10.8 6.9
183.348 249.164 31.38 10.8 billion
218.304 249.164 9.336 10.8 in
231.192 249.164 24.66 10.8 fixed
259.44 249.164 43.472 10.8 (one-off)
306.428 249.164 24.036 10.8 costs
334.004 249.164 17.328 10.8 and
354.932 249.164 23.304 10.8 from
381.728 249.164 24 10.8 EUR
409.256 249.164 15.048 10.8 1.1
427.892 249.164 31.38 10.8 billion
462.788 249.164 9.336 10.8 to
475.676 249.164 24 10.8 EUR
503.204 249.164 21.296 10.8 2.66

70.86 262.964 31.38 10.8 billion
109.416 262.964 9.336 10.8 in
125.904 262.964 53.952 10.8 operational
187.02 262.964 26.988 10.8 costs.
221.196 262.964 31.992 10.8 Annex
260.304 262.964 6 10.8 8
273.492 262.964 9.996 10.8 of
290.64 262.964 14.664 10.8 the
312.456 262.964 32.592 10.8 impact
352.272 262.964 53.232 10.8 assessment
412.716 262.964 39.324 10.8 presents
459.18 262.964 9.336 10.8 in
475.728 262.964 26.664 10.8 detail
509.544 262.964 14.664 10.8 the

70.86 276.764 51.984 10.8 underlying
130.356 276.764 59.304 10.8 assumptions
197.22 276.764 18.024 10.8 that
222.756 276.764 14.688 10.8 led
244.932 276.764 9.336 10.8 to
261.78 276.764 24.684 10.8 these
293.976 276.764 44.604 10.8 estimates
346.152 276.764 17.328 10.8 and
371.04 276.764 14.664 10.8 the
393.276 276.764 51.276 10.8 limitations
452.112 276.764 42.588 10.8 affecting
502.248 276.764 22.02 10.8 their

70.86 290.564 49.692 10.8 reliability.
124.344 290.564 19.992 10.8 Key
148.152 290.564 50.652 10.8 challenges
202.656 290.564 9.336 10.8 in
215.844 290.564 55.296 10.8 quantifying
274.992 290.564 19.332 10.8 cost
298.188 290.564 49.956 10.8 reductions
351.984 290.564 33.336 10.8 mainly
389.172 290.564 32.628 10.8 related
425.568 290.564 9.336 10.8 to
438.756 290.564 14.932 10.8 the
457.528 290.564 17.988 10.8 fact
479.356 290.564 17.964 10.8 that
501.172 290.564 23.244 10.8 most

70.86 304.364 30 10.8 EMIR
106.968 304.364 62.592 10.8 requirements
175.68 304.364 22.656 10.8 have
204.468 304.364 32.016 10.8 started
242.544 304.364 9.336 10.8 to
257.952 304.364 26.688 10.8 apply
290.688 304.364 38.652 10.8 recently
335.412 304.364 21.348 10.8 (e.g.
362.808 304.364 38.676 10.8 clearing
407.604 304.364 53.28 10.8 obligations
466.992 304.364 17.28 10.8 and
490.38 304.364 33.924 10.8 margin

70.86 318.164 69.6 10.8 requirements),
146.664 318.164 17.328 10.8 and
170.112 318.164 18 10.8 that
194.22 318.164 25.248 10.8 some
225.648 318.164 22.656 10.8 have
254.496 318.164 15.336 10.8 not
276.024 318.164 14.616 10.8 yet
296.832 318.164 31.968 10.8 started
334.908 318.164 9.336 10.8 to
350.376 318.164 26.616 10.8 apply
383.184 318.164 21.348 10.8 (e.g.
410.64 318.164 38.688 10.8 clearing
455.436 318.164 48.672 10.8 obligation
510.3 318.164 13.992 10.8 for

70.86 331.964 44.028 10.8 Category
117.936 331.964 6 10.8 3
126.924 331.964 41.988 10.8 financial
171.912 331.964 74.964 10.8 counterparties).
249.876 331.964 50.292 10.8 Therefore,
303.168 331.964 14.664 10.8 the
320.868 331.964 45.936 10.8 estimated
370 331.964 19.332 10.8 cost
392.368 331.964 49.968 10.8 reductions
445.384 331.964 18.66 10.8 rely
467.092 331.964 12 10.8 on
482.092 331.964 5.328 10.8 a
490.48 331.964 33.984 10.8 limited

70.86 345.764 35.916 10.8 amount
110.808 345.764 9.996 10.8 of
124.776 345.764 39.372 10.8 publicly
168.18 345.764 43.296 10.8 available
215.496 345.764 19.944 10.8 data
239.472 345.764 17.28 10.8 and
260.76 345.764 46.008 10.8 anecdotal
310.716 345.764 33.252 10.8 market
348 345.764 45.636 10.8 evidence,
397.644 345.764 29.328 10.8 which
430.932 345.764 20.568 10.8 may
455.52 345.764 15.336 10.8 not
474.888 345.764 49.356 10.8 accurately

70.86 359.564 35.316 10.8 capture
109.536 359.564 14.664 10.8 the
127.572 359.564 42.024 10.8 diversity
172.968 359.564 17.28 10.8 and
193.596 359.564 14.664 10.8 the
211.632 359.564 49.992 10.8 specificity
264.996 359.564 9.996 10.8 of
278.304 359.564 14.664 10.8 the
296.34 359.564 67.98 10.8 counterparties
367.644 359.564 8.664 10.8 at
379.68 359.564 23.688 10.8 play.
406.716 359.564 21.336 10.8 This
431.424 359.564 19.356 10.8 also
454.14 359.564 30.636 10.8 means
488.136 359.564 18.024 10.8 that
509.532 359.564 14.664 10.8 the

70.86 373.364 45.984 10.8 estimated
121.044 373.364 19.284 10.8 cost
144.552 373.364 49.908 10.8 reductions
198.66 373.364 14.676 10.8 are
217.476 373.364 24.104 10.8 valid
245.708 373.364 21.336 10.8 only
271.196 373.364 8.664 10.8 at
284.012 373.364 14.664 10.8 the
302.78 373.364 33.972 10.8 current
340.964 373.364 24.576 10.8 point
369.752 373.364 9.336 10.8 in
383.24 373.364 24.228 10.8 time.
411.668 373.364 37.044 10.8 Finally,
452.864 373.364 9.996 10.8 as
467.012 373.364 57.348 10.8 calculations

70.86 387.164 22.656 10.8 have
98.148 387.164 37.26 10.8 focused
140.016 387.164 12 10.8 on
156.624 387.164 19.332 10.8 cost
180.492 387.164 53.016 10.8 reductions,
238.068 387.164 25.188 10.8 some
267.936 387.164 39.912 10.8 minimal
312.48 387.164 52.572 10.8 adjustment
369.684 387.164 24 10.8 costs
398.292 387.164 22.656 10.8 have
425.46 387.164 15.336 10.8 not
445.428 387.164 22.656 10.8 been
472.656 387.164 51.624 10.8 quantified.

70.86 400.964 28.656 10.8 These
106.608 400.964 22.656 10.8 have
136.296 400.964 41.316 10.8 however
184.644 400.964 22.656 10.8 been
214.392 400.964 45.984 10.8 described
267.42 400.964 59.964 10.8 qualitatively
334.416 400.964 9.336 10.8 in
350.844 400.964 26.64 10.8 detail
384.54 400.964 9.336 10.8 in
400.908 400.964 31.992 10.8 Annex
439.956 400.964 6 10.8 7
453.024 400.964 9.996 10.8 of
470.052 400.964 14.628 10.8 the
491.76 400.964 32.592 10.8 impact

70.86 414.784 56.304 10.8 assessment.

70.86 440.584 39.024 10.8 Overall,
113.28 440.584 53.664 10.8 businesses,
170.304 440.584 32.28 10.8 SMEs,
205.992 440.584 17.328 10.8 and
226.74 440.584 84.02 10.8 micro-enterprises
314.156 440.584 21.708 10.8 will,
339.212 440.584 9.336 10.8 in
351.98 440.584 48.912 10.8 particular,
404.324 440.584 33.192 10.8 benefit
440.96 440.584 23.328 10.8 from
467.588 440.584 11.364 10.8 (i)
482.384 440.584 41.988 10.8 reducing

70.86 454.324 49.344 10.8 regulatory
123.576 454.324 62.604 10.8 requirements
189.48 454.324 9.336 10.8 in
202.188 454.324 25.344 10.8 cases
230.904 454.324 29.316 10.8 where
263.592 454.324 78.624 10.8 disproportionate
345.576 454.324 55.272 10.8 compliance
404.172 454.324 24 10.8 costs
431.52 454.324 32.004 10.8 appear
466.896 454.324 9.336 10.8 to
479.544 454.324 44.664 10.8 outweigh

70.86 468.124 48.672 10.8 prudential
125.364 468.124 37.956 10.8 benefits
169.14 468.124 17.328 10.8 and
192.228 468.124 14.7 10.8 (ii)
212.724 468.124 49.968 10.8 improving
268.5 468.124 30.672 10.8 access
305.004 468.124 9.336 10.8 to
320.112 468.124 41.676 10.8 clearing.
367.548 468.124 18.66 10.8 The
392.016 468.124 66.684 10.8 simplification
464.8 468.124 9.996 10.8 of
480.568 468.124 44.016 10.8 reporting

70.86 481.924 62.604 10.8 requirements
138.324 481.924 18.672 10.8 will
161.88 481.924 33.264 10.8 benefit
200.016 481.924 11.952 10.8 all
216.852 481.924 70.956 10.8 counterparties,
292.608 481.924 45.336 10.8 including
342.816 481.924 32.268 10.8 SMEs.
379.944 481.924 9.996 10.8 In
394.812 481.924 42.336 10.8 addition,
441.96 481.924 25.944 10.8 small
472.776 481.924 28.008 10.8 NFCs
505.644 481.924 18.672 10.8 will

70.86 495.724 33.324 10.8 benefit
110.076 495.724 23.256 10.8 from
139.104 495.724 14.664 10.8 the
159.66 495.724 44.016 10.8 reporting
209.556 495.724 9.996 10.8 of
225.324 495.724 14.664 10.8 the
245.82 495.724 57.312 10.8 transactions
308.976 495.724 12 10.8 by
326.844 495.724 14.664 10.8 the
347.352 495.724 41.904 10.8 financial
395.148 495.724 60.6 10.8 counterparty
461.556 495.724 9.336 10.8 to
476.784 495.724 14.628 10.8 the
497.292 495.724 26.988 10.8 trade.

70.86 509.524 37.044 10.8 Finally,
111.636 509.524 55.308 10.8 introducing
170.712 509.524 19.944 10.8 new
194.4 509.524 40.632 10.8 FRAND
238.848 509.524 47.352 10.8 principles
289.932 509.524 18.672 10.8 will
312.36 509.524 25.896 10.8 make
342.048 509.524 6.672 10.8 it
352.524 509.524 28.192 10.8 easier
384.448 509.524 9.336 10.8 to
397.576 509.524 19.332 10.8 find
420.604 509.524 30.672 10.8 access
455.02 509.524 9.336 10.8 to
468.088 509.524 38.688 10.8 clearing
510.484 509.524 13.992 10.8 for

70.86 523.324 26.568 10.8 many
100.428 523.324 71.1 10.8 counterparties.

70.86 549.124 36.024 10.8 Section
113.616 549.124 6 10.8 6
126.324 549.124 9.996 10.8 of
142.992 549.124 14.664 10.8 the
164.388 549.124 32.688 10.8 impact
203.82 549.124 53.292 10.8 assessment
263.844 549.124 41.316 10.8 provides
311.88 549.124 5.328 10.8 a
323.928 549.124 57.536 10.8 break-down
388.148 549.124 9.996 10.8 of
404.876 549.124 14.664 10.8 the
426.272 549.124 55.344 10.8 distribution
488.324 549.124 9.996 10.8 of
505.052 549.124 19.332 10.8 cost

70.86 562.924 88.56 10.8 reduction/minimal
162.444 562.924 52.572 10.8 adjustment
218.04 562.924 27.036 10.8 costs,
248.076 562.924 42.048 10.8 covering
293.064 562.924 12.024 10.8 all
308.052 562.924 70.92 10.8 counterparties.

70.86 588.724 25.044 10.8 First,
101.076 588.724 21.276 10.8 with
127.524 588.724 30.648 10.8 regard
163.332 588.724 9.336 10.8 to
177.78 588.724 14.664 10.8 the
197.568 588.724 27.324 10.8 scope
230.064 588.724 9.996 10.8 of
245.172 588.724 14.664 10.8 the
265.008 588.724 38.676 10.8 clearing
308.784 588.724 65.792 10.8 requirements,
379.736 588.724 33.336 10.8 greater
418.232 588.724 71.916 10.8 proportionality
495.296 588.724 9.336 10.8 in
509.804 588.724 14.664 10.8 the

70.86 602.524 53.376 10.8 application
127.584 602.524 9.996 10.8 of
141.012 602.524 38.676 10.8 clearing
183.168 602.524 23.328 10.8 rules
209.976 602.524 18.612 10.8 will
232.092 602.524 33.216 10.8 benefit
268.8 602.524 27.972 10.8 NFCs
300.228 602.524 9.996 10.8 as
313.716 602.524 14.664 10.8 the
331.824 602.524 47.916 10.8 envisaged
383.232 602.524 44.604 10.8 measures
431.316 602.524 18.636 10.8 will
453.444 602.524 31.32 10.8 ensure
488.232 602.524 5.328 10.8 a
496.98 602.524 27.324 10.8 better

70.86 616.324 63.288 10.8 level-playing
138.036 616.324 21.996 10.8 field
163.944 616.324 9.336 10.8 in
177.192 616.324 14.568 10.8 the
195.66 616.324 60.588 10.8 qualification
260.136 616.324 9.996 10.8 of
273.984 616.324 28.008 10.8 NFCs
305.892 616.324 34.02 10.8 subject
343.788 616.324 9.336 10.8 to
357.036 616.324 38.628 10.8 clearing
399.552 616.324 17.328 10.8 and
420.72 616.324 33.924 10.8 margin
458.556 616.324 65.652 10.8 requirements,

70.86 630.124 48.696 10.8 protecting
123.696 630.124 23.964 10.8 them
151.764 630.124 23.364 10.8 from
179.22 630.124 48.092 10.8 additional
231.464 630.124 24.588 10.8 fixed
260.192 630.124 24.036 10.8 costs
288.368 630.124 36.624 10.8 ranging
329.144 630.124 23.364 10.8 from
356.54 630.124 40.056 10.8 between
400.724 630.124 24 10.8 EUR
428.792 630.124 15 10.8 9.6
447.98 630.124 34.656 10.8 million
486.764 630.124 9.336 10.8 to
500.252 630.124 24 10.8 EUR

70.86 643.924 21 10.8 26.7
95.088 643.924 37.656 10.8 million.
135.972 643.924 8.664 10.8 A
147.84 643.924 64.724 10.8 re-calibration
215.816 643.924 9.996 10.8 of
229.004 643.924 23.256 10.8 what
255.512 643.924 51.324 10.8 constitutes
310.016 643.924 11.328 10.8 an
324.584 643.924 21.348 10.8 SFC
349.112 643.924 18.024 10.8 that
370.328 643.924 30 10.8 would
403.556 643.924 11.328 10.8 be
418.124 643.924 33.972 10.8 subject
455.3 643.924 9.336 10.8 to
467.828 643.924 14.664 10.8 the
485.684 643.924 38.676 10.8 clearing

70.86 657.724 48.696 10.8 obligation
124.164 657.724 18.672 10.8 will
147.54 657.724 26.664 10.8 allow
178.848 657.724 29.34 10.8 (very)
212.892 657.724 25.944 10.8 small
243.528 657.724 42.012 10.8 financial
290.232 657.724 67.956 10.8 counterparties
362.808 657.724 13.992 10.8 for
381.456 657.724 29.328 10.8 which
415.464 657.724 32.736 10.8 central
452.868 657.724 38.628 10.8 clearing
496.164 657.724 8.004 10.8 is
508.872 657.724 15.336 10.8 not

70.86 671.524 64.632 10.8 economically
139.404 671.524 37.356 10.8 feasible
180.72 671.524 9.336 10.8 to
193.968 671.524 26.688 10.8 avoid
224.604 671.524 45.984 10.8 estimated
274.548 671.524 24 10.8 costs
302.496 671.524 36.66 10.8 ranging
343.104 671.524 23.364 10.8 from
370.38 671.524 24 10.8 EUR
398.268 671.524 27 10.8 509.7
429.324 671.524 34.656 10.8 million
467.928 671.524 9.336 10.8 to
481.236 671.524 24 10.8 EUR
509.124 671.524 15.048 10.8 1.4

70.86 685.324 34.38 10.8 billion.
108.576 685.324 37.956 10.8 Pension
149.904 685.324 37.908 10.8 Scheme
191.172 685.324 70.944 10.8 Arrangements,
265.476 685.324 17.328 10.8 and
286.104 685.324 45.984 10.8 indirectly
335.4 685.324 29.988 10.8 policy
368.676 685.324 38.376 10.8 holders,
410.352 685.324 18.672 10.8 will
432.36 685.324 33.324 10.8 benefit
469.056 685.324 23.256 10.8 from
495.564 685.324 5.328 10.8 a
504.252 685.324 19.992 10.8 new

70.86 699.144 54.012 10.8 transitional
128.904 699.144 38.676 10.8 clearing
171.66 699.144 50.628 10.8 exemption
226.356 699.144 12 10.8 on
242.424 699.144 14.664 10.8 the
261.18 699.144 38.664 10.8 grounds
303.936 699.144 18.024 10.8 that
326.052 699.144 12 10.8 no
342.12 699.144 29.292 10.8 viable
375.504 699.144 43.272 10.8 technical
422.808 699.144 38.98 10.8 clearing
465.856 699.144 38.676 10.8 solution
508.624 699.144 15.948 10.8 has

70.86 712.944 41.256 10.8 emerged
115.536 712.944 9.336 10.8 to
128.364 712.944 23.016 10.8 date.
154.8 712.944 7.332 10.8 It
165.516 712.944 8.004 10.8 is
176.964 712.944 45.936 10.8 estimated
226.32 712.944 18.024 10.8 that
247.716 712.944 14.664 10.8 the
265.812 712.944 38.016 10.8 avoided
307.188 712.944 54.012 10.8 operational
364.584 712.944 24.036 10.8 costs
392.04 712.944 32.028 10.8 should
427.416 712.944 26.004 10.8 reach
456.852 712.944 39.924 10.8 between
500.208 712.944 24 10.8 EUR

70.86 726.744 18 10.8 780
95.448 726.744 34.656 10.8 million
136.572 726.744 17.328 10.8 and
160.44 726.744 21 10.8 1.56
188.028 726.744 34.38 10.8 billion.
228.924 726.744 9.996 10.8 In
245.472 726.744 42.36 10.8 addition,
294.348 726.744 46.668 10.8 following
347.556 726.744 38.652 10.8 changes
392.724 726.744 9.336 10.8 to
408.612 726.744 14.664 10.8 the
429.78 726.744 27.324 10.8 scope
463.656 726.744 9.996 10.8 of
480.144 726.744 44.088 10.8 reporting

70.86 740.544 65.604 10.8 requirements,
142.584 740.544 12.024 10.8 all
160.74 740.544 43.956 10.8 reporting
210.816 740.544 67.956 10.8 counterparties
284.892 740.544 14.652 10.8 are
305.64 740.544 42.696 10.8 expected
354.384 740.544 9.336 10.8 to
370 740.544 33.324 10.8 benefit
409.456 740.544 23.328 10.8 from
438.844 740.544 14.664 10.8 the
459.64 740.544 48.696 10.8 lightening
514.444 740.544 9.996 10.8 of

28.38 784.188 33.348 22.2 EN

291.62 793.224 12 10.8 12

533.62 784.188 33.348 22.2 EN

70.86 59.544 32.688 10.8 certain
108.276 59.544 43.992 10.8 reporting
157.02 59.544 65.496 10.8 requirements,
227.256 59.544 21.996 10.8 such
254.052 59.544 9.996 10.8 as
268.8 59.544 14.664 10.8 the
288.216 59.544 39.348 10.8 removal
332.292 59.544 9.996 10.8 of
346.98 59.544 14.664 10.8 the
366.396 59.544 62.952 10.8 'backloading'
433.992 59.544 48.732 10.8 obligation
487.476 59.544 17.328 10.8 and
509.544 59.544 14.664 10.8 the

70.86 73.344 23.328 10.8 ETD
100.368 73.344 47.016 10.8 reporting.
153.624 73.344 9.996 10.8 In
169.872 73.344 48.888 10.8 particular,
224.988 73.344 14.628 10.8 the
245.796 73.344 50.628 10.8 exemption
302.652 73.344 23.328 10.8 from
332.1 73.344 14.664 10.8 the
353.016 73.344 44.028 10.8 reporting
403.212 73.344 48.708 10.8 obligation
458.148 73.344 9.996 10.8 of
474.276 73.344 50.016 10.8 intragroup

70.86 87.144 57.312 10.8 transactions
131.436 87.144 9.336 10.8 in
144.084 87.144 29.328 10.8 which
176.652 87.144 17.268 10.8 one
197.22 87.144 9.996 10.8 of
210.468 87.144 14.664 10.8 the
228.396 87.144 68.06 10.8 counterparties
299.696 87.144 8.004 10.8 is
310.964 87.144 11.328 10.8 an
325.592 87.144 23.304 10.8 NFC
352.16 87.144 17.28 10.8 and
372.728 87.144 14.664 10.8 the
390.656 87.144 50.628 10.8 exemption
444.572 87.144 9.996 10.8 of
457.76 87.144 14.664 10.8 the
475.736 87.144 48.636 10.8 obligation

70.86 100.944 9.996 10.8 of
84.108 100.944 25.992 10.8 small
113.412 100.944 28.008 10.8 NFCs
144.72 100.944 19.356 10.8 also
167.376 100.944 9.336 10.8 to
180.024 100.944 28.656 10.8 report
211.992 100.944 57.264 10.8 transactions
272.58 100.944 39.948 10.8 between
315.816 100.944 53.292 10.8 themselves
372.42 100.944 17.328 10.8 and
393.048 100.944 42.012 10.8 financial
438.372 100.944 67.956 10.8 counterparties
509.628 100.944 14.652 10.8 are

70.86 114.744 42.696 10.8 expected
119.664 114.744 9.336 10.8 to
135.132 114.744 32.004 10.8 reduce
173.268 114.744 66.764 10.8 EMIR-related
246.128 114.744 55.272 10.8 compliance
307.592 114.744 24.036 10.8 costs
337.748 114.744 13.992 10.8 for
357.896 114.744 14.664 10.8 the
378.752 114.744 20.112 10.8 'real
405.008 114.744 49.008 10.8 economy'.
460.184 114.744 18.696 10.8 The
485.06 114.744 39.348 10.8 ballpark

70.86 128.544 39.984 10.8 estimate
115.284 128.544 9.996 10.8 of
129.672 128.544 14.664 10.8 the
148.788 128.544 21.324 10.8 total
174.504 128.544 45.44 10.8 reduction
224.336 128.544 9.336 10.8 in
238.124 128.544 66.648 10.8 EMIR-related
309.128 128.544 55.272 10.8 compliance
368.852 128.544 24.036 10.8 costs
397.328 128.544 13.992 10.8 for
415.676 128.544 49.968 10.8 corporates
470.072 128.544 26.568 10.8 range
501.08 128.544 23.364 10.8 from

70.86 142.364 24 10.8 EUR
98.988 142.364 18 10.8 350
121.236 142.364 34.68 10.8 million
160.104 142.364 9.336 10.8 to
173.592 142.364 15 10.8 1.1
192.72 142.364 31.344 10.8 billion
228.288 142.364 13.992 10.8 for
246.396 142.364 54.012 10.8 operational
304.512 142.364 27.036 10.8 costs,
335.748 142.364 17.328 10.8 and
357.216 142.364 23.364 10.8 from
384.672 142.364 24 10.8 EUR
412.8 142.364 15.048 10.8 1.8
432.036 142.364 31.344 10.8 billion
467.544 142.364 9.336 10.8 to
481.032 142.364 24 10.8 EUR
509.16 142.364 15.048 10.8 5.3

70.86 156.164 31.38 10.8 billion
105.24 156.164 13.944 10.8 for
122.184 156.164 24.66 10.8 fixed
149.844 156.164 27.06 10.8 costs.

70.86 181.964 38.328 10.8 Second,
116.748 181.964 33.312 10.8 greater
157.596 181.964 61.308 10.8 transparency
226.464 181.964 9.996 10.8 of
243.972 181.964 24 10.8 OTC
275.46 181.964 52.632 10.8 derivatives
335.664 181.964 43.308 10.8 positions
386.532 181.964 17.328 10.8 and
411.42 181.964 47.964 10.8 exposures
466.956 181.964 18.612 10.8 will
493.3 181.964 31.32 10.8 enable

70.86 195.764 50.688 10.8 authorities
126.576 195.764 9.336 10.8 to
140.904 195.764 37.32 10.8 identify
183.24 195.764 17.328 10.8 any
205.608 195.764 42.012 10.8 potential
252.612 195.764 44.616 10.8 problems
302.268 195.764 8.664 10.8 at
315.984 195.764 11.328 10.8 an
332.352 195.764 30.624 10.8 earlier
367.968 195.764 24.696 10.8 stage
397.704 195.764 17.328 10.8 and
420.012 195.764 9.336 10.8 to
434.34 195.764 20.016 10.8 take
459.336 195.764 30.636 10.8 timely
495 195.764 29.268 10.8 action

70.86 209.564 51.348 10.8 addressing
129.876 209.564 17.328 10.8 any
154.944 209.564 25.704 10.8 risks,
188.28 209.564 20.004 10.8 thus
216.048 209.564 51.996 10.8 benefitting
275.796 209.564 14.628 10.8 the
298.164 209.564 45.984 10.8 resilience
351.912 209.564 9.996 10.8 of
369.54 209.564 42.012 10.8 financial
419.196 209.564 40.944 10.8 markets,
467.88 209.564 8.664 10.8 at
484.248 209.564 39.972 10.8 minimal

70.86 223.364 52.632 10.8 adjustment
126.516 223.364 23.952 10.8 costs
153.504 223.364 13.956 10.8 for
170.46 223.364 67.968 10.8 counterparties
241.428 223.364 17.328 10.8 and
261.756 223.364 23.988 10.8 trade
288.708 223.364 58.992 10.8 repositories.

70.86 249.164 29.664 10.8 Third,
105.84 249.164 45.996 10.8 improved
157.176 249.164 30.648 10.8 access
193.104 249.164 9.336 10.8 to
207.732 249.164 38.676 10.8 clearing
251.688 249.164 18.672 10.8 will
275.676 249.164 26.664 10.8 allow
307.584 249.164 48.024 10.8 additional
360.84 249.164 33.252 10.8 market
399.444 249.164 58.968 10.8 participants,
463.728 249.164 9.336 10.8 in
478.296 249.164 46.008 10.8 particular

70.86 262.964 23.364 10.8 from
97.836 262.964 14.664 10.8 the
116.232 262.964 22.872 10.8 "real
142.836 262.964 51.816 10.8 economy",
198.384 262.964 9.336 10.8 to
211.512 262.964 37.224 10.8 manage
252.468 262.964 17.328 10.8 and
273.516 262.964 28.656 10.8 hedge
305.904 262.964 21.984 10.8 their
331.62 262.964 22.668 10.8 risks
358.008 262.964 20.28 10.8 and,
381.996 262.964 12 10.8 by
397.704 262.964 42.012 10.8 reducing
443.4 262.964 14.664 10.8 the
461.796 262.964 48.66 10.8 likelihood
514.152 262.964 10.044 10.8 of

70.86 276.764 33.996 10.8 sudden
111.108 276.764 32.616 10.8 shocks
149.976 276.764 17.328 10.8 and
173.544 276.764 40.692 10.8 business
220.488 276.764 53.304 10.8 disruptions
280.032 276.764 48.984 10.8 occurring,
335.268 276.764 48.564 10.8 contribute
390.084 276.764 9.336 10.8 to
405.672 276.764 5.328 10.8 a
417.24 276.764 18 10.8 less
441.468 276.764 36 10.8 volatile
483.88 276.764 40.692 10.8 business

70.86 290.564 61.932 10.8 development
136.764 290.564 17.328 10.8 and
158.052 290.564 15.336 10.8 job
177.36 290.564 38.016 10.8 security
219.336 290.564 9.996 10.8 of
233.244 290.564 22.02 10.8 their
259.248 290.564 54.276 10.8 employees.
317.484 290.564 9.996 10.8 In
331.452 290.564 48.972 10.8 particular,
384.396 290.564 49.968 10.8 corporates
438.3 290.564 18.024 10.8 that
460.296 290.564 18.636 10.8 will
482.904 290.564 41.352 10.8 continue

70.86 304.364 9.336 10.8 to
84.528 304.364 11.328 10.8 be
100.176 304.364 33.936 10.8 subject
138.444 304.364 9.336 10.8 to
152.112 304.364 14.628 10.8 the
171.06 304.364 38.628 10.8 clearing
213.996 304.364 48.588 10.8 obligation
266.892 304.364 38.004 10.8 because
309.168 304.364 9.996 10.8 of
323.436 304.364 22.02 10.8 their
349.8 304.364 41.844 10.8 systemic
395.976 304.364 18.036 10.8 risk
418.332 304.364 31.956 10.8 profile
454.608 304.364 32.028 10.8 should
490.884 304.364 33.324 10.8 benefit

70.86 318.164 23.364 10.8 from
98.196 318.164 5.328 10.8 a
107.604 318.164 24.66 10.8 fixed
136.332 318.164 19.332 10.8 cost
159.768 318.164 45.288 10.8 reduction
209.124 318.164 36.66 10.8 ranging
249.792 318.164 23.364 10.8 from
277.128 318.164 24 10.8 EUR
305.196 318.164 21 10.8 24.8
330.264 318.164 34.656 10.8 million
369.2 318.164 9.336 10.8 to
382.628 318.164 24 10.8 EUR
410.636 318.164 21 10.8 69.5
435.704 318.164 37.656 10.8 million.
477.428 318.164 47.016 10.8 Likewise,

70.86 331.964 14.664 10.8 the
91.116 331.964 45.936 10.8 estimated
142.632 331.964 38.016 10.8 benefits
186.228 331.964 13.992 10.8 for
205.776 331.964 41.952 10.8 systemic
253.32 331.964 25.992 10.8 small
284.904 331.964 46.68 10.8 financials
337.14 331.964 23.328 10.8 from
365.988 331.964 11.328 10.8 an
382.896 331.964 45.996 10.8 improved
434.472 331.964 30.672 10.8 access
470.676 331.964 9.336 10.8 to
485.544 331.964 38.676 10.8 clearing

70.86 345.764 32.028 10.8 should
107.676 345.764 25.92 10.8 reach
138.384 345.764 24 10.8 EUR
167.112 345.764 21 10.8 32.6
192.9 345.764 34.656 10.8 million
232.284 345.764 9.336 10.8 to
246.372 345.764 24 10.8 EUR
275.1 345.764 21 10.8 91.3
300.888 345.764 34.656 10.8 million
340.332 345.764 25.992 10.8 when
371.1 345.764 14.664 10.8 the
390.528 345.764 38.568 10.8 clearing
433.884 345.764 48.636 10.8 obligation
487.308 345.764 36.996 10.8 applies.

70.86 359.564 28.656 10.8 These
106.068 359.564 45.996 10.8 estimated
158.616 359.564 19.332 10.8 cost
184.464 359.564 49.956 10.8 reductions
240.96 359.564 18.672 10.8 will
266.136 359.564 43.272 10.8 therefore
316.04 359.564 18.648 10.8 free
341.228 359.564 12 10.8 up
359.756 359.564 32.712 10.8 further
398.96 359.564 52.512 10.8 investment
458.024 359.564 66.444 10.8 opportunities,

70.86 373.364 48.684 10.8 benefiting
124.476 373.364 14.628 10.8 the
144.084 373.364 48.564 10.8 objectives
197.628 373.364 9.996 10.8 of
212.556 373.364 14.664 10.8 the
232.212 373.364 34.584 10.8 Capital
271.788 373.364 39.288 10.8 Markets
316.056 373.364 30 10.8 Union
351.024 373.364 17.28 10.8 and
373.272 373.364 14.664 10.8 the
392.928 373.364 67.356 10.8 Commission's
465.264 373.364 36.708 10.8 Growth
506.94 373.364 17.328 10.8 and

70.86 387.164 21.336 10.8 Jobs
95.196 387.164 37.008 10.8 agenda.

70.86 412.984 39.024 10.8 Overall,
115.296 412.984 23.904 10.8 there
144.612 412.984 32.028 10.8 should
182.028 412.984 11.328 10.8 be
198.756 412.984 12 10.8 no
216.144 412.984 50.712 10.8 significant
272.268 412.984 38.616 10.8 relevant
316.296 412.984 28.032 10.8 social
349.74 412.984 17.328 10.8 and
372.408 412.984 46.632 10.8 economic
424.452 412.984 22.368 10.8 cost.
452.208 412.984 18.66 10.8 The
476.256 412.984 48.036 10.8 envisaged

70.86 426.784 66.636 10.8 simplification
142.584 426.784 17.328 10.8 and
165.012 426.784 45.404 10.8 increased
215.528 426.784 72.012 10.8 proportionality
292.652 426.784 9.996 10.8 of
307.7 426.784 23.364 10.8 rules
336.176 426.784 12 10.8 on
353.264 426.784 43.992 10.8 reporting
402.368 426.784 18.636 10.8 will
426.116 426.784 26.688 10.8 allow
457.892 426.784 46.644 10.8 achieving
509.648 426.784 14.664 10.8 the

70.86 440.584 48.684 10.8 objectives
123.696 440.584 9.936 10.8 of
137.724 440.584 30 10.8 EMIR
171.912 440.584 26.664 10.8 while
202.74 440.584 61.308 10.8 considerably
268.176 440.584 41.976 10.8 reducing
314.28 440.584 14.664 10.8 the
333.096 440.584 33.348 10.8 overall
370.572 440.584 68.652 10.8 administrative
443.364 440.584 33.348 10.8 burden
480.78 440.584 27.324 10.8 borne
512.256 440.584 12 10.8 by

70.86 454.324 67.92 10.8 counterparties
145.992 454.324 18.024 10.8 that
171.228 454.324 14.604 10.8 are
192.996 454.324 34.02 10.8 subject
234.18 454.324 9.336 10.8 to
250.668 454.324 44.016 10.8 reporting
301.824 454.324 62.604 10.8 requirements
371.628 454.324 27.324 10.8 under
406.164 454.324 33 10.8 EMIR.
446.352 454.324 56.028 10.8 Concerning
509.568 454.324 14.628 10.8 the

70.86 468.124 61.332 10.8 modification
135.744 468.124 10.052 10.8 of
149.348 468.124 65.388 10.8 responsibility
218.312 468.124 13.992 10.8 for
235.88 468.124 14.664 10.8 the
254.108 468.124 44.016 10.8 reporting
301.724 468.124 51.636 10.8 obligation,
356.888 468.124 14.628 10.8 the
375.116 468.124 34.644 10.8 entities
413.372 468.124 17.964 10.8 that
434.948 468.124 32.028 10.8 should
470.504 468.124 19.992 10.8 take
494.072 468.124 12 10.8 on
509.66 468.124 14.664 10.8 the

70.86 481.924 44.016 10.8 reporting
117.936 481.924 48.636 10.8 obligation
169.572 481.924 9.336 10.8 in
181.98 481.924 14.628 10.8 the
199.668 481.924 28.656 10.8 future
231.396 481.924 14.604 10.8 are
249.024 481.924 27.348 10.8 better
279.42 481.924 43.908 10.8 equipped
326.388 481.924 13.992 10.8 for
343.416 481.924 17.376 10.8 this
363.792 481.924 19.332 10.8 task
386.16 481.924 20.328 10.8 and,
409.548 481.924 17.328 10.8 due
429.876 481.924 9.336 10.8 to
442.284 481.924 14.664 10.8 the
459.972 481.924 51.276 10.8 economies
514.308 481.924 9.996 10.8 of

70.86 495.724 24.012 10.8 scale
98.664 495.724 44.976 10.8 involved,
147.48 495.724 14.664 10.8 the
165.996 495.724 38.604 10.8 relevant
208.452 495.724 33.3 10.8 overall
245.556 495.724 46.62 10.8 aggregate
295.992 495.724 24 10.8 costs
323.82 495.724 32.028 10.8 should
359.676 495.724 44.28 10.8 decrease.
407.772 495.724 9.996 10.8 In
421.62 495.724 49.228 10.8 particular,
474.676 495.724 27.3 10.8 CCPs
505.804 495.724 18.672 10.8 will

70.86 509.524 19.98 10.8 face
94.848 509.524 39.912 10.8 minimal
138.732 509.524 52.632 10.8 adjustment
195.336 509.524 24.036 10.8 costs
223.332 509.524 36.648 10.8 relating
263.928 509.524 9.336 10.8 to
277.236 509.524 14.664 10.8 the
295.872 509.524 22.656 10.8 need
322.5 509.524 9.336 10.8 to
335.808 509.524 45.36 10.8 introduce
385.104 509.524 23.328 10.8 ETD
412.332 509.524 47.052 10.8 reporting.
463.356 509.524 46.968 10.8 However,
514.272 509.524 9.996 10.8 as

70.86 523.324 27.3 10.8 CCPs
104.808 523.324 35.316 10.8 already
146.772 523.324 22.656 10.8 have
176.1 523.324 5.328 10.8 a
188.028 523.324 50.664 10.8 significant
245.304 523.324 35.916 10.8 amount
287.892 523.324 9.996 10.8 of
304.56 523.324 20.016 10.8 data
331.236 523.324 53.268 10.8 concerning
391.164 523.324 24.636 10.8 these
422.4 523.324 57.312 10.8 transactions
486.336 523.324 9.336 10.8 in
502.344 523.324 21.984 10.8 their

70.86 537.124 51.396 10.8 possession
128.064 537.124 17.328 10.8 and
151.332 537.124 14.652 10.8 are
171.9 537.124 35.268 10.8 already
213.108 537.124 39.984 10.8 required
258.996 537.124 9.336 10.8 to
274.224 537.124 28.62 10.8 report
308.76 537.124 12.024 10.8 all
326.676 537.124 80.788 10.8 centrally-cleared
413.344 537.124 47.952 10.8 derivative
467.2 537.124 57.288 10.8 transactions

70.86 550.924 27.324 10.8 under
101.496 550.924 33 10.8 EMIR,
137.784 550.924 14.664 10.8 the
155.76 550.924 47.952 10.8 additional
207.024 550.924 33.348 10.8 burden
243.66 550.924 31.284 10.8 placed
278.256 550.924 12 10.8 on
293.544 550.924 27.3 10.8 CCPs
324.132 550.924 30 10.8 would
357.42 550.924 11.328 10.8 be
372.048 550.924 36.984 10.8 limited.
412.332 550.924 51.312 10.8 Additional
466.956 550.924 44.604 10.8 measures
514.86 550.924 9.336 10.8 to

70.86 564.724 49.92 10.8 harmonise
126.324 564.724 14.664 10.8 the
146.52 564.724 52.596 10.8 calculation
204.624 564.724 9.996 10.8 of
220.092 564.724 14.664 10.8 the
240.288 564.724 49.404 10.8 thresholds
295.212 564.724 13.896 10.8 for
314.64 564.724 38.676 10.8 clearing
358.776 564.724 17.328 10.8 and
381.624 564.724 14.664 10.8 the
401.82 564.724 32.604 10.8 further
439.956 564.724 68.664 10.8 harmonisation
514.128 564.724 10.044 10.8 of

70.86 578.524 44.016 10.8 reporting
119.136 578.524 23.328 10.8 rules
146.724 578.524 17.328 10.8 and
168.312 578.524 52.644 10.8 procedures
225.24 578.524 20.568 10.8 may
250.128 578.524 8.664 10.8 at
263.064 578.524 23.244 10.8 most
290.72 578.524 36.072 10.8 involve
331.064 578.524 25.248 10.8 some
360.572 578.524 33.984 10.8 limited
398.816 578.524 52.632 10.8 adjustment
455.72 578.524 68.688 10.8 administrative

70.86 592.324 27.036 10.8 costs,
102.276 592.324 9.336 10.8 in
116.064 592.324 45.936 10.8 particular
166.392 592.324 13.992 10.8 for
184.8 592.324 23.916 10.8 trade
213.168 592.324 58.944 10.8 repositories,
276.504 592.324 9.336 10.8 in
290.232 592.324 14.664 10.8 the
309.3 592.324 28.008 10.8 initial
341.676 592.324 29.316 10.8 stages
375.372 592.324 9.996 10.8 of
389.76 592.324 78.336 10.8 implementation,
472.512 592.324 15.336 10.8 but
492.18 592.324 32.028 10.8 should

70.86 606.124 20.016 10.8 lead
94.056 606.124 9.336 10.8 to
106.584 606.124 33.288 10.8 greater
143.04 606.124 55.296 10.8 efficiencies
201.504 606.124 17.328 10.8 and
222.012 606.124 31.956 10.8 reduce
257.148 606.124 14.664 10.8 the
275.004 606.124 33.348 10.8 overall
311.46 606.124 33.348 10.8 burden
347.976 606.124 9.336 10.8 in
360.504 606.124 14.664 10.8 the
378.42 606.124 44.92 10.8 mid-term
426.436 606.124 17.328 10.8 and
446.944 606.124 50.316 10.8 long-term.
500.536 606.124 23.928 10.8 With

70.86 619.924 30.696 10.8 regard
104.664 619.924 9.336 10.8 to
117.132 619.924 23.928 10.8 trade
144.32 619.924 58.944 10.8 repositories,
206.444 619.924 9.996 10.8 as
219.572 619.924 20.688 10.8 they
243.308 619.924 30 10.8 would
276.476 619.924 22.656 10.8 have
302.264 619.924 9.336 10.8 to
314.792 619.924 51.252 10.8 implement
369.236 619.924 42.648 10.8 adequate
415.004 619.924 52.608 10.8 procedures
470.72 619.924 9.336 10.8 in
483.188 619.924 17.328 10.8 any
503.696 619.924 20.604 10.8 case

70.86 633.724 9.336 10.8 to
83.508 633.724 23.232 10.8 meet
110.064 633.724 62.592 10.8 requirements
175.956 633.724 41.328 10.8 pursuant
220.524 633.724 9.336 10.8 to
233.172 633.724 14.628 10.8 the
251.04 633.724 47.352 10.8 Securities
301.656 633.724 47.988 10.8 Financing
352.932 633.724 61.248 10.8 Transactions
417.468 633.724 55.62 10.8 Regulation,
476.364 633.724 14.628 10.8 the
494.232 633.724 30.036 10.8 policy

70.86 647.524 29.364 10.8 action
105.396 647.524 27.276 10.8 under
137.904 647.524 30 10.8 EMIR
173.112 647.524 51.996 10.8 considered
230.256 647.524 9.336 10.8 in
244.764 647.524 17.376 10.8 this
267.3 647.524 32.592 10.8 impact
305.136 647.524 53.28 10.8 assessment
363.588 647.524 30 10.8 would
398.796 647.524 15.336 10.8 not
419.364 647.524 28.62 10.8 create
453.18 647.524 5.328 10.8 a
463.668 647.524 60.916 10.8 considerable

70.86 661.324 48.024 10.8 additional
122.016 661.324 36.288 10.8 burden.
161.412 661.324 47.652 10.8 Similarly,
212.196 661.324 5.328 10.8 a
220.644 661.324 57.852 10.8 requirement
281.628 661.324 9.336 10.8 to
294.096 661.324 37.404 10.8 observe
334.62 661.324 19.656 10.8 fair,
357.408 661.324 51.336 10.8 reasonable
411.864 661.324 17.28 10.8 and
432.252 661.324 92.212 10.8 non-discriminatory

70.86 675.124 56.64 10.8 commercial
136.824 675.124 26.616 10.8 terms
172.8 675.124 9.336 10.8 in
191.448 675.124 14.664 10.8 the
215.484 675.124 45.276 10.8 provision
270.132 675.124 9.996 10.8 of
289.44 675.124 38.688 10.8 clearing
337.416 675.124 41.652 10.8 services,
388.44 675.124 29.268 10.8 which
427.008 675.124 18.672 10.8 will
455.064 675.124 33.192 10.8 benefit
497.64 675.124 26.568 10.8 many

70.86 688.924 70.92 10.8 counterparties,
145.272 688.924 8.004 10.8 is
156.72 688.924 42.588 10.8 expected
202.788 688.924 9.336 10.8 to
215.556 688.924 35.976 10.8 involve
255.012 688.924 21.336 10.8 only
279.78 688.924 33.984 10.8 limited
317.244 688.924 48 10.8 additional
368.712 688.924 68.616 10.8 administrative
441.04 688.924 24 10.8 costs
468.508 688.924 13.992 10.8 for
485.896 688.924 38.676 10.8 clearing

70.86 702.744 46.956 10.8 members.

28.38 784.188 33.348 22.2 EN

291.62 793.224 12 10.8 13

533.62 784.188 33.348 22.2 EN

70.86 59.664 18 10.8 3.4.

113.34 59.664 68.664 10.8 Fundamental
185.06 59.664 30.024 10.8 rights

70.86 79.344 18.66 10.8 The
95.388 79.344 41.352 10.8 proposal
142.632 79.344 8.004 10.8 is
156.54 79.344 15.336 10.8 not
177.768 79.344 27.336 10.8 likely
210.996 79.344 9.336 10.8 to
226.224 79.344 22.656 10.8 have
254.772 79.344 5.328 10.8 a
265.98 79.344 27.36 10.8 direct
299.244 79.344 32.592 10.8 impact
337.74 79.344 12 10.8 on
355.608 79.344 14.664 10.8 the
376.164 79.344 27.372 10.8 rights
409.44 79.344 25.968 10.8 listed
441.276 79.344 9.336 10.8 in
456.504 79.344 14.664 10.8 the
477 79.344 23.928 10.8 main
506.856 79.344 17.328 10.8 UN

70.86 93.144 57.996 10.8 conventions
134.256 93.144 12 10.8 on
151.704 93.144 32.568 10.8 human
189.792 93.144 30.372 10.8 rights,
225.588 93.144 14.664 10.8 the
245.664 93.144 36.012 10.8 Charter
287.148 93.144 9.996 10.8 of
302.496 93.144 62.64 10.8 Fundamental
370.608 93.144 31.344 10.8 Rights
407.436 93.144 9.996 10.8 of
422.784 93.144 14.664 10.8 the
442.92 93.144 45.9 10.8 European
494.268 93.144 30 10.8 Union

70.86 106.944 29.328 10.8 which
103.848 106.944 8.004 10.8 is
115.536 106.944 11.328 10.8 an
130.404 106.944 36.672 10.8 integral
170.748 106.944 18.704 10.8 part
193.088 106.944 9.996 10.8 of
206.696 106.944 14.664 10.8 the
225.032 106.944 15.996 10.8 EU
244.64 106.944 41.676 10.8 Treaties,
289.976 106.944 17.28 10.8 and
310.904 106.944 14.664 10.8 the
329.24 106.944 45.936 10.8 European
378.848 106.944 55.956 10.8 Convention
438.476 106.944 12 10.8 on
454.124 106.944 35.268 10.8 Human
493.052 106.944 31.344 10.8 Rights

70.86 120.744 47.244 10.8 ('ECHR').

70.86 152.684 9 10.8 4.

113.34 152.684 76.644 10.8 BUDGETARY
192.38 152.684 90.624 10.8 IMPLICATIONS

70.86 172.272 17.9136 10.368 The
91.6536 172.272 39.6749 10.368 proposal
134.105 172.272 17.9251 10.368 will
154.864 172.272 21.7498 10.368 have
179.494 172.272 11.52 10.368 no
193.801 172.272 56.8166 10.368 implications
253.498 172.272 13.4323 10.368 for
269.81 172.272 14.0774 10.368 the
286.768 172.272 31.2653 10.368 budget
320.879 172.272 9.59616 10.368 of
333.355 172.272 14.0774 10.368 the
350.312 172.272 31.5878 10.368 Union.

70.86 191.564 18.66 10.8 The
93.228 191.564 34.644 10.8 present
131.544 191.564 41.352 10.8 proposal
176.58 191.564 30 10.8 would
210.288 191.564 33.984 10.8 require
247.872 191.564 33.336 10.8 ESMA
284.88 191.564 9.336 10.8 to
297.948 191.564 32.016 10.8 update
333.684 191.564 9.936 10.8 or
347.352 191.564 37.968 10.8 develop
389.26 191.892 17.9136 10.368 five
410.733 191.892 41.4374 10.368 technical
455.719 191.892 46.5211 10.368 standards.
505.948 191.564 18.66 10.8 The

70.86 205.364 39.348 10.8 delivery
114.456 205.364 9.996 10.8 of
128.664 205.364 43.368 10.8 technical
176.268 205.364 45.324 10.8 standards
225.864 205.364 8.004 10.8 is
238.152 205.364 17.268 10.8 due
259.68 205.364 6 10.8 9
269.988 205.364 35.244 10.8 months
309.504 205.364 21.984 10.8 after
335.76 205.364 14.664 10.8 the
354.696 205.364 24.612 10.8 entry
383.544 205.364 18.708 10.8 into
406.5 205.364 24.588 10.8 force
435.348 205.364 9.996 10.8 of
449.556 205.364 14.664 10.8 the
468.492 205.364 55.728 10.8 Regulation.

70.86 219.164 18.66 10.8 The
93.408 219.164 43.968 10.8 proposed
141.264 219.164 24.024 10.8 tasks
169.2 219.164 13.992 10.8 for
186.948 219.164 33.336 10.8 ESMA
224.136 219.164 18.672 10.8 will
246.672 219.164 15.336 10.8 not
265.92 219.164 33.984 10.8 require
303.744 219.164 14.628 10.8 the
322.272 219.164 65.844 10.8 establishment
392.028 219.164 9.996 10.8 of
405.876 219.164 48.06 10.8 additional
457.848 219.164 24.624 10.8 posts
486.336 219.164 17.328 10.8 and
507.564 219.164 16.656 10.8 can

70.86 232.964 11.328 10.8 be
85.188 232.964 33.336 10.8 carried
121.524 232.964 15.3 10.8 out
139.824 232.964 21.372 10.8 with
164.196 232.964 37.956 10.8 existing
205.152 232.964 48.3 10.8 resources.

70.86 264.884 9 10.8 5.

113.34 264.884 43.344 10.8 OTHER
159.08 264.884 66.6 10.8 ELEMENTS

70.86 284.684 18 10.8 5.1.

113.34 284.684 82.008 10.8 Implementation
198.348 284.684 27.348 10.8 plans
228.636 284.684 19.344 10.8 and
250.98 284.684 60.324 10.8 monitoring,
314.304 284.684 53.328 10.8 evaluation
370.632 284.684 19.344 10.8 and
392.94 284.684 48.66 10.8 reporting
444.6 284.684 71.292 10.8 arrangements

70.86 304.272 17.9136 10.368 The
91.7227 304.272 39.6749 10.368 proposal
134.301 304.272 38.327 10.368 includes
175.634 304.272 5.11488 10.368 a
183.721 304.272 28.7539 10.368 clause
215.448 304.272 45.3773 10.368 according
263.797 304.272 8.96256 10.368 to
275.72 304.272 28.1549 10.368 which
306.79 304.272 10.8749 10.368 an
320.637 304.272 47.9002 10.368 evaluation
371.497 304.272 9.59616 10.368 of
384.089 304.272 28.8 10.368 EMIR
415.872 304.272 8.88192 10.368 in
427.738 304.272 10.8403 10.368 its
441.585 304.272 35.1014 10.368 entirety
479.716 304.272 30.7238 10.368 should
513.424 304.272 10.8749 10.368 be

70.86 317.532 31.9334 10.368 carried
106.192 317.532 17.6026 10.368 out,
127.124 317.532 20.4826 10.368 with
150.993 317.532 5.11488 10.368 a
159.506 317.532 44.0525 10.368 particular
206.957 317.532 24.9523 10.368 focus
235.262 317.532 11.52 10.368 on
250.134 317.532 10.8403 10.368 its
264.396 317.532 60.0538 10.368 effectiveness
327.871 317.532 16.5542 10.368 and
347.835 317.532 45.9302 10.368 efficiency
397.199 317.532 8.96256 10.368 in
409.548 317.532 36.9792 10.368 meeting
450.1 317.532 35.3549 10.368 EMIR's
488.853 317.532 35.7926 10.368 original

70.86 330.732 46.6099 10.368 objectives
120.35 330.732 20.471 10.368 with
143.701 330.732 31.9565 10.368 ESMA
178.537 330.732 42.1402 10.368 reporting
223.558 330.732 11.52 10.368 on
237.958 330.732 24.192 10.368 some
265.03 330.732 35.7811 10.368 specific
303.691 330.732 44.087 10.368 elements:

113.34 350.924 38.652 10.8 whether
155.496 350.924 29.328 10.8 viable
188.304 350.924 43.308 10.8 solutions
235.092 350.924 22.656 10.8 have
261.24 350.924 22.656 10.8 been
287.388 350.924 49.356 10.8 developed
340.224 350.924 9.336 10.8 to
352.992 350.924 42.012 10.8 facilitate
398.496 350.924 14.628 10.8 the
416.604 350.924 60.624 10.8 participation
480.72 350.924 9.996 10.8 of
497.616 350.924 26.7 10.8 PSAs

113.34 364.724 9.336 10.8 in
125.676 364.724 32.676 10.8 central
161.316 364.724 38.688 10.8 clearing
202.944 364.724 17.328 10.8 and
223.272 364.724 21.996 10.8 their
248.268 364.724 32.568 10.8 impact
283.872 364.724 12 10.8 on
298.872 364.724 14.664 10.8 the
316.56 364.724 23.328 10.8 level
342.84 364.724 9.996 10.8 of
355.8 364.724 32.712 10.8 central
391.476 364.724 38.688 10.8 clearing
433.164 364.724 12 10.8 by
448.164 364.724 29.928 10.8 PSAs;

113.34 385.424 14.664 10.8 the
131.856 385.424 32.592 10.8 impact
168.312 385.424 9.936 10.8 of
182.12 385.424 14.664 10.8 the
200.636 385.424 43.992 10.8 proposed
248.444 385.424 43.344 10.8 solutions
295.592 385.424 12 10.8 on
311.42 385.424 14.664 10.8 the
329.876 385.424 23.304 10.8 level
357.032 385.424 9.996 10.8 of
370.82 385.424 38.676 10.8 clearing
413.276 385.424 12 10.8 by
429.104 385.424 27.972 10.8 NFCs
460.892 385.424 9.996 10.8 as
474.74 385.424 20.664 10.8 well
499.196 385.424 9.996 10.8 as
513.044 385.424 11.328 10.8 an

113.34 399.164 59.316 10.8 examination
179.724 399.164 9.996 10.8 of
196.752 399.164 14.664 10.8 the
218.508 399.164 55.296 10.8 distribution
280.812 399.164 9.996 10.8 of
297.84 399.164 38.652 10.8 clearing
343.464 399.164 30.708 10.8 within
381.18 399.164 14.664 10.8 the
402.876 399.164 23.304 10.8 NFC
433.224 399.164 60.696 10.8 counterparty
500.988 399.164 23.256 10.8 class

113.34 412.984 48.036 10.8 especially
164.376 412.984 21.288 10.8 with
188.664 412.984 30.648 10.8 regard
222.264 412.984 9.336 10.8 to
234.564 412.984 14.664 10.8 the
252.252 412.984 75.3 10.8 appropriateness
330.576 412.984 9.996 10.8 of
343.572 412.984 14.592 10.8 the
361.164 412.984 38.688 10.8 clearing
402.804 412.984 60.636 10.8 threshold(s);

113.34 433.684 14.664 10.8 the
132.216 433.684 32.592 10.8 impact
168.972 433.684 9.996 10.8 of
183.12 433.684 14.664 10.8 the
201.996 433.684 43.956 10.8 proposed
250.164 433.684 43.424 10.8 solutions
297.788 433.684 12 10.8 on
313.976 433.684 14.664 10.8 the
332.804 433.684 23.292 10.8 level
360.308 433.684 9.996 10.8 of
374.456 433.684 38.568 10.8 clearing
417.212 433.684 12 10.8 by
433.4 433.684 25.944 10.8 small
463.556 433.684 46.656 10.8 financials
514.364 433.684 9.996 10.8 as

113.34 447.424 20.664 10.8 well
139.656 447.424 9.996 10.8 as
155.304 447.424 11.328 10.8 an
172.272 447.424 59.316 10.8 examination
237.216 447.424 9.996 10.8 of
252.804 447.424 14.664 10.8 the
273.12 447.424 55.392 10.8 distribution
334.164 447.424 9.996 10.8 of
349.812 447.424 38.676 10.8 clearing
394.128 447.424 30.636 10.8 within
430.416 447.424 14.664 10.8 the
450.732 447.424 25.98 10.8 small
482.376 447.424 41.916 10.8 financial

113.34 461.224 60.66 10.8 counterparty
180.432 461.224 23.352 10.8 class
210.228 461.224 47.988 10.8 especially
264.696 461.224 21.276 10.8 with
292.404 461.224 30.696 10.8 regard
329.508 461.224 9.336 10.8 to
345.276 461.224 14.628 10.8 the
366.384 461.224 75.3 10.8 appropriateness
448.128 461.224 9.996 10.8 of
464.556 461.224 14.628 10.8 the
485.664 461.224 38.616 10.8 clearing

113.34 475.024 60.696 10.8 threshold(s);

113.34 495.724 14.664 10.8 the
132.156 495.724 33.336 10.8 quality
169.584 495.724 9.996 10.8 of
183.672 495.724 14.664 10.8 the
202.488 495.724 52.82 10.8 transaction
259.436 495.724 19.956 10.8 data
283.472 495.724 40.008 10.8 reported
327.608 495.724 9.336 10.8 to
341.036 495.724 23.988 10.8 trade
369.164 495.724 58.944 10.8 repositories,
432.2 495.724 14.664 10.8 the
451.016 495.724 59.256 10.8 accessibility
514.4 495.724 9.936 10.8 of

113.34 509.524 25.332 10.8 those
141.708 509.524 22.968 10.8 data,
167.676 509.524 17.28 10.8 and
187.956 509.524 14.664 10.8 the
205.644 509.524 33.336 10.8 quality
241.98 509.524 9.996 10.8 of
254.904 509.524 14.664 10.8 the
272.592 509.524 56.604 10.8 information
332.196 509.524 40.68 10.8 received
375.876 509.524 23.328 10.8 from
402.108 509.524 24.024 10.8 trade
429.132 509.524 59.352 10.8 repositories;

113.34 530.224 14.664 10.8 the
131.028 530.224 59.316 10.8 accessibility
193.344 530.224 9.996 10.8 of
206.34 530.224 38.544 10.8 clearing
247.884 530.224 9.336 10.8 to
260.22 530.224 12.024 10.8 all
275.244 530.224 70.944 10.8 counterparties.

70.86 549.872 9.59616 10.368 In
85.1333 549.872 43.7414 10.368 principle,
133.54 549.872 16.6003 10.368 this
154.829 549.872 47.9347 10.368 evaluation
207.43 549.872 30.7238 10.368 should
242.819 549.872 19.1578 10.368 take
266.631 549.872 24.2726 10.368 place
295.546 549.872 8.31744 10.368 at
308.552 549.872 14.0774 10.368 the
327.261 549.872 24.4381 10.368 latest
356.353 549.872 5.76 10.368 3
366.824 549.872 24.3533 10.368 years
395.843 549.872 21.0586 10.368 after
421.579 549.872 14.0774 10.368 the
440.288 549.872 51.1142 10.368 application
496.067 549.872 9.59616 10.368 of
510.341 549.872 14.0774 10.368 the

70.86 563.072 58.0608 10.368 amendments
134.496 563.072 35.8387 10.368 brought
175.83 563.072 11.4624 10.368 by
192.742 563.072 16.6003 10.368 this
214.872 563.072 42.4166 10.368 proposal.
262.795 563.072 9.59616 10.368 In
277.909 563.072 31.2653 10.368 certain
314.681 563.072 27.1872 10.368 cases,
347.305 563.072 34.5254 10.368 notably
387.36 563.072 13.3747 10.368 for
406.253 563.072 28.4314 10.368 PSAs,
440.191 563.072 6.40512 10.368 it
452.057 563.072 7.68384 10.368 is
465.247 563.072 44.6976 10.368 important
515.394 563.072 8.96256 10.368 to

70.86 576.332 36.3571 10.368 monitor
110.097 576.332 39.0298 10.368 progress
152.007 576.332 8.96256 10.368 in
163.849 576.332 14.0774 10.368 the
180.807 576.332 51.575 10.368 availability
235.308 576.332 9.59616 10.368 of
247.784 576.332 41.5296 10.368 solutions
292.194 576.332 13.4323 10.368 for
308.448 576.332 27.6826 10.368 PSAs'
338.93 576.332 37.0714 10.368 clearing
378.882 576.332 11.52 10.368 on
393.282 576.332 10.8749 10.368 an
407.037 576.332 37.6474 10.368 ongoing
447.564 576.332 25.8854 10.368 basis.

70.86 595.744 18 10.8 5.2.

113.34 595.744 42.708 10.8 Detailed
159.048 595.744 59.988 10.8 explanation
222.036 595.744 9.924 10.8 of
234.96 595.744 16.032 10.8 the
254.06 595.744 37.992 10.8 specific
295.052 595.744 52.716 10.8 provisions
350.708 595.744 9.996 10.8 of
363.704 595.744 16.032 10.8 the
382.736 595.744 44.604 10.8 proposal

70.86 615.452 65.1341 10.368 Amendments
138.874 615.452 9.59616 10.368 to
151.35 615.452 15.3562 10.368 the
169.586 615.452 39.5597 10.368 clearing
212.026 615.452 49.2019 10.368 obligation
264.108 615.452 35.136 10.368 (EMIR
302.101 615.452 38.2694 10.368 Articles
343.25 615.452 8.64 10.368 2,
354.77 615.452 8.64 10.368 4,
366.244 615.452 19.8374 10.368 new
388.87 615.452 14.4 10.368 4a,
406.15 615.452 19.8835 10.368 new
428.879 615.452 15.0451 10.368 6b,
446.804 615.452 14.4 10.368 10,
464.038 615.452 11.52 10.368 85
478.438 615.452 18.5126 10.368 and
499.83 615.452 15.3562 10.368 89)

70.86 634.652 44.7206 10.368 Financial
118.461 634.652 67.104 10.368 counterparties

70.86 653.792 24.3302 10.368 Point
99.4642 653.792 12.7872 10.368 (a)
116.548 653.792 9.59616 10.368 of
130.453 653.792 31.9334 10.368 Article
166.683 653.792 19.1923 10.368 1(2)
190.196 653.792 9.59616 10.368 of
204.1 653.792 16.6003 10.368 this
225.032 653.792 39.6173 10.368 proposal
268.935 653.792 35.1014 10.368 amends
308.345 653.792 23.6851 10.368 point
336.292 653.792 12.7872 10.368 (a)
353.376 653.792 9.59616 10.368 of
367.281 653.792 31.9334 10.368 Article
403.512 653.792 19.1923 10.368 4(1)
427.024 653.792 9.59616 10.368 of
440.928 653.792 28.8 10.368 EMIR
474.037 653.792 10.1952 10.368 so
488.541 653.792 17.2454 10.368 that
510.072 653.792 14.1466 10.368 the

70.86 666.992 47.9232 10.368 conditions
122.631 666.992 13.3747 10.368 for
139.842 666.992 14.0774 10.368 the
157.709 666.992 23.04 10.368 OTC
184.574 666.992 45.9187 10.368 derivative
234.306 666.992 41.5066 10.368 contracts
279.66 666.992 8.96256 10.368 to
292.424 666.992 35.712 10.368 become
331.949 666.992 32.6362 10.368 subject
368.422 666.992 8.96256 10.368 to
381.186 666.992 14.0774 10.368 the
399.053 666.992 37.0714 10.368 clearing
439.961 666.992 46.6445 10.368 obligation
490.407 666.992 24.9523 10.368 when
519.195 666.992 5.11488 10.368 a

70.86 680.252 58.0838 10.368 counterparty
133.851 680.252 7.68384 10.368 is
146.443 680.252 5.11488 10.368 a
156.454 680.252 40.2854 10.368 financial
201.612 680.252 58.1414 10.368 counterparty
264.707 680.252 14.0659 10.368 are
283.657 680.252 41.495 10.368 specified
330.025 680.252 8.96256 10.368 in
343.872 680.252 14.0774 10.368 the
362.823 680.252 32.0602 10.368 second
399.756 680.252 62.0006 10.368 subparagraph
471.549 680.252 9.59616 10.368 of
486.052 680.252 14.0774 10.368 the
505.003 680.252 19.2269 10.368 new

70.86 693.472 31.9334 10.368 Article
109.786 693.472 27.1181 10.368 4a(1).
143.92 693.472 20.4365 10.368 This
171.326 693.472 19.1923 10.368 new
197.465 693.472 31.9334 10.368 Article
236.391 693.472 7.68384 10.368 is
251.021 693.472 36.4378 10.368 inserted
294.452 693.472 11.4624 10.368 by
312.918 693.472 31.9334 10.368 Article
351.844 693.472 19.1347 10.368 1(3)
377.995 693.472 9.59616 10.368 of
394.607 693.472 16.7147 10.368 this
418.348 693.472 42.4973 10.368 proposal.
467.838 693.472 17.9136 10.368 The
492.664 693.472 31.9219 10.368 second

70.86 706.672 61.9776 10.368 subparagraph
139.312 706.672 9.59616 10.368 of
155.382 706.672 14.0774 10.368 the
175.83 706.672 19.1117 10.368 new
201.37 706.672 31.9334 10.368 Article
239.755 706.672 24.3072 10.368 4a(1)
270.525 706.672 17.28 10.368 sets
294.221 706.672 37.0253 10.368 clearing
337.721 706.672 47.2781 10.368 thresholds
391.462 706.672 13.3747 10.368 for
411.311 706.672 41.4605 10.368 contracts
459.234 706.672 47.232 10.368 concluded
512.917 706.672 11.4624 10.368 by

70.86 719.932 40.2278 10.368 financial
115.558 719.932 65.1456 10.368 counterparties
185.208 719.932 11.4624 10.368 by
201.14 719.932 40.2624 10.368 referring
245.895 719.932 8.88192 10.368 to
259.27 719.932 14.0774 10.368 the
277.805 719.932 37.0253 10.368 clearing
319.323 719.932 47.2666 10.368 thresholds
371.037 719.932 12.7987 10.368 set
388.305 719.932 14.7226 10.368 out
407.497 719.932 11.4624 10.368 by
423.384 719.932 26.8301 10.368 virtue
454.683 719.932 9.59616 10.368 of
468.772 719.932 23.6045 10.368 point
496.847 719.932 13.4323 10.368 (b)
514.772 719.932 9.59616 10.368 of

70.86 733.132 31.9334 10.368 Article
106.192 733.132 27.8323 10.368 10(4),
137.446 733.132 19.2038 10.368 thus
160.059 733.132 14.0774 10.368 the
177.512 733.132 37.1059 10.368 clearing
217.993 733.132 47.2781 10.368 thresholds
268.76 733.132 14.0659 10.368 are
286.213 733.132 14.0774 10.368 the
303.666 733.132 23.593 10.368 same
330.657 733.132 9.59616 10.368 as
343.663 733.132 13.4323 10.368 for
360.517 733.132 61.471 10.368 non-financial
425.375 733.132 68.0256 10.368 counterparties.
500.243 733.132 24.3302 10.368 Point

70.86 746.392 13.4323 10.368 (b)
88.5432 746.392 9.59616 10.368 of
102.39 746.392 14.0774 10.368 the
120.684 746.392 31.9334 10.368 second
156.845 746.392 61.943 10.368 subparagraph
223.016 746.392 9.59616 10.368 of
236.863 746.392 13.9968 10.368 the
255.088 746.392 19.1923 10.368 new
278.531 746.392 31.8758 10.368 Article
314.635 746.392 24.3072 10.368 4a(1)
343.181 746.392 40.1933 10.368 specifies
387.625 746.392 17.2454 10.368 that
409.099 746.392 14.0774 10.368 the
427.392 746.392 30.0211 10.368 excess
461.688 746.392 9.59616 10.368 of
475.535 746.392 16.5773 10.368 one
496.34 746.392 9.59616 10.368 of
510.187 746.392 14.0774 10.368 the

28.38 784.188 33.348 22.2 EN

291.62 793.224 12 10.8 14

533.62 784.188 33.348 22.2 EN

70.86 59.4518 29.399 10.368 values
103.669 59.4518 12.7987 10.368 set
119.855 59.4518 13.3747 10.368 for
136.639 59.4518 5.11488 10.368 a
145.152 59.4518 22.3603 10.368 class
170.946 59.4518 9.59616 10.368 of
183.894 59.4518 23.04 10.368 OTC
210.344 59.4518 50.4576 10.368 derivatives
264.212 59.4518 35.1475 10.368 triggers
302.712 59.4518 14.0774 10.368 the
320.164 59.4518 37.0253 10.368 clearing
360.657 59.4518 46.6445 10.368 obligation
410.688 59.4518 13.4323 10.368 for
427.542 59.4518 11.4854 10.368 all
442.415 59.4518 22.3949 10.368 asset
468.208 59.4518 34.8941 10.368 classes.
506.512 59.4518 17.9136 10.368 The

70.86 72.6518 19.1923 10.368 new
93.2318 72.6518 31.9334 10.368 Article
128.322 72.6518 24.3072 10.368 4a(1)
155.785 72.6518 54.8582 10.368 furthermore
213.8 72.6518 38.3731 10.368 explains
255.364 72.6518 14.0774 10.368 the
272.575 72.6518 19.1347 10.368 way
294.924 72.6518 14.0774 10.368 the
312.135 72.6518 37.0253 10.368 clearing
352.328 72.6518 47.3242 10.368 thresholds
402.843 72.6518 14.0659 10.368 are
420.054 72.6518 49.3862 10.368 calculated.
472.608 72.6518 8.31744 10.368 A
484.117 72.6518 40.2278 10.368 financial

70.86 85.9118 58.0838 10.368 counterparty
135.107 85.9118 40.1933 10.368 becomes
181.475 85.9118 32.6362 10.368 subject
220.217 85.9118 8.96256 10.368 to
235.32 85.9118 14.0774 10.368 the
255.526 85.9118 37.0253 10.368 clearing
298.714 85.9118 46.6445 10.368 obligation
351.499 85.9118 7.03872 10.368 if
364.689 85.9118 10.8403 10.368 its
381.716 85.9118 44.7322 10.368 aggregate
432.576 85.9118 49.9984 10.368 month-end
488.727 85.9118 35.7696 10.368 average

70.86 99.1118 37.0829 10.368 position
111.295 99.1118 13.4323 10.368 for
128.08 99.1118 13.9968 10.368 the
145.406 99.1118 33.8458 10.368 months
182.592 99.1118 32.9472 10.368 March,
218.823 99.1118 24.3187 10.368 April
246.413 99.1118 16.6349 10.368 and
266.377 99.1118 21.0586 10.368 May
290.788 99.1118 36.3341 10.368 exceeds
330.486 99.1118 14.0774 10.368 the
347.881 99.1118 37.0253 10.368 clearing
388.259 99.1118 50.3195 10.368 thresholds.
445.272 99.1118 20.4365 10.368 This
469.014 99.1118 55.5379 10.368 corresponds

70.86 112.372 8.96256 10.368 to
82.7026 112.372 14.0314 10.368 the
99.6139 112.372 50.4691 10.368 calculation
152.963 112.372 9.59616 10.368 of
165.439 112.372 37.0022 10.368 clearing
205.321 112.372 47.2666 10.368 thresholds
255.468 112.372 11.4739 10.368 by
269.868 112.372 61.2738 10.368 non-financial
333.987 112.372 68.0256 10.368 counterparties.

70.86 131.572 35.5046 10.368 Finally,
110.374 131.572 8.96256 10.368 in
123.322 131.572 24.2496 10.368 order
151.569 131.572 8.96256 10.368 to
164.518 131.572 29.952 10.368 ensure
198.467 131.572 17.2454 10.368 that
219.698 131.572 14.0774 10.368 the
237.75 131.572 44.6976 10.368 definition
286.457 131.572 30.0672 10.368 covers
320.521 131.572 11.4854 10.368 all
335.993 131.572 33.1661 10.368 entities
373.191 131.572 28.1549 10.368 which
405.343 131.572 16.6349 10.368 due
425.976 131.572 8.88192 10.368 to
438.866 131.572 14.0774 10.368 the
456.918 131.572 28.7539 10.368 nature
489.612 131.572 9.59616 10.368 of
503.217 131.572 21.0816 10.368 their

70.86 144.792 41.449 10.368 activities
118.841 144.792 14.1005 10.368 are
139.45 144.792 40.2278 10.368 financial
186.187 144.792 68.0256 10.368 counterparties,
260.756 144.792 31.9334 10.368 Article
299.198 144.792 19.2344 10.368 1(1)
324.964 144.792 28.8 10.368 brings
360.296 144.792 17.8445 10.368 into
384.649 144.792 14.0774 10.368 the
405.224 144.792 44.6976 10.368 definition
456.453 144.792 9.59616 10.368 of
472.581 144.792 5.11488 10.368 a
484.205 144.792 40.2278 10.368 financial

70.86 158.052 58.0838 10.368 counterparty
132.768 158.052 44.7206 10.368 contained
181.302 158.052 8.96256 10.368 in
194.066 158.052 28.8 10.368 EMIR
226.691 158.052 31.8989 10.368 Article
262.38 158.052 5.76 10.368 2
271.965 158.052 48.5568 10.368 alternative
324.335 158.052 50.4691 10.368 investment
378.605 158.052 25.5974 10.368 funds
408.05 158.052 45.3312 10.368 registered
457.183 158.052 26.231 10.368 under
487.17 158.052 37.1405 10.368 national

70.86 171.252 16.6003 10.368 law
92.5752 171.252 17.2454 10.368 that
114.889 171.252 14.0659 10.368 are
134.013 171.252 41.5411 10.368 currently
180.669 171.252 49.824 10.368 considered
235.55 171.252 61.3779 10.368 non-financial
301.997 171.252 65.1456 10.368 counterparties
372.246 171.252 26.231 10.368 under
403.557 171.252 31.6224 10.368 EMIR,
440.26 171.252 33.8688 10.368 Central
479.186 171.252 45.2966 10.368 Securities

70.86 184.512 61.079 10.368 Depositories,
136.075 184.512 16.6349 10.368 and
156.88 184.512 63.2158 10.368 Securitisation
224.289 184.512 33.8227 10.368 Special
262.27 184.512 37.1405 10.368 Purpose
303.524 184.512 37.9584 10.368 Entities.
349.88 184.512 27.5098 10.368 These
381.548 184.512 33.1661 10.368 entities
418.919 184.512 17.8445 10.368 will
440.934 184.512 19.2038 10.368 thus
464.32 184.512 10.8749 10.368 be
479.365 184.512 31.2653 10.368 treated
514.823 184.512 9.59616 10.368 as

70.86 197.712 40.2278 10.368 financial
113.968 197.712 65.1341 10.368 counterparties
181.982 197.712 26.231 10.368 under
211.093 197.712 31.68 10.368 EMIR.

70.86 217.032 63.8669 10.368 Non-financial
137.607 217.032 67.0349 10.368 counterparties

70.86 236.172 31.9334 10.368 Article
106.491 236.172 19.1923 10.368 1(8)
129.405 236.172 35.1014 10.368 amends
168.216 236.172 50.5613 10.368 paragraphs
222.486 236.172 5.76 10.368 1
231.956 236.172 16.6349 10.368 and
252.219 236.172 5.76 10.368 2
261.689 236.172 9.59616 10.368 of
274.994 236.172 28.8 10.368 EMIR
307.504 236.172 31.9334 10.368 Article
343.135 236.172 14.4 10.368 10.
361.245 236.172 17.9136 10.368 The
382.833 236.172 41.495 10.368 amended
428.072 236.172 46.0224 10.368 paragraph
477.804 236.172 5.76 10.368 1
487.273 236.172 37.0598 10.368 changes

70.86 249.372 14.0774 10.368 the
88.9694 249.372 19.1923 10.368 way
112.286 249.372 14.0774 10.368 the
130.338 249.372 37.1048 10.368 clearing
171.486 249.372 47.3242 10.368 thresholds
222.9 249.372 14.0659 10.368 are
241.009 249.372 49.3978 10.368 calculated.
294.462 249.372 8.31744 10.368 A
306.869 249.372 61.3987 10.368 non-financial
372.311 249.372 58.1414 10.368 counterparty
434.565 249.372 40.1933 10.368 becomes
478.837 249.372 32.5555 10.368 subject
515.424 249.372 8.9856 10.368 to

70.86 262.632 14.0774 10.368 the
88.9118 262.632 37.0253 10.368 clearing
129.946 262.632 46.6445 10.368 obligation
180.576 262.632 7.03872 10.368 if
191.601 262.632 10.8403 10.368 its
206.473 262.632 44.7322 10.368 aggregate
255.18 262.632 49.8949 10.368 month-end
309.072 262.632 35.7696 10.368 average
348.839 262.632 37.0368 10.368 position
389.862 262.632 13.4323 10.368 for
407.315 262.632 14.0774 10.368 the
425.367 262.632 33.8458 10.368 months
463.221 262.632 32.9472 10.368 March,
500.166 262.632 24.3187 10.368 April

70.86 275.832 16.6349 10.368 and
93.1627 275.832 21.0586 10.368 May
119.958 275.832 36.3341 10.368 exceeds
161.995 275.832 14.0774 10.368 the
181.728 275.832 37.0253 10.368 clearing
224.445 275.832 50.1581 10.368 thresholds,
280.282 275.832 32.5094 10.368 instead
318.482 275.832 9.59616 10.368 of
333.769 275.832 7.03872 10.368 if
346.476 275.832 14.0774 10.368 the
366.152 275.832 30.6778 10.368 rolling
402.498 275.832 35.7696 10.368 average
443.935 275.832 37.3048 10.368 position
486.873 275.832 20.471 10.368 over
513.024 275.832 11.52 10.368 30

70.86 289.032 38.3962 10.368 working
114.705 289.032 21.0355 10.368 days
141.213 289.032 36.4147 10.368 exceeds
183.076 289.032 14.0774 10.368 the
202.568 289.032 47.3242 10.368 thresholds
255.295 289.032 28.1549 10.368 which
288.888 289.032 7.68384 10.368 is
302.02 289.032 14.0774 10.368 the
321.512 289.032 19.8259 10.368 case
346.764 289.032 26.231 10.368 under
378.432 289.032 14.0774 10.368 the
397.924 289.032 32.6246 10.368 current
435.952 289.032 28.8 10.368 EMIR
470.201 289.032 25.2749 10.368 rules.
506.362 289.032 17.9482 10.368 The

70.86 302.292 42.7968 10.368 reference
116.871 302.292 8.96256 10.368 to
129.036 302.292 46.0224 10.368 paragraph
178.284 302.292 5.76 10.368 3
187.212 302.292 29.353 10.368 means
219.779 302.292 17.2454 10.368 that
240.296 302.292 14.1005 10.368 the
257.611 302.292 32.6246 10.368 current
293.415 302.292 37.0829 10.368 hedging
333.723 302.292 48.5222 10.368 exemption
385.471 302.292 7.68384 10.368 is
396.381 302.292 37.0829 10.368 retained
436.678 302.292 10.2413 10.368 so
450.168 302.292 20.4019 10.368 only
473.841 302.292 24.3187 10.368 those
501.374 302.292 22.9824 10.368 OTC

70.86 315.492 45.9763 10.368 derivative
119.993 315.492 41.5066 10.368 contracts
164.69 315.492 28.0742 10.368 which
195.933 315.492 14.0659 10.368 are
213.144 315.492 14.7226 10.368 not
231.011 315.492 51.0336 10.368 objectively
285.236 315.492 52.416 10.368 measurable
340.774 315.492 9.59616 10.368 as
353.6 315.492 40.2048 10.368 reducing
396.973 315.492 21.7037 10.368 risks
421.798 315.492 35.1014 10.368 directly
460.114 315.492 35.1014 10.368 relation
498.383 315.492 8.96256 10.368 to
510.491 315.492 14.0774 10.368 the

70.86 328.752 54.2592 10.368 commercial
127.999 328.752 34.4448 10.368 activity
165.347 328.752 9.59616 10.368 or
177.823 328.752 36.9562 10.368 treasury
217.705 328.752 43.3843 10.368 financing
263.97 328.752 34.4563 10.368 activity
301.329 328.752 14.0659 10.368 are
318.275 328.752 46.5869 10.368 calculated
367.742 328.752 8.96256 10.368 to
379.584 328.752 14.0314 10.368 the
396.496 328.752 50.1466 10.368 thresholds.

70.86 347.952 17.9136 10.368 The
93.347 347.952 23.6851 10.368 point
121.594 347.952 13.4323 10.368 (b)
139.646 347.952 9.59616 10.368 of
153.85 347.952 14.0774 10.368 the
172.501 347.952 31.9219 10.368 second
209.031 347.952 62.0006 10.368 subparagraph
275.616 347.952 9.59616 10.368 of
289.821 347.952 45.9878 10.368 paragraph
340.393 347.952 5.76 10.368 1
350.761 347.952 40.2048 10.368 specifies
395.563 347.952 17.2454 10.368 that
417.393 347.952 14.1005 10.368 the
436.09 347.952 37.0253 10.368 clearing
477.723 347.952 46.6445 10.368 obligation

70.86 361.152 32.567 10.368 applies
106.491 361.152 20.4826 10.368 only
130.05 361.152 13.4323 10.368 for
146.535 361.152 14.0774 10.368 the
163.631 361.152 22.3949 10.368 asset
189.124 361.152 22.3603 10.368 class
214.56 361.152 9.67568 10.368 or
227.289 361.152 22.3949 10.368 asset
252.714 361.152 31.9565 10.368 classes
287.746 361.152 13.4323 10.368 for
304.231 361.152 28.1549 10.368 which
335.416 361.152 14.0774 10.368 the
352.511 361.152 37.1059 10.368 clearing
392.636 361.152 42.8429 10.368 threshold
438.531 361.152 15.3562 10.368 has
456.94 361.152 21.7498 10.368 been
481.766 361.152 42.7162 10.368 exceeded

70.86 374.412 16.6349 10.368 and
90.3749 374.412 13.4323 10.368 for
106.618 374.412 28.1549 10.368 which
137.653 374.412 5.11488 10.368 a
145.648 374.412 37.0253 10.368 clearing
185.553 374.412 46.5869 10.368 obligation
235.02 374.412 29.088 10.368 exists.

70.86 393.732 37.0829 10.368 Pension
110.823 393.732 35.1014 10.368 Scheme
148.804 393.732 65.1456 10.368 Arrangements

70.86 412.892 31.9334 10.368 Article
105.823 412.892 24.9523 10.368 1(20)
133.771 412.892 37.6934 10.368 replaces
174.505 412.892 14.0774 10.368 the
191.532 412.892 18.5587 10.368 first
213.12 412.892 62.0006 10.368 subparagraph
278.151 412.892 9.59616 10.368 of
290.742 412.892 45.9878 10.368 paragraph
339.748 412.892 5.76 10.368 1
348.561 412.892 9.59616 10.368 of
361.083 412.892 28.8 10.368 EMIR
392.867 412.892 31.9334 10.368 Article
427.83 412.892 11.52 10.368 89
442.403 412.892 8.96256 10.368 in
454.395 412.892 24.3072 10.368 order
481.686 412.892 8.96256 10.368 to
493.679 412.892 30.6778 10.368 extend

70.86 426.092 11.52 10.368 by
89.4994 426.092 23.0285 10.368 three
119.486 426.092 24.2726 10.368 years
150.832 426.092 14.143 10.368 the
172.025 426.092 47.2781 10.368 temporary
226.423 426.092 48.4186 10.368 exemption
281.914 426.092 22.4525 10.368 from
311.417 426.092 14.0774 10.368 the
332.533 426.092 37.0714 10.368 clearing
376.689 426.092 46.6675 10.368 obligation
430.43 426.092 9.59616 10.368 of
447.1 426.092 35.7581 10.368 pension
489.931 426.092 34.4563 10.368 scheme

70.86 439.292 64.8576 10.368 arrangements,
140.268 439.292 8.96256 10.368 in
153.758 439.292 14.0774 10.368 the
172.351 439.292 36.4032 10.368 absence
213.259 439.292 9.59616 10.368 of
227.405 439.292 5.11488 10.368 a
237.059 439.292 28.1203 10.368 viable
269.695 439.292 41.5181 10.368 technical
315.706 439.292 37.0829 10.368 solution
357.339 439.292 13.4323 10.368 for
375.322 439.292 14.0774 10.368 the
393.915 439.292 35.113 10.368 transfer
433.567 439.292 11.4624 10.368 by
449.626 439.292 35.7581 10.368 pension
489.935 439.292 34.4563 10.368 scheme

70.86 452.552 61.943 10.368 arrangements
138.287 452.552 9.59616 10.368 of
153.332 452.552 41.5702 10.368 non-cash
200.351 452.552 42.7622 10.368 collateral
248.585 452.552 9.59616 10.368 as
263.63 452.552 40.8614 10.368 variation
309.941 452.552 39.9168 10.368 margins.
355.295 452.552 24.3302 10.368 Point
385.04 452.552 13.4323 10.368 (b)
403.932 452.552 9.59616 10.368 of
418.977 452.552 31.8989 10.368 Article
456.291 452.552 24.9523 10.368 1(19)
486.704 452.552 37.7778 10.368 replaces

70.86 465.752 46.0224 10.368 paragraph
120.35 465.752 5.76 10.368 2
129.52 465.752 9.59616 10.368 of
142.584 465.752 28.8 10.368 EMIR
174.793 465.752 31.8989 10.368 Article
210.125 465.752 11.52 10.368 85
225.113 465.752 16.6349 10.368 and
245.204 465.752 17.1994 10.368 sets
265.894 465.752 14.7226 10.368 out
284.061 465.752 26.231 10.368 under
313.69 465.752 28.1203 10.368 points
345.301 465.752 15.6672 10.368 (a),
364.424 465.752 16.2547 10.368 (b),
384.146 465.752 15.6672 10.368 (c),
403.27 465.752 16.2547 10.368 (d),
422.992 465.752 12.7296 10.368 (e)
439.177 465.752 16.6349 10.368 and
459.268 465.752 11.5085 10.368 (f)
474.256 465.752 13.9968 10.368 the
491.709 465.752 32.567 10.368 criteria

70.86 479.012 17.2454 10.368 that
91.4923 479.012 14.0774 10.368 the
108.945 479.012 58.153 10.368 Commission
170.496 479.012 21.7613 10.368 shall
195.622 479.012 28.1549 10.368 assess
227.175 479.012 16.6349 10.368 and
247.208 479.012 34.4678 10.368 address
285.109 479.012 8.96256 10.368 in
297.458 479.012 5.11488 10.368 a
305.972 479.012 27.4522 10.368 report
336.799 479.012 11.52 10.368 on
351.729 479.012 14.0774 10.368 the
369.124 479.012 38.9837 10.368 progress
411.529 479.012 36.4147 10.368 towards
451.366 479.012 28.1203 10.368 viable
482.861 479.012 41.5181 10.368 technical

70.86 492.212 44.4442 10.368 solutions,
118.495 492.212 20.425 10.368 with
142.065 492.212 23.6851 10.368 input
168.872 492.212 22.3949 10.368 from
194.424 492.212 34.9056 10.368 ESMA,
232.497 492.212 36.7027 10.368 EIOPA,
272.368 492.212 23.04 10.368 EBA
298.576 492.212 16.5542 10.368 and
318.298 492.212 14.0774 10.368 the
335.509 492.212 31.8387 10.368 ESRB.
370.504 492.212 28.1203 10.368 While
401.758 492.212 33.9149 10.368 various
438.829 492.212 31.2998 10.368 factors
473.32 492.212 21.6691 10.368 have
498.146 492.212 10.2413 10.368 so
511.578 492.212 12.8218 10.368 far

70.86 505.412 45.3773 10.368 prevented
119.636 505.412 21.0701 10.368 such
144.104 505.412 41.5642 10.368 solutions
189.032 505.412 8.96256 10.368 to
201.382 505.412 10.8749 10.368 be
215.655 505.412 50.1696 10.368 developed,
269.223 505.412 14.0774 10.368 the
286.676 505.412 58.153 10.368 Commission
348.227 505.412 43.511 10.368 considers
395.136 505.412 6.40512 10.368 it
404.905 505.412 35.7696 10.368 feasible
444.073 505.412 8.96256 10.368 to
456.423 505.412 36.4147 10.368 develop
496.248 505.412 28.1203 10.368 viable

70.86 518.672 41.5181 10.368 technical
117.286 518.672 41.6102 10.368 solutions
163.884 518.672 29.399 10.368 within
198.248 518.672 23.0285 10.368 three
226.196 518.672 24.2726 10.368 years
255.456 518.672 21.0586 10.368 after
281.492 518.672 14.0774 10.368 the
300.5 518.672 40.3085 10.368 adoption
345.773 518.672 9.59616 10.368 of
360.346 518.672 14.0774 10.368 the
379.354 518.672 42.5549 10.368 proposal,
426.805 518.672 16.6349 10.368 and
448.393 518.672 34.5024 10.368 expects
487.861 518.672 36.4378 10.368 markets

70.86 531.872 53.6256 10.368 participants
128.448 531.872 8.9856 10.368 to
141.385 531.872 23.6736 10.368 work
169.033 531.872 11.52 10.368 on
184.505 531.872 14.1301 10.368 the
202.563 531.872 23.04 10.368 basis
229.555 531.872 9.59616 10.368 of
243.102 531.872 17.2454 10.368 that
264.276 531.872 40.5734 10.368 timeline.
308.778 531.872 20.4365 10.368 This
333.177 531.872 7.68384 10.368 is
344.801 531.872 18.5242 10.368 also
367.288 531.872 45.4349 10.368 supported
416.651 531.872 11.4624 10.368 by
432.111 531.872 14.0774 10.368 the
450.105 531.872 52.9805 10.368 expectation
507.037 531.872 17.28 10.368 that

70.86 545.132 24.2496 10.368 some
99.0379 545.132 47.2666 10.368 regulatory
150.302 545.132 60.0422 10.368 disincentives
214.307 545.132 13.4323 10.368 for
231.691 545.132 34.4448 10.368 making
270.087 545.132 37.0253 10.368 clearing
311.064 545.132 37.0598 10.368 services
352.086 545.132 41.495 10.368 available
397.556 545.132 23.593 10.368 more
425.088 545.132 35.1936 10.368 broadly
464.256 545.132 17.2109 10.368 (for
485.419 545.132 38.88 10.368 example

70.86 558.332 14.0774 10.368 the
89.027 558.332 56.2752 10.368 introduction
149.438 558.332 9.59616 10.368 of
163.17 558.332 30.6547 10.368 capital
197.949 558.332 60.0653 10.368 requirements
262.138 558.332 26.231 10.368 based
292.482 558.332 11.52 10.368 on
308.126 558.332 14.0774 10.368 the
326.293 558.332 38.9837 10.368 leverage
369.424 558.332 24.8947 10.368 ratio)
398.454 558.332 17.9251 10.368 will
420.457 558.332 10.921 10.368 be
435.491 558.332 33.2006 10.368 tackled
472.804 558.332 30.3544 10.368 during
507.271 558.332 17.2454 10.368 that

70.86 571.532 32.3136 10.368 period.
107.148 571.532 22.9824 10.368 Only
134.139 571.532 13.4323 10.368 for
151.592 571.532 14.0774 10.368 the
169.644 571.532 37.6819 10.368 unlikely
211.381 571.532 19.8259 10.368 case
235.193 571.532 9.59616 10.368 of
248.74 571.532 24.2496 10.368 some
276.987 571.532 50.5382 10.368 unforeseen
331.512 571.532 63.7632 10.368 developments
399.307 571.532 9.59616 10.368 of
412.912 571.532 5.11488 10.368 a
422.024 571.532 48.6144 10.368 significant
474.624 571.532 31.6339 10.368 nature,
510.256 571.532 14.0774 10.368 the

70.86 584.792 58.153 10.368 Commission
133.851 584.792 7.68384 10.368 is
146.385 584.792 34.5024 10.368 granted
185.737 584.792 13.9968 10.368 the
204.573 584.792 28.7885 10.368 power
238.165 584.792 8.96256 10.368 to
251.897 584.792 30.6778 10.368 extend
287.413 584.792 14.0774 10.368 the
306.248 584.792 49.225 10.368 derogation
360.3 584.792 21.6922 10.368 once
386.808 584.792 11.4624 10.368 by
403.166 584.792 17.2224 10.368 two
425.181 584.792 24.2726 10.368 years
454.315 584.792 11.4624 10.368 by
470.627 584.792 29.3875 10.368 means
504.864 584.792 9.59616 10.368 of
519.253 584.792 5.11488 10.368 a

70.86 597.992 44.0525 10.368 delegated
117.792 597.992 13.3862 10.368 act
134.082 597.992 7.03872 10.368 if
144 597.992 40.8384 10.368 carefully
187.707 597.992 39.0298 10.368 assessed
229.617 597.992 64.9958 10.368 circumstances
297.493 597.992 29.4451 10.368 justify
329.818 597.992 19.5171 10.368 this.

70.86 617.372 40.3085 10.368 Removal
114.002 617.372 8.96256 10.368 of
125.845 617.372 14.0314 10.368 the
142.756 617.372 57.5309 10.368 frontloading
203.167 617.372 56.1946 10.368 requirement

70.86 636.452 24.3302 10.368 Point
99.4066 636.452 13.4323 10.368 (b)
117.09 636.452 9.59616 10.368 of
130.879 636.452 31.9334 10.368 Article
167.04 636.452 19.1923 10.368 1(2)
190.426 636.452 38.9376 10.368 removes
233.615 636.452 14.0774 10.368 the
251.908 636.452 55.5379 10.368 requirement
311.72 636.452 17.2454 10.368 laid
333.193 636.452 25.5974 10.368 down
363.065 636.452 8.88192 10.368 in
376.198 636.452 23.6851 10.368 point
404.088 636.452 14.0314 10.368 (ii)
422.37 636.452 9.59616 10.368 of
436.217 636.452 23.6851 10.368 point
464.107 636.452 13.4323 10.368 (b)
481.732 636.452 9.59616 10.368 of
495.579 636.452 28.8 10.368 EMIR

70.86 649.652 31.9334 10.368 Article
105.95 649.652 19.1923 10.368 4(1)
128.322 649.652 8.9856 10.368 to
140.475 649.652 22.3488 10.368 clear
165.969 649.652 23.04 10.368 OTC
192.235 649.652 45.9763 10.368 derivative
241.368 649.652 41.5757 10.368 contracts
286.111 649.652 33.8688 10.368 entered
323.125 649.652 17.879 10.368 into
344.172 649.652 9.59616 10.368 or
356.936 649.652 36.4838 10.368 novated
396.576 649.652 11.52 10.368 on
411.264 649.652 9.59616 10.368 or
424.029 649.652 21.1392 10.368 after
448.301 649.652 53.0266 10.368 notification
504.507 649.652 11.52 10.368 by
519.241 649.652 5.11488 10.368 a

70.86 662.912 47.8656 10.368 competent
122.631 662.912 41.6043 10.368 authority
168.175 662.912 8.96256 10.368 to
181.008 662.912 31.9565 10.368 ESMA
216.87 662.912 11.52 10.368 on
232.284 662.912 10.8749 10.368 an
247.029 662.912 60.0883 10.368 authorisation
310.988 662.912 9.59616 10.368 of
324.478 662.912 5.11488 10.368 a
333.464 662.912 21.7728 10.368 CCP
359.131 662.912 8.96256 10.368 to
371.964 662.912 22.3488 10.368 clear
398.172 662.912 5.11488 10.368 a
407.157 662.912 22.3949 10.368 class
433.469 662.912 9.59616 10.368 of
446.959 662.912 23.04 10.368 OTC
473.893 662.912 50.4576 10.368 derivatives

70.86 676.112 14.7226 10.368 but
91.4923 676.112 29.4221 10.368 before
126.824 676.112 13.9968 10.368 the
146.731 676.112 19.1578 10.368 date
171.798 676.112 22.3373 10.368 from
199.988 676.112 28.1549 10.368 which
234.052 676.112 14.0774 10.368 the
254.028 676.112 37.0253 10.368 clearing
296.986 676.112 46.6445 10.368 obligation
349.54 676.112 23.639 10.368 takes
379.112 676.112 26.185 10.368 effect
411.207 676.112 7.03872 10.368 if
424.155 676.112 14.0774 10.368 the
444.131 676.112 41.5066 10.368 contracts
491.582 676.112 21.7498 10.368 have
519.23 676.112 5.11488 10.368 a

70.86 689.372 46.5869 10.368 remaining
122.089 689.372 38.9606 10.368 maturity
165.681 689.372 29.3414 10.368 higher
199.631 689.372 19.8029 10.368 than
224.041 689.372 14.0774 10.368 the
242.692 689.372 44.6515 10.368 minimum
291.871 689.372 46.6675 10.368 remaining
343.147 689.372 38.9376 10.368 maturity
386.738 689.372 51.6672 10.368 determined
443.014 689.372 8.96256 10.368 in
456.561 689.372 5.11488 10.368 a
466.272 689.372 58.2875 10.368 Commission

70.86 702.592 46.6214 10.368 Delegated
120.361 702.592 50.4806 10.368 Regulation
173.722 702.592 11.52 10.368 on
188.122 702.592 37.0368 10.368 clearing
228.039 702.592 51.0682 10.368 obligations
281.987 702.592 26.1734 10.368 under
311.04 702.592 31.9334 10.368 Article
345.854 702.592 34.7904 10.368 5(2)(c).

28.38 784.188 33.348 22.2 EN

291.62 793.224 12 10.8 15

533.62 784.188 33.348 22.2 EN

70.86 59.5718 51.7824 10.368 Suspension
125.522 59.5718 8.90496 10.368 of
137.307 59.5718 38.327 10.368 clearing
178.514 59.5718 47.209 10.368 obligation

70.86 78.6518 31.9334 10.368 Article
106.549 78.6518 19.1923 10.368 1(6)
129.462 78.6518 30.0442 10.368 inserts
163.296 78.6518 8.96256 10.368 to
176.003 78.6518 28.8 10.368 EMIR
208.57 78.6518 5.11488 10.368 a
217.44 78.6518 19.1923 10.368 new
240.354 78.6518 31.9334 10.368 Article
276.043 78.6518 11.52 10.368 6b
291.33 78.6518 17.2454 10.368 that
312.319 78.6518 24.417 10.368 gives
340.503 78.6518 14.0774 10.368 the
358.313 78.6518 58.153 10.368 Commission
420.222 78.6518 14.0774 10.368 the
438.032 78.6518 31.6685 10.368 power,
473.421 78.6518 11.52 10.368 on
488.708 78.6518 35.7696 10.368 specific

70.86 91.9118 39.9629 10.368 grounds,
114.774 91.9118 8.96256 10.368 to
127.665 91.9118 53.5219 10.368 temporarily
185.184 91.9118 37.0714 10.368 suspend
226.207 91.9118 16.5542 10.368 any
246.655 91.9118 37.0253 10.368 clearing
287.632 91.9118 46.6445 10.368 obligation
338.205 91.9118 11.52 10.368 on
353.676 91.9118 13.9968 10.368 the
371.601 91.9118 23.04 10.368 basis
398.592 91.9118 9.59616 10.368 of
412.082 91.9118 5.11488 10.368 a
421.068 91.9118 33.2698 10.368 request
458.255 91.9118 9.59616 10.368 of
471.802 91.9118 31.9219 10.368 ESMA
507.664 91.9118 16.6349 10.368 and

70.86 105.112 18.5702 10.368 lays
92.9093 105.112 25.5398 10.368 down
121.997 105.112 13.9968 10.368 the
139.508 105.112 46.057 10.368 procedure
188.998 105.112 13.4323 10.368 for
205.967 105.112 14.0774 10.368 the
223.535 105.112 53.3376 10.368 suspension.
280.34 105.112 12.7987 10.368 As
296.698 105.112 18.4205 10.368 also
318.644 105.112 34.5139 10.368 pointed
356.671 105.112 14.665 10.368 out
374.838 105.112 11.52 10.368 by
389.883 105.112 34.848 10.368 ESMA,
428.141 105.112 16.6003 10.368 this
448.29 105.112 28.7885 10.368 power
480.557 105.112 7.68384 10.368 is
491.697 105.112 32.5786 10.368 needed

70.86 118.372 23.6736 10.368 since
98.8075 118.372 8.96256 10.368 in
112.056 118.372 31.2653 10.368 certain
147.629 118.372 35.7696 10.368 specific
187.76 118.372 68.0141 10.368 circumstances,
260.117 118.372 45.3658 10.368 continued
309.734 118.372 51.0912 10.368 application
365.11 118.372 9.59616 10.368 of
379.015 118.372 14.0774 10.368 the
397.366 118.372 37.0253 10.368 clearing
438.7 118.372 46.6445 10.368 obligation
489.572 118.372 19.7568 10.368 may
513.672 118.372 10.8749 10.368 be

70.86 131.572 49.801 10.368 impossible
126.513 131.572 17.3261 10.368 (for
149.714 131.572 38.9146 10.368 example
194.516 131.572 36.4147 10.368 because
236.806 131.572 14.1005 10.368 the
256.758 131.572 33.9264 10.368 CCP(s)
296.583 131.572 37.0253 10.368 clearing
339.472 131.572 14.0774 10.368 the
359.378 131.572 33.2928 10.368 biggest
398.535 131.572 33.2352 10.368 portion
437.634 131.572 9.59616 10.368 of
453.105 131.572 5.11488 10.368 a
464.072 131.572 31.3344 10.368 certain
501.247 131.572 23.04 10.368 OTC

70.86 144.792 50.4576 10.368 derivatives
126.052 144.792 22.3603 10.368 class
153.159 144.792 19.7568 10.368 may
177.673 144.792 17.1878 10.368 exit
199.561 144.792 17.2454 10.368 that
221.507 144.792 35.7466 10.368 market)
262 144.792 9.59616 10.368 or
276.331 144.792 19.7568 10.368 may
300.799 144.792 21.6691 10.368 have
327.18 144.792 35.1821 10.368 adverse
367.005 144.792 30.5741 10.368 effects
402.325 144.792 13.4323 10.368 for
420.423 144.792 40.1702 10.368 financial
465.282 144.792 37.0829 10.368 stability
507.076 144.792 17.2685 10.368 (for

70.86 158.052 38.9146 10.368 example
116.214 158.052 36.4608 10.368 because
159.161 158.052 14.0774 10.368 the
179.678 158.052 37.0253 10.368 clearing
223.177 158.052 46.6445 10.368 obligation
276.273 158.052 28.8 10.368 would
311.478 158.052 33.8112 10.368 impede
351.729 158.052 37.7626 10.368 bilateral
395.92 158.052 37.0829 10.368 hedging
439.477 158.052 13.4323 10.368 for
459.384 158.052 65.0995 10.368 counterparties

70.86 171.252 35.2051 10.368 without
109.429 171.252 29.376 10.368 access
142.238 171.252 8.96256 10.368 to
154.587 171.252 14.0774 10.368 the
172.04 171.252 40.1933 10.368 centrally
215.689 171.252 33.1776 10.368 cleared
252.277 171.252 38.5805 10.368 market).
294.267 171.252 23.04 10.368 Such
320.717 171.252 63.8899 10.368 developments
388.017 171.252 19.7568 10.368 may
411.218 171.252 25.5859 10.368 occur
440.191 171.252 64.247 10.368 unexpectedly,
507.848 171.252 16.5542 10.368 and

70.86 184.512 14.0774 10.368 the
88.5547 184.512 32.6246 10.368 current
124.785 184.512 46.057 10.368 procedure
174.459 184.512 13.4323 10.368 for
191.486 184.512 14.0774 10.368 the
209.181 184.512 37.6589 10.368 removal
250.514 184.512 9.59616 10.368 of
263.762 184.512 5.11488 10.368 a
272.506 184.512 37.0253 10.368 clearing
313.183 184.512 46.6445 10.368 obligation
363.456 184.512 17.303 10.368 that
384.377 184.512 28.9658 10.368 would
416.971 184.512 32.5555 10.368 require
453.144 184.512 14.0774 10.368 the
470.839 184.512 53.6602 10.368 amendment

70.86 197.712 9.59616 10.368 of
87.7714 197.712 5.11488 10.368 a
100.178 197.712 47.2205 10.368 regulatory
154.749 197.712 41.5181 10.368 technical
203.513 197.712 41.9098 10.368 standard,
252.703 197.712 15.9898 10.368 can
275.974 197.712 10.8749 10.368 be
294.141 197.712 14.7226 10.368 too
316.144 197.712 21.7613 10.368 slow
345.232 197.712 8.96256 10.368 to
361.475 197.712 36.4723 10.368 respond
405.263 197.712 8.96256 10.368 to
421.506 197.712 14.0774 10.368 the
442.852 197.712 42.1747 10.368 changing
492.331 197.712 31.9104 10.368 market

70.86 210.912 65.1341 10.368 circumstances
142.733 210.912 9.59616 10.368 or
158.976 210.912 40.2278 10.368 financial
205.886 210.912 37.0368 10.368 stability
249.593 210.912 43.776 10.368 concerns.
300.096 210.912 17.833 10.368 The
324.623 210.912 19.1923 10.368 new
350.462 210.912 28.7309 10.368 power
385.909 210.912 7.68384 10.368 is
400.228 210.912 32.567 10.368 subject
439.442 210.912 8.96256 10.368 to
455.087 210.912 29.9981 10.368 tightly
491.789 210.912 32.5325 10.368 framed

70.86 224.172 50.8032 10.368 conditions,
125.695 224.172 16.6349 10.368 and
146.328 224.172 14.0774 10.368 the
164.379 224.172 50.5037 10.368 suspension
218.892 224.172 28.8 10.368 would
251.643 224.172 10.8749 10.368 be
266.516 224.172 32.567 10.368 limited
303.092 224.172 8.9856 10.368 in
316.086 224.172 23.4286 10.368 time.
343.512 224.172 17.9136 10.368 The
365.458 224.172 46.057 10.368 procedure
415.489 224.172 8.96256 10.368 to
428.438 224.172 57.4618 10.368 permanently
489.955 224.172 34.4563 10.368 remove

70.86 237.372 14.0774 10.368 the
90.4094 237.372 37.0253 10.368 clearing
132.987 237.372 46.6445 10.368 obligation
185.173 237.372 36.3456 10.368 remains
227.048 237.372 52.8192 10.368 unchanged,
285.351 237.372 16.6349 10.368 and
307.412 237.372 16.6003 10.368 this
329.542 237.372 17.9251 10.368 will
352.927 237.372 31.991 10.368 always
390.448 237.372 32.5325 10.368 require
428.475 237.372 10.8749 10.368 an
444.845 237.372 53.6602 10.368 amendment
504.035 237.372 9.59616 10.368 of
519.149 237.372 5.11488 10.368 a

70.86 250.632 47.3011 10.368 regulatory
121.076 250.632 41.4605 10.368 technical
165.359 250.632 41.9098 10.368 standard.

70.86 269.952 65.1341 10.368 Amendments
138.874 269.952 21.7152 10.368 with
163.469 269.952 5.76 10.368 a
172.109 269.952 22.4294 10.368 view
197.384 269.952 9.59616 10.368 to
209.86 269.952 51.84 10.368 incentivise
264.58 269.952 39.5942 10.368 clearing
307.055 269.952 18.5702 10.368 and
328.539 269.952 9.59616 10.368 to
341.016 269.952 40.2624 10.368 increase
384.158 269.952 30.0211 10.368 access
417.082 269.952 9.53856 10.368 to
429.501 269.952 7.03872 10.368 it
439.419 269.952 35.1936 10.368 (EMIR
477.493 269.952 38.3386 10.368 Articles
518.712 269.952 5.76 10.368 4

70.86 283.152 18.5702 10.368 and
92.34 283.152 15.2986 10.368 39)

70.86 302.292 24.3302 10.368 Point
98.2661 302.292 12.7872 10.368 (c)
114.152 302.292 9.59616 10.368 of
126.801 302.292 31.9334 10.368 Article
161.833 302.292 19.1923 10.368 1(2)
184.136 302.292 47.9462 10.368 introduces
235.181 302.292 10.8749 10.368 an
249.086 302.292 19.1923 10.368 new
271.389 302.292 45.9648 10.368 paragraph
320.464 302.292 10.8749 10.368 3a
334.438 302.292 8.96256 10.368 to
346.488 302.292 28.7424 10.368 EMIR
378.34 302.292 31.9334 10.368 Article
413.373 302.292 19.1923 10.368 4(3)
435.675 302.292 45.3773 10.368 according
484.082 302.292 8.96256 10.368 to
496.132 302.292 28.1549 10.368 which

70.86 315.492 37.0253 10.368 clearing
111.595 315.492 42.1056 10.368 members
157.421 315.492 16.6349 10.368 and
177.754 315.492 21.0816 10.368 their
202.522 315.492 30.0096 10.368 clients
236.241 315.492 19.8029 10.368 who
259.753 315.492 35.1936 10.368 provide
298.622 315.492 36.9907 10.368 clearing
339.288 315.492 37.0253 10.368 services
380.011 315.492 8.96256 10.368 to
392.66 315.492 23.639 10.368 other
419.951 315.492 65.1456 10.368 counterparties
488.829 315.492 9.59616 10.368 or
502.077 315.492 22.3834 10.368 offer

70.86 328.752 21.0816 10.368 their
96.227 328.752 30.0096 10.368 clients
130.603 328.752 14.0774 10.368 the
148.954 328.752 47.9462 10.368 possibility
201.232 328.752 8.96256 10.368 to
214.48 328.752 35.1936 10.368 provide
253.89 328.752 21.1162 10.368 such
279.314 328.752 37.0138 10.368 services
320.637 328.752 9.08336 10.368 to
334.028 328.752 23.639 10.368 other
361.976 328.752 65.1456 10.368 counterparties
431.453 328.752 8.96256 10.368 to
444.701 328.752 11.52 10.368 do
460.53 328.752 10.2413 10.368 so
475.102 328.752 26.231 10.368 under
505.63 328.752 18.8698 10.368 fair,

70.86 341.952 49.2134 10.368 reasonable
124.912 341.952 16.6349 10.368 and
146.385 341.952 88.1898 10.368 non-discriminatory
239.459 341.952 54.1901 10.368 commercial
298.476 341.952 28.4198 10.368 terms.
331.769 341.952 17.9136 10.368 The
354.498 341.952 58.199 10.368 Commission
417.536 341.952 7.68384 10.368 is
430.115 341.952 53.6486 10.368 empowered
488.614 341.952 35.8387 10.368 through

70.86 355.152 44.0525 10.368 delegated
117.792 355.152 17.8906 10.368 acts
138.563 355.152 8.96256 10.368 to
150.406 355.152 33.1776 10.368 specify
186.452 355.152 22.3949 10.368 what
211.727 355.152 14.0659 10.368 are
228.626 355.152 18.8698 10.368 fair,
250.284 355.152 49.2134 10.368 reasonable
302.377 355.152 16.5427 10.368 and
321.8 355.152 88.1571 10.368 non-discriminatory
412.872 355.152 28.3622 10.368 terms.

70.86 374.412 31.9334 10.368 Article
107.989 374.412 24.8947 10.368 1(11)
138.091 374.412 30.0442 10.368 inserts
173.365 374.412 5.11488 10.368 a
183.675 374.412 19.1347 10.368 new
208.029 374.412 45.9648 10.368 paragraph
259.2 374.412 8.96256 10.368 to
273.44 374.412 28.8 10.368 EMIR
307.332 374.412 31.9334 10.368 Article
344.461 374.412 11.52 10.368 39
361.188 374.412 8.96256 10.368 to
375.334 374.412 30.0326 10.368 clarify
410.609 374.412 17.1878 10.368 that
432.98 374.412 26.8762 10.368 assets
465.064 374.412 40.2278 10.368 covering
510.464 374.412 14.0774 10.368 the

70.86 387.612 41.5642 10.368 positions
117.297 387.612 40.2624 10.368 recorded
162.409 387.612 8.96256 10.368 in
176.199 387.612 10.8749 10.368 an
191.912 387.612 35.7811 10.368 account
232.52 387.612 14.0659 10.368 are
251.471 387.612 14.7226 10.368 not
271.02 387.612 17.9136 10.368 part
293.749 387.612 9.59616 10.368 of
308.195 387.612 14.1005 10.368 the
327.134 387.612 49.8701 10.368 insolvency
381.888 387.612 26.1734 10.368 estate
412.9 387.612 9.59616 10.368 of
427.346 387.612 14.0774 10.368 the
446.239 387.612 21.7728 10.368 CCP
472.862 387.612 9.59616 10.368 or
487.308 387.612 37.0253 10.368 clearing

70.86 400.872 37.6243 10.368 member
112.896 400.872 17.2454 10.368 that
134.589 400.872 26.231 10.368 keeps
165.174 400.872 37.6358 10.368 separate
207.222 400.872 33.9034 10.368 records
245.492 400.872 16.6349 10.368 and
266.539 400.872 43.1424 10.368 accounts.
314.036 400.872 20.4365 10.368 This
338.919 400.872 43.3843 10.368 provision
386.727 400.872 26.7955 10.368 offers
417.969 400.872 40.1818 10.368 certitude
462.54 400.872 8.96256 10.368 to
475.903 400.872 24.3187 10.368 those
504.634 400.872 19.7453 10.368 who

70.86 414.092 35.1936 10.368 provide
108.934 414.092 37.0598 10.368 clearing
148.94 414.092 37.0598 10.368 services
188.949 414.092 9.59616 10.368 or
201.483 414.092 22.3834 10.368 offer
226.792 414.092 21.0816 10.368 their
250.788 414.092 30.0096 10.368 clients
283.724 414.092 14.0774 10.368 the
300.693 414.092 47.9923 10.368 possibility
351.634 414.092 8.96256 10.368 to
363.477 414.092 35.1475 10.368 provide
401.539 414.092 21.1162 10.368 such
425.524 414.092 37.0598 10.368 services
465.533 414.092 17.2454 10.368 that
485.681 414.092 19.8029 10.368 they
508.456 414.092 15.9898 10.368 can

70.86 427.292 23.0054 10.368 fulfil
101.215 427.292 21.0816 10.368 their
129.647 427.292 62.5766 10.368 commitments
199.631 427.292 20.4826 10.368 with
227.463 427.292 29.2723 10.368 regard
264.108 427.292 8.96256 10.368 to
280.42 427.292 14.0774 10.368 the
301.767 427.292 28.8 10.368 EMIR
337.94 427.292 31.9104 10.368 default
377.177 427.292 58.7174 10.368 management
443.232 427.292 53.4413 10.368 procedures.
504.047 427.292 20.3789 10.368 This

70.86 440.552 54.2822 10.368 incentivises
128.817 440.552 23.0054 10.368 them
155.394 440.552 8.96256 10.368 to
167.985 440.552 35.1936 10.368 provide
206.796 440.552 29.376 10.368 access
239.847 440.552 8.96256 10.368 to
252.381 440.552 31.2883 10.368 central
287.286 440.552 37.0714 10.368 clearing
328.021 440.552 9.59616 10.368 of
341.211 440.552 23.04 10.368 OTC
367.903 440.552 50.4 10.368 derivatives
421.955 440.552 41.6262 10.368 contracts
467.245 440.552 9.59616 10.368 as
480.493 440.552 5.11488 10.368 a
489.179 440.552 35.4125 10.368 service.

70.86 453.752 35.7811 10.368 Equally
109.947 453.752 14.0774 10.368 the
127.273 453.752 48.0038 10.368 provisions
178.56 453.752 22.3258 10.368 offer
204.169 453.752 40.2163 10.368 certitude
247.715 453.752 8.96256 10.368 to
259.949 453.752 30.0096 10.368 clients
293.242 453.752 16.6694 10.368 and
313.195 453.752 35.1475 10.368 indirect
351.579 453.752 30.0326 10.368 clients
384.918 453.752 17.2454 10.368 that
405.435 453.752 8.96256 10.368 in
417.67 453.752 14.1005 10.368 the
435.042 453.752 19.8259 10.368 case
458.128 453.752 9.59616 10.368 of
471.019 453.752 31.945 10.368 default
506.235 453.752 9.59616 10.368 of
519.126 453.752 5.11488 10.368 a

70.86 467.012 37.0253 10.368 clearing
110.811 467.012 37.6243 10.368 member
151.35 467.012 9.59616 10.368 or
163.884 467.012 5.11488 10.368 a
171.913 467.012 25.5859 10.368 client
200.391 467.012 44.6976 10.368 providing
248.015 467.012 37.0253 10.368 clearing
287.966 467.012 39.8822 10.368 services,
330.797 467.012 21.0816 10.368 their
354.759 467.012 26.8762 10.368 assets
384.55 467.012 14.0659 10.368 are
401.496 467.012 42.7162 10.368 protected
447.126 467.012 16.6349 10.368 and
466.676 467.012 18.8698 10.368 can,
488.425 467.012 22.0838 10.368 thus,
513.47 467.012 10.8749 10.368 be

70.86 480.212 29.4336 10.368 ported
105.167 480.212 8.96256 10.368 to
119.014 480.212 23.593 10.368 other
147.503 480.212 37.0253 10.368 clearing
189.435 480.212 42.1056 10.368 members
236.46 480.212 9.67616 10.368 or
251.044 480.212 30.0096 10.368 clients
285.961 480.212 17.2454 10.368 that
308.091 480.212 35.1936 10.368 provide
348.157 480.212 35.0669 10.368 indirect
388.109 480.212 37.0714 10.368 clearing
430.088 480.212 39.9398 10.368 services.
474.831 480.212 20.4365 10.368 This
500.198 480.212 24.2842 10.368 gives

70.86 493.412 31.3459 10.368 further
105.086 493.412 42.048 10.368 incentive
150.014 493.412 13.4323 10.368 for
166.326 493.412 31.3114 10.368 central
200.46 493.412 39.9053 10.368 clearing.

70.86 512.792 65.1341 10.368 Amendments
138.874 512.792 9.59616 10.368 to
151.35 512.792 65.8138 10.368 requirements
220.044 512.792 14.711 10.368 for
237.589 512.792 31.3229 10.368 CCPs'
271.792 512.792 65.1686 10.368 transparency
339.84 512.792 35.1014 10.368 (EMIR
377.799 512.792 33.8573 10.368 Article
414.536 512.792 15.3562 10.368 38)

70.86 531.872 31.9334 10.368 Article
106.422 531.872 24.9523 10.368 1(10)
134.969 531.872 21.1162 10.368 adds
159.737 531.872 50.4576 10.368 paragraphs
213.846 531.872 5.76 10.368 6
223.258 531.872 16.6349 10.368 and
243.522 531.872 5.76 10.368 7
252.876 531.872 8.96256 10.368 to
265.467 531.872 28.8 10.368 EMIR
297.919 531.872 31.8989 10.368 Article
333.435 531.872 11.52 10.368 38
348.607 531.872 10.2413 10.368 so
362.512 531.872 17.2454 10.368 that
387.038 531.872 26.2541 10.368 CCPs
416.967 531.872 13.9968 10.368 are
434.592 531.872 38.3386 10.368 required
476.583 531.872 8.96256 10.368 to
489.4 531.872 35.1936 10.368 provide

70.86 545.132 21.0816 10.368 their
95.9966 545.132 37.0714 10.368 clearing
137.135 545.132 42.1056 10.368 members
183.376 545.132 20.4826 10.368 with
207.902 545.132 22.3603 10.368 tools
234.352 545.132 8.96256 10.368 to
247.358 545.132 38.9491 10.368 simulate
290.362 545.132 21.1162 10.368 their
315.545 545.132 26.7955 10.368 initial
346.488 545.132 32.5901 10.368 margin
383.121 545.132 60.0653 10.368 requirements
447.253 545.132 49.801 10.368 (paragraph
501.12 545.132 9.59616 10.368 6)
514.795 545.132 9.59616 10.368 as

70.86 558.332 19.8374 10.368 well
95.9275 558.332 9.59616 10.368 as
110.731 558.332 20.4826 10.368 with
136.397 558.332 5.11488 10.368 a
146.765 558.332 36.3686 10.368 detailed
188.341 558.332 42.8198 10.368 overview
236.391 558.332 9.59616 10.368 of
251.194 558.332 14.0774 10.368 the
270.502 558.332 65.687 10.368 characteristics
341.476 558.332 9.59616 10.368 of
356.349 558.332 13.9968 10.368 the
375.599 558.332 26.7955 10.368 initial
407.624 558.332 32.6016 10.368 margin
445.479 558.332 33.1661 10.368 models
483.933 558.332 19.7453 10.368 they
508.931 558.332 15.3562 10.368 use

70.86 571.532 49.8931 10.368 (paragraph
123.633 571.532 12.384 10.368 7).

70.86 590.912 65.1341 10.368 Amendments
139.6 590.912 9.59616 10.368 to
152.79 590.912 15.3562 10.368 the
171.741 590.912 73.5661 10.368 risk-mitigation
248.832 590.912 52.4285 10.368 techniques
304.866 590.912 14.6534 10.368 for
323.091 590.912 24.9638 10.368 OTC
351.637 590.912 49.1443 10.368 derivative
404.353 590.912 45.3658 10.368 contracts
453.301 590.912 16.0013 10.368 not
472.908 590.912 35.712 10.368 cleared
512.192 590.912 12.1651 10.368 by

70.86 604.112 5.76 10.368 a
79.5 604.112 23.7082 10.368 CCP
106.008 604.112 35.113 10.368 (EMIR
143.977 604.112 33.8573 10.368 Article
180.715 604.112 15.3562 10.368 11)

70.86 623.252 12.7987 10.368 To
88.2437 623.252 25.5629 10.368 avoid
118.415 623.252 69.6038 10.368 inconsistencies
192.569 623.252 28.7885 10.368 across
225.919 623.252 14.0774 10.368 the
244.512 623.252 28.8 10.368 Union
277.92 623.252 8.96256 10.368 in
291.468 623.252 14.0774 10.368 the
310.061 623.252 51.0912 10.368 application
365.737 623.252 9.59616 10.368 of
379.942 623.252 14.0774 10.368 the
398.592 623.252 17.28 10.368 risk
420.423 623.252 47.232 10.368 mitigation
472.24 623.252 52.151 10.368 techniques,

70.86 636.452 31.9334 10.368 Article
106.607 636.452 19.1923 10.368 1(9)
129.635 636.452 24.2842 10.368 gives
157.767 636.452 5.11488 10.368 a
166.695 636.452 38.9491 10.368 mandate
209.457 636.452 8.96256 10.368 to
222.221 636.452 26.2426 10.368 ESAs
252.312 636.452 8.96256 10.368 to
265.076 636.452 36.4147 10.368 develop
305.315 636.452 21.7498 10.368 draft
330.866 636.452 47.2205 10.368 regulatory
381.958 636.452 41.5181 10.368 technical
427.243 636.452 43.511 10.368 standards
474.567 636.452 9.19312 10.368 in
487.527 636.452 24.3072 10.368 order
515.659 636.452 8.96256 10.368 to

70.86 649.652 33.1776 10.368 specify
108.634 649.652 14.0774 10.368 the
127.17 649.652 46.057 10.368 procedure
177.743 649.652 13.3747 10.368 for
195.668 649.652 14.0774 10.368 the
214.261 649.652 5.11488 10.368 a
223.915 649.652 25.5168 10.368 priori
253.959 649.652 53.6371 10.368 supervisory
312.146 649.652 40.3085 10.368 approval
356.959 649.652 9.59616 10.368 of
371.048 649.652 14.0774 10.368 the
389.641 649.652 79.9384 10.368 risk-management
474.096 649.652 50.5037 10.368 procedures

70.86 662.912 17.2454 10.368 that
93.7157 662.912 32.6246 10.368 require
131.858 662.912 14.0774 10.368 the
151.535 662.912 32.256 10.368 timely,
189.355 662.912 38.327 10.368 accurate
233.269 662.912 16.6349 10.368 and
255.456 662.912 61.2634 10.368 appropriately
322.353 662.912 49.2134 10.368 segregated
377.119 662.912 43.4534 10.368 exchange
426.125 662.912 9.53856 10.368 of
441.297 662.912 45.6422 10.368 collateral,
492.538 662.912 16.6349 10.368 and
514.783 662.912 9.59616 10.368 of

70.86 676.112 48.5914 10.368 significant
122.274 676.112 37.0598 10.368 changes
162.214 676.112 8.96256 10.368 to
174.056 676.112 14.0774 10.368 the
190.91 676.112 79.8099 10.368 risk-management
273.565 676.112 53.4413 10.368 procedures.

70.86 695.512 65.1336 10.368 Amendments
138.874 695.512 9.59616 10.368 to
151.35 695.512 15.3562 10.368 the
169.586 695.512 46.6099 10.368 reporting
219.076 695.512 49.1904 10.368 obligation
271.146 695.512 35.1245 10.368 (EMIR
309.116 695.512 33.8573 10.368 Article
345.853 695.512 9.59616 10.368 9)

70.86 714.592 24.3302 10.368 Point
101.388 714.592 12.7872 10.368 (a)
120.396 714.592 9.59616 10.368 of
136.224 714.592 31.9334 10.368 Article
174.367 714.592 19.1923 10.368 1(7)
199.792 714.592 38.9376 10.368 removes
244.962 714.592 14.1005 10.368 the
265.272 714.592 55.584 10.368 requirement
327.065 714.592 8.96256 10.368 in
342.237 714.592 28.8 10.368 EMIR
377.269 714.592 31.9334 10.368 Article
415.412 714.592 19.2384 10.368 9(1)
440.882 714.592 8.96256 10.368 to
456.054 714.592 27.5098 10.368 report
489.762 714.592 34.5139 10.368 historic

70.86 727.792 57.8189 10.368 transactions,
134.324 727.792 14.0429 10.368 i.e.
154.057 727.792 54.9389 10.368 transactions
214.699 727.792 17.2454 10.368 that
237.612 727.792 22.3258 10.368 were
265.617 727.792 14.7226 10.368 not
286.008 727.792 53.6371 10.368 outstanding
345.336 727.792 11.52 10.368 on
362.546 727.792 13.9968 10.368 the
382.211 727.792 34.5254 10.368 starting
422.347 727.792 19.1578 10.368 date
447.172 727.792 9.59616 10.368 of
462.459 727.792 14.0774 10.368 the
482.136 727.792 42.1747 10.368 reporting

70.86 741.052 46.6445 10.368 obligation
120.592 741.052 11.52 10.368 on
135.2 741.052 11.52 10.368 12
149.773 741.052 41.5181 10.368 February
194.401 741.052 25.92 10.368 2014.
223.374 741.052 7.03872 10.368 It
233.5 741.052 54.8467 10.368 furthermore
291.446 741.052 47.9462 10.368 introduces
342.491 741.052 5.11488 10.368 a
350.636 741.052 43.465 10.368 provision
397.188 741.052 8.96256 10.368 to
409.238 741.052 28.6733 10.368 EMIR
441.021 741.052 31.9334 10.368 Article
476.054 741.052 19.1347 10.368 9(1)
498.299 741.052 8.96256 10.368 to
510.349 741.052 14.0774 10.368 the

28.38 784.188 33.348 22.2 EN

291.62 793.224 12 10.8 16

533.62 784.188 33.348 22.2 EN

70.86 59.4518 26.185 10.368 effect
100.489 59.4518 17.2454 10.368 that
121.179 59.4518 48.0154 10.368 intragroup
172.628 59.4518 54.8813 10.368 transactions
231 59.4518 28.0858 10.368 where
262.541 59.4518 16.6349 10.368 one
282.632 59.4518 9.59616 10.368 of
295.696 59.4518 14.0774 10.368 the
313.149 59.4518 65.1456 10.368 counterparties
381.785 59.4518 7.68384 10.368 is
392.936 59.4518 5.11488 10.368 a
401.507 59.4518 61.4632 10.368 non-financial
466.403 59.4518 58.1414 10.368 counterparty

70.86 72.6518 14.0659 10.368 are
87.8059 72.6518 44.6515 10.368 exempted
135.337 72.6518 22.3949 10.368 from
160.555 72.6518 14.0774 10.368 the
177.478 72.6518 42.1747 10.368 reporting
222.532 72.6518 49.5245 10.368 obligation.

70.86 91.9118 24.3302 10.368 Point
98.1509 91.9118 13.4323 10.368 (b)
114.578 91.9118 9.59616 10.368 of
127.112 91.9118 31.9334 10.368 Article
162.018 91.9118 19.1923 10.368 1(7)
184.205 91.9118 30.1309 10.368 inserts
217.331 91.9118 5.11488 10.368 a
225.418 91.9118 19.1923 10.368 new
247.548 91.9118 46.0224 10.368 paragraph
296.554 91.9118 10.8749 10.368 1a
310.332 91.9118 8.96256 10.368 to
322.256 91.9118 31.9334 10.368 Article
357.161 91.9118 8.64 10.368 9.
368.785 91.9118 20.4365 10.368 This
392.228 91.9118 19.1923 10.368 new
414.416 91.9118 45.9763 10.368 paragraph
463.364 91.9118 10.8749 10.368 1a
477.211 91.9118 18.5242 10.368 lays
498.742 91.9118 25.5629 10.368 down

70.86 105.112 22.3949 10.368 rules
99.0494 105.112 11.52 10.368 on
116.376 105.112 14.0774 10.368 the
136.167 105.112 42.1747 10.368 reporting
184.148 105.112 46.5869 10.368 obligation
236.518 105.112 8.96256 10.368 in
251.263 105.112 24.2496 10.368 some
281.307 105.112 35.7696 10.368 specific
322.872 105.112 24.3072 10.368 cases
352.985 105.112 54.9274 10.368 establishing
413.695 105.112 19.8029 10.368 who
439.304 105.112 7.68384 10.368 is
452.794 105.112 52.3584 10.368 responsible
510.912 105.112 13.4323 10.368 for

70.86 118.372 42.1747 10.368 reporting
115.915 118.372 43.4419 10.368 including
162.237 118.372 13.4323 10.368 for
178.549 118.372 16.5658 10.368 any
198.041 118.372 35.7235 10.368 liability
236.667 118.372 36.3917 10.368 araising
275.939 118.372 48.4186 10.368 therefrom:

113.34 138.584 13.992 10.8 for
136.608 138.584 57.384 10.8 transactions
203.292 138.584 18.024 10.8 that
230.568 138.584 14.676 10.8 are
254.544 138.584 15.336 10.8 not
279.192 138.584 24 10.8 OTC
312.56 138.584 52.704 10.8 derivatives
374.564 138.584 57.324 10.8 transactions
441.188 138.584 83.42 10.8 (exchange-traded

113.34 152.324 64.308 10.8 transactions),
182.136 152.324 14.664 10.8 the
201.312 152.324 22.632 10.8 CCP
228.42 152.324 8.076 10.8 is
240.996 152.324 57.66 10.8 responsible,
303.12 152.324 17.328 10.8 and
324.948 152.324 32.628 10.8 legally
362.064 152.324 29.724 10.8 liable,
396.288 152.324 13.992 10.8 for
414.696 152.324 44.016 10.8 reporting
463.212 152.324 12 10.8 on
479.7 152.324 30.024 10.8 behalf
514.176 152.324 10.044 10.8 of

113.34 166.124 21.336 10.8 both
137.676 166.124 70.968 10.8 counterparties.

113.34 186.824 13.992 10.8 for
132.288 186.824 57.276 10.8 transactions
194.544 186.824 39.948 10.8 between
239.46 186.824 5.328 10.8 a
249.768 186.824 41.94 10.8 financial
296.676 186.824 60.612 10.8 counterparty
362.244 186.824 17.328 10.8 and
384.492 186.824 5.328 10.8 a
394.8 186.824 64.084 10.8 non-financial
463.816 186.824 60.66 10.8 counterparty

113.34 200.624 15.336 10.8 not
134.868 200.624 34.02 10.8 subject
174.984 200.624 9.336 10.8 to
190.512 200.624 38.768 10.8 clearing
235.388 200.624 51.708 10.8 obligation,
293.204 200.624 14.664 10.8 the
314.06 200.624 41.988 10.8 financial
362.228 200.624 60.624 10.8 counterparty
429.044 200.624 8.004 10.8 is
443.192 200.624 57.684 10.8 responsible,
507.044 200.624 17.328 10.8 and

113.34 214.424 32.688 10.8 legally
149.028 214.424 26.664 10.8 liable
181.692 214.424 13.932 10.8 for
198.624 214.424 44.028 10.8 reporting
248.652 214.424 12 10.8 on
263.652 214.424 29.94 10.8 behalf
296.592 214.424 9.996 10.8 of
309.516 214.424 21.336 10.8 both
333.852 214.424 68.076 10.8 counterparties
404.88 214.424 9.336 10.8 to
417.216 214.424 14.7 10.8 the
434.868 214.424 55.932 10.8 transaction;

113.34 235.124 14.664 10.8 the
132.216 235.124 61.152 10.8 management
197.58 235.124 44.016 10.8 company
245.784 235.124 18.024 10.8 that
268.02 235.124 41.916 10.8 manages
314.136 235.124 5.328 10.8 a
323.664 235.124 34.62 10.8 UCITS
362.472 235.124 18.024 10.8 that
384.708 235.124 8.004 10.8 is
396.876 235.124 5.328 10.8 a
406.344 235.124 60.66 10.8 counterparty
471.156 235.124 9.336 10.8 to
484.704 235.124 11.328 10.8 an
500.232 235.124 24 10.8 OTC

113.34 248.864 48.012 10.8 derivative
165.624 248.864 38.64 10.8 contract
208.5 248.864 8.004 10.8 is
220.788 248.864 57.752 10.8 responsible,
282.788 248.864 17.28 10.8 and
304.316 248.864 32.688 10.8 legally
341.252 248.864 29.664 10.8 liable,
375.2 248.864 13.992 10.8 for
393.428 248.864 43.992 10.8 reporting
441.692 248.864 12 10.8 on
457.94 248.864 29.964 10.8 behalf
492.116 248.864 9.996 10.8 of
506.324 248.864 18.024 10.8 that

113.34 262.664 37.956 10.8 UCITS;

113.34 283.364 14.664 10.8 the
133.716 283.364 41.244 10.8 manager
180.672 283.364 8.004 10.8 is
194.34 283.364 57.684 10.8 responsible,
257.676 283.364 17.328 10.8 and
280.704 283.364 32.688 10.8 legally
319.02 283.364 29.676 10.8 liable,
354.324 283.364 13.992 10.8 for
373.992 283.364 14.664 10.8 the
394.368 283.364 43.944 10.8 reporting
444.024 283.364 11.94 10.8 on
461.652 283.364 29.964 10.8 behalf
497.268 283.364 9.996 10.8 of
512.916 283.364 11.328 10.8 an

113.34 297.104 50.676 10.8 alternative
170.676 297.104 52.572 10.8 investment
229.98 297.104 21.996 10.8 fund
258.708 297.104 27.324 10.8 (AIF)
292.704 297.104 18.024 10.8 that
317.4 297.104 8.004 10.8 is
332.148 297.104 5.328 10.8 a
344.196 297.104 60.636 10.8 counterparty
411.48 297.104 9.336 10.8 to
427.548 297.104 11.328 10.8 an
445.596 297.104 24 10.8 OTC
476.244 297.104 47.964 10.8 derivative

113.34 310.904 41.676 10.8 contract.

70.86 330.612 9.59616 10.368 In
83.7509 330.612 16.5542 10.368 any
103.634 330.612 19.8259 10.368 case
126.72 330.612 65.1747 10.368 counterparties
195.19 330.612 16.6349 10.368 and
215.096 330.612 26.1965 10.368 CCPs
244.599 330.612 21.6922 10.368 have
269.552 330.612 8.96256 10.368 to
281.786 330.612 30.0096 10.368 ensure
315.067 330.612 17.2454 10.368 that
335.584 330.612 14.0774 10.368 the
352.91 330.612 30.0096 10.368 details
386.203 330.612 9.59616 10.368 of
399.094 330.612 14.0774 10.368 the
416.42 330.612 45.9302 10.368 derivative
465.599 330.612 41.5066 10.368 contracts
510.412 330.612 14.0659 10.368 are

70.86 343.872 38.3386 10.368 reported
112.079 343.872 35.1245 10.368 without
150.083 343.872 54.6048 10.368 duplication.
207.568 343.872 24.6413 10.368 Also,
235.089 343.872 19.7568 10.368 they
257.76 343.872 19.7568 10.368 may
280.432 343.872 38.2349 10.368 delegate
321.547 343.872 14.0429 10.368 the
338.47 343.872 42.1862 10.368 reporting
383.536 343.872 49.4784 10.368 obligation.

70.86 363.072 24.3302 10.368 Point
98.8075 363.072 12.7872 10.368 (c)
115.235 363.072 9.59616 10.368 of
128.483 363.072 31.9334 10.368 Article
164.045 363.072 19.1923 10.368 1(7)
186.889 363.072 37.751 10.368 expands
228.281 363.072 14.0774 10.368 the
245.976 363.072 38.8915 10.368 mandate
288.496 363.072 13.4323 10.368 for
305.649 363.072 31.9565 10.368 ESMA
341.28 363.072 8.96256 10.368 to
353.872 363.072 36.4147 10.368 develop
393.938 363.072 41.5181 10.368 technical
439.051 363.072 43.511 10.368 standards
486.144 363.072 8.96256 10.368 to
498.736 363.072 25.5629 10.368 allow

70.86 376.272 13.4362 10.368 for
90.0446 376.272 14.0774 10.368 the
109.836 376.272 31.3459 10.368 further
146.907 376.272 65.8368 10.368 harmonisation
218.47 376.272 9.59616 10.368 of
233.814 376.272 14.0774 10.368 the
253.663 376.272 42.1747 10.368 reporting
301.586 376.272 22.3949 10.368 rules
329.718 376.272 16.6349 10.368 and
352.09 376.272 62.8646 10.368 requirements,
420.726 376.272 8.9856 10.368 in
435.46 376.272 44.0525 10.368 particular
485.307 376.272 14.0774 10.368 the
505.099 376.272 19.1923 10.368 data

70.86 389.532 46.391 10.368 standards,
120.131 389.532 41.7946 10.368 methods,
164.806 389.532 16.6349 10.368 and
184.32 389.532 61.8509 10.368 arrangements
249.051 389.532 13.4323 10.368 for
265.364 389.532 45.1123 10.368 reporting.

70.86 408.852 65.1341 10.368 Amendments
138.874 408.852 9.59616 10.368 to
151.35 408.852 32.6016 10.368 ensure
186.832 408.852 15.2986 10.368 the
205.01 408.852 34.5715 10.368 quality
242.393 408.852 9.59616 10.368 of
254.811 408.852 21.7613 10.368 data
279.453 408.852 35.0899 10.368 (EMIR
317.423 408.852 38.3386 10.368 Articles
358.641 408.852 11.4739 10.368 78
372.995 408.852 18.5702 10.368 and
394.445 408.852 15.3562 10.368 81)

70.86 428.012 31.9334 10.368 Article
108.047 428.012 24.8947 10.368 1(16)
138.217 428.012 21.1162 10.368 adds
164.541 428.012 8.96256 10.368 to
178.745 428.012 13.9968 10.368 the
197.995 428.012 33.8573 10.368 general
237.094 428.012 60.0502 10.368 requirements
302.408 428.012 13.4323 10.368 for
321.117 428.012 23.0285 10.368 trade
349.364 428.012 53.6371 10.368 repositories
408.277 428.012 8.96256 10.368 in
422.424 428.012 28.8 10.368 EMIR
456.431 428.012 31.9334 10.368 Article
493.617 428.012 11.52 10.368 78
510.402 428.012 14.0774 10.368 the

70.86 441.212 59.9846 10.368 requirements
139.185 441.212 8.96256 10.368 to
156.396 441.212 21.7498 10.368 have
186.383 441.212 40.8038 10.368 adequate
235.435 441.212 50.4346 10.368 procedures
294.152 441.212 13.4323 10.368 for
315.798 441.212 14.0774 10.368 the
338.112 441.212 63.1181 10.368 reconciliation
409.502 441.212 9.59616 10.368 of
427.369 441.212 19.1578 10.368 data
454.776 441.212 38.3501 10.368 between
501.385 441.212 23.0285 10.368 trade

70.86 454.412 56.9203 10.368 repositories;
133.379 454.412 8.96256 10.368 to
148.009 454.412 21.7498 10.368 have
175.416 454.412 40.919 10.368 adequate
222.002 454.412 50.5037 10.368 procedures
278.208 454.412 8.96256 10.368 to
292.839 454.412 30.0096 10.368 ensure
328.528 454.412 14.0774 10.368 the
348.262 454.412 31.9219 10.368 quality
385.92 454.412 9.59616 10.368 of
401.208 454.412 14.0774 10.368 the
420.941 454.412 38.3386 10.368 reported
464.971 454.412 22.3603 10.368 data;
492.987 454.412 16.6349 10.368 and
515.29 454.412 8.9856 10.368 to

70.86 467.672 40.2624 10.368 establish
114.463 467.672 40.896 10.368 adequate
158.677 467.672 35.7926 10.368 policies
197.9 467.672 13.4323 10.368 for
214.685 467.672 14.0774 10.368 the
232.08 467.672 33.2698 10.368 orderly
268.725 467.672 35.1821 10.368 transfer
307.179 467.672 9.59616 10.368 of
320.127 467.672 19.1578 10.368 data
342.614 467.672 8.96256 10.368 to
354.906 467.672 23.6966 10.368 other
381.944 467.672 23.0285 10.368 trade
408.278 467.672 53.7178 10.368 repositories
465.325 467.672 28.1088 10.368 where
496.752 467.672 16.6003 10.368 this
516.716 467.672 7.68384 10.368 is

70.86 480.872 44.0986 10.368 requested
118.011 480.872 11.4624 10.368 by
132.527 480.872 10.8749 10.368 an
146.431 480.872 54.985 10.368 undertaking
204.446 480.872 32.6362 10.368 subject
240.077 480.872 8.96256 10.368 to
252.07 480.872 14.0774 10.368 the
269.165 480.872 42.1747 10.368 reporting
314.393 480.872 46.6445 10.368 obligation
364.125 480.872 26.231 10.368 under
393.397 480.872 31.9334 10.368 Article
428.36 480.872 5.76 10.368 9
437.173 480.872 9.59616 10.368 or
449.822 480.872 38.3386 10.368 required
491.213 480.872 13.4323 10.368 for
507.698 480.872 16.6349 10.368 any

70.86 494.132 23.639 10.368 other
98.3928 494.132 32.9472 10.368 reason.
135.165 494.132 60.3763 10.368 Furthermore,
199.423 494.132 31.9565 10.368 ESMA
235.285 494.132 7.68384 10.368 is
246.793 494.132 44.6515 10.368 mandated
295.316 494.132 8.96256 10.368 to
308.195 494.132 36.4147 10.368 develop
348.504 494.132 50.4346 10.368 procedures
402.843 494.132 8.96256 10.368 to
415.677 494.132 10.8173 10.368 be
430.365 494.132 33.8458 10.368 applied
468.104 494.132 11.6958 10.368 by
483.694 494.132 14.0774 10.368 the
501.63 494.132 23.0285 10.368 trade

70.86 507.332 46.6214 10.368 repository
121.237 507.332 13.3747 10.368 for
138.321 507.332 14.0774 10.368 the
156.073 507.332 46.0109 10.368 validation
205.805 507.332 9.59616 10.368 of
219.111 507.332 14.0774 10.368 the
236.863 507.332 38.3155 10.368 reported
278.854 507.332 19.1578 10.368 data
301.709 507.332 9.59616 10.368 as
315.015 507.332 8.96256 10.368 to
327.664 507.332 10.8403 10.368 its
342.237 507.332 62.0122 10.368 completeness
407.97 507.332 16.6349 10.368 and
428.233 507.332 40.8845 10.368 accuracy
472.862 507.332 16.6349 10.368 and
493.126 507.332 13.4323 10.368 for
510.279 507.332 14.0774 10.368 the

70.86 520.532 63.2218 10.368 reconciliation
136.962 520.532 9.59616 10.368 of
149.438 520.532 19.1923 10.368 data
171.464 520.532 38.3501 10.368 between
212.694 520.532 22.9824 10.368 trade
238.557 520.532 56.5171 10.368 repositories.

70.86 539.792 24.3302 10.368 Point
98.0702 539.792 13.4323 10.368 (b)
114.452 539.792 9.59616 10.368 of
126.985 539.792 31.9334 10.368 Article
161.833 539.792 24.9523 10.368 1(17)
189.723 539.792 21.1162 10.368 adds
213.777 539.792 5.11488 10.368 a
221.807 539.792 19.1923 10.368 new
243.936 539.792 46.0224 10.368 paragraph
292.885 539.792 10.8749 10.368 3a
306.605 539.792 8.96256 10.368 to
318.471 539.792 28.8 10.368 EMIR
350.197 539.792 31.9334 10.368 Article
385.045 539.792 11.52 10.368 81
399.491 539.792 42.2323 10.368 requiring
444.661 539.792 23.0285 10.368 trade
470.569 539.792 54.0054 10.368 repositories

70.86 552.992 8.96256 10.368 to
86.0894 552.992 23.6736 10.368 grant
116.018 552.992 65.1456 10.368 counterparties
187.465 552.992 29.376 10.368 access
223.154 552.992 8.96256 10.368 to
238.384 552.992 11.52 10.368 all
256.194 552.992 19.1578 10.368 data
281.63 552.992 38.3962 10.368 reported
326.316 552.992 11.52 10.368 on
344.126 552.992 21.0816 10.368 their
371.532 552.992 28.7309 10.368 behalf
406.553 552.992 8.96256 10.368 in
421.84 552.992 24.3072 10.368 order
452.425 552.992 8.96256 10.368 to
467.655 552.992 25.5859 10.368 allow
499.554 552.992 13.4323 10.368 for
519.288 552.992 5.11488 10.368 a

70.86 566.252 52.992 10.368 verification
126.732 566.252 9.59616 10.368 of
139.208 566.252 10.8403 10.368 its
152.928 566.252 43.7645 10.368 accuracy.

70.86 585.572 65.1341 10.368 Amendments
138.874 585.572 9.59616 10.368 to
151.35 585.572 15.3562 10.368 the
169.586 585.572 57.5078 10.368 registration
229.974 585.572 9.53856 10.368 of
242.393 585.572 26.1734 10.368 trade
271.446 585.572 57.4618 10.368 repositories
331.788 585.572 35.136 10.368 (EMIR
369.804 585.572 38.3386 10.368 Articles
411.023 585.572 11.4739 10.368 56
425.376 585.572 18.5702 10.368 and
446.827 585.572 15.3562 10.368 72)

70.86 604.652 24.3302 10.368 Point
99.8904 604.652 12.7872 10.368 (a)
117.401 604.652 9.59616 10.368 of
131.674 604.652 31.9334 10.368 Article
168.319 604.652 24.8947 10.368 1(12)
197.949 604.652 35.1014 10.368 amends
237.785 604.652 28.8 10.368 EMIR
271.25 604.652 31.9334 10.368 Article
307.896 604.652 11.52 10.368 56
324.26 604.652 11.4624 10.368 by
340.492 604.652 52.9805 10.368 introducing
398.195 604.652 14.0774 10.368 the
416.961 604.652 47.8886 10.368 possibility
469.596 604.652 8.96256 10.368 to
483.201 604.652 31.2998 10.368 submit
519.248 604.652 5.11488 10.368 a

70.86 617.912 46.5869 10.368 simplified
123.276 617.912 51.1258 10.368 application
180.242 617.912 13.4323 10.368 for
199.55 617.912 10.8749 10.368 an
216.277 617.912 44.041 10.368 extension
266.182 617.912 9.59616 10.368 of
281.653 617.912 52.3469 10.368 registration
339.84 617.912 13.4323 10.368 for
359.09 617.912 23.0285 10.368 trade
387.936 617.912 53.7178 10.368 repositories
447.506 617.912 17.2454 10.368 that
470.592 617.912 14.0659 10.368 are
490.499 617.912 33.8688 10.368 already

70.86 631.112 45.3888 10.368 registered
120.534 631.112 26.1734 10.368 under
151.005 631.112 14.0774 10.368 the
169.356 631.112 45.2736 10.368 Securities
218.961 631.112 46.0454 10.368 Financing
269.292 631.112 58.7405 10.368 Transactions
332.341 631.112 53.303 10.368 Regulation.
389.929 631.112 28.8115 10.368 Points
422.98 631.112 13.3747 10.368 (b)
440.664 631.112 16.6349 10.368 and
461.595 631.112 12.7181 10.368 (c)
478.622 631.112 9.53856 10.368 of
492.469 631.112 31.9334 10.368 Article

70.86 644.372 24.9523 10.368 1(12)
100.248 644.372 19.8374 10.368 give
124.474 644.372 31.9219 10.368 ESMA
160.82 644.372 5.11488 10.368 a
170.347 644.372 38.9629 10.368 mandate
213.722 644.372 8.96256 10.368 to
227.085 644.372 36.4147 10.368 develop
267.923 644.372 41.5181 10.368 technical
313.877 644.372 43.511 10.368 standards
361.8 644.372 13.3747 10.368 for
379.61 644.372 5.11488 10.368 a
389.137 644.372 46.6214 10.368 simplified
440.17 644.372 51.1142 10.368 application
495.708 644.372 13.4323 10.368 for
513.576 644.372 10.8749 10.368 an

70.86 657.572 44.1216 10.368 extension
118.368 657.572 9.59616 10.368 of
131.375 657.572 52.3814 10.368 registration
187.166 657.572 8.9856 10.368 to
199.561 657.572 25.5629 10.368 avoid
228.534 657.572 42.1286 10.368 duplicate
274.061 657.572 53.4413 10.368 procedures.
330.912 657.572 31.9334 10.368 Article
366.244 657.572 24.9523 10.368 1(14)
394.618 657.572 30.0442 10.368 inserts
428.026 657.572 5.11488 10.368 a
436.539 657.572 51.8285 10.368 consequent
491.732 657.572 32.6246 10.368 change

70.86 670.772 8.96256 10.368 to
82.7026 670.772 31.9104 10.368 Article
117.493 670.772 24.9523 10.368 72(1)
145.325 670.772 11.52 10.368 on
159.725 670.772 14.0774 10.368 the
176.637 670.772 18.4781 10.368 fees
197.995 670.772 24.9523 10.368 when
225.827 670.772 5.11488 10.368 a
233.822 670.772 22.9363 10.368 trade
259.638 670.772 46.5984 10.368 repository
309.117 670.772 7.68384 10.368 is
319.68 670.772 33.8573 10.368 already
356.418 670.772 45.2851 10.368 registered
404.583 670.772 26.1619 10.368 under
433.625 670.772 30.4778 10.368 SFTR.

70.86 690.152 65.1341 10.368 Amendments
138.874 690.152 9.59616 10.368 to
151.35 690.152 15.3562 10.368 the
169.586 690.152 56.183 10.368 supervision
228.649 690.152 9.59616 10.368 of
241.126 690.152 26.1734 10.368 trade
270.179 690.152 57.4157 10.368 repositories
330.475 690.152 35.136 10.368 (EMIR
368.456 690.152 33.8573 10.368 Article
405.193 690.152 11.52 10.368 65
419.593 690.152 18.4896 10.368 and
440.963 690.152 32.0026 10.368 Annex
475.788 690.152 8.31744 10.368 I)

70.86 709.252 17.9136 10.368 The
93.589 709.252 22.3949 10.368 fines
120.822 709.252 31.9565 10.368 ESMA
157.652 709.252 15.9898 10.368 can
178.457 709.252 33.1776 10.368 impose
216.484 709.252 11.52 10.368 on
232.854 709.252 23.063 10.368 trade
260.733 709.252 55.6301 10.368 depositories
321.201 709.252 6.40512 10.368 it
332.41 709.252 35.1706 10.368 directly
372.454 709.252 47.8541 10.368 supervises
425.169 709.252 21.7498 10.368 need
451.734 709.252 8.96256 10.368 to
465.524 709.252 10.8749 10.368 be
481.237 709.252 43.0963 10.368 effective,

70.86 722.397 61.943 10.4717 proportionate
136.731 722.397 16.6349 10.4717 and
157.295 722.397 47.232 10.4717 dissuasive
208.455 722.397 8.96256 10.4717 to
221.346 722.397 29.952 10.4717 ensure
255.226 722.397 14.0774 10.4717 the
273.22 722.397 60.0538 10.4717 effectiveness
337.168 722.397 9.59616 10.4717 of
350.715 722.397 40.2278 10.4717 ESMAs
394.848 722.397 53.8101 10.4717 supervisory
452.598 722.512 36.1152 10.368 powers.
492.607 722.512 31.9334 10.368 Article

70.86 735.712 24.9523 10.368 1(13)
99.4642 735.712 41.4144 10.368 therefore
144.519 735.712 35.1014 10.368 amends
183.272 735.712 28.7194 10.368 EMIR
215.597 735.712 31.9334 10.368 Article
251.102 735.712 24.9523 10.368 65(2)
279.648 735.712 11.4624 10.368 by
294.809 735.712 47.255 10.368 increasing
345.681 735.712 14.0774 10.368 the
363.307 735.712 26.1734 10.368 upper
393.12 735.712 21.6461 10.368 limit
418.372 735.712 9.59616 10.368 of
431.62 735.712 14.0774 10.368 the
449.315 735.712 23.6736 10.368 basic
476.606 735.712 34.3987 10.368 amount
514.633 735.712 9.64224 10.368 of

70.86 748.912 22.3949 10.368 fines
99.948 748.912 31.9565 10.368 ESMA
138.575 748.912 15.9898 10.368 can
161.246 748.912 33.2237 10.368 impose
201.186 748.912 11.52 10.368 on
219.41 748.912 23.0285 10.368 trade
249.167 748.912 53.7178 10.368 repositories
309.52 748.912 8.96256 10.368 to
325.164 748.912 17.28 10.368 100
349.149 748.912 17.28 10.368 000
373.133 748.912 9.59616 10.368 or
389.446 748.912 17.28 10.368 200
413.43 748.912 17.28 10.368 000
437.415 748.912 47.9347 10.368 depending
491.997 748.912 11.52 10.368 on
510.221 748.912 14.0774 10.368 the

28.38 784.188 33.348 22.2 EN

291.62 793.224 12 10.8 17

533.62 784.188 33.348 22.2 EN

70.86 59.4518 62.2656 10.368 infringement.
136.8 59.4518 60.3187 10.368 Furthermore,
200.748 59.4518 14.0774 10.368 the
218.443 59.4518 53.568 10.368 amendment
275.628 59.4518 47.9462 10.368 introduces
327.215 59.4518 14.0774 10.368 the
344.909 59.4518 35.8146 10.368 missing
384.364 59.4518 23.6736 10.368 basic
411.655 59.4518 38.9491 10.368 amounts
454.244 59.4518 9.59616 10.368 of
467.435 59.4518 22.3027 10.368 fines
493.401 59.4518 13.4323 10.368 for
510.428 59.4518 14.0774 10.368 the

70.86 72.6518 63.8669 10.368 infringements
137.688 72.6518 35.1014 10.368 relating
175.715 72.6518 8.96256 10.368 to
187.638 72.6518 42.1747 10.368 obstacles
232.751 72.6518 8.96256 10.368 to
244.616 72.6518 14.0774 10.368 the
261.585 72.6518 53.6947 10.368 supervisory
318.264 72.6518 44.329 10.368 activities,
365.53 72.6518 36.4493 10.368 referred
404.859 72.6518 8.96256 10.368 to
416.76 72.6518 8.96256 10.368 in
428.625 72.6518 34.5254 10.368 Section
466.054 72.6518 12.1536 10.368 IV
481.156 72.6518 9.59616 10.368 of
493.69 72.6518 30.7123 10.368 Annex

70.86 85.9118 6.71616 10.368 I.
81.6427 85.9118 16.0013 10.368 For
101.734 85.9118 23.639 10.368 these
129.382 85.9118 63.8669 10.368 infringements
197.35 85.9118 14.0774 10.368 the
215.459 85.9118 34.4678 10.368 amount
254.016 85.9118 9.59616 10.368 of
267.691 85.9118 22.3949 10.368 fines
294.141 85.9118 7.68384 10.368 is
305.891 85.9118 42.2323 10.368 proposed
352.201 85.9118 8.96256 10.368 to
365.15 85.9118 10.8749 10.368 be
380.08 85.9118 8.31744 10.368 at
392.429 85.9118 21.0816 10.368 least
417.566 85.9118 23.0746 10.368 EUR
444.73 85.9118 5.76 10.368 5
454.557 85.9118 17.28 10.368 000
475.903 85.9118 16.5542 10.368 and
496.524 85.9118 14.7226 10.368 not
515.29 85.9118 8.96256 10.368 to

70.86 99.1118 31.9334 10.368 exceed
105.673 99.1118 23.04 10.368 EUR
131.513 99.1118 11.52 10.368 10
145.913 99.1118 20.16 10.368 000.

70.86 118.372 31.9603 10.368 Article
107.935 118.372 24.8947 10.368 1(21)
137.979 118.372 35.1014 10.368 amends
178.23 118.372 14.0774 10.368 the
197.423 118.372 30.7123 10.368 Annex
233.296 118.372 3.83616 10.368 I
242.281 118.372 8.88192 10.368 to
256.313 118.372 14.0774 10.368 the
275.505 118.372 50.4806 10.368 Regulation
331.112 118.372 11.52 10.368 by
347.828 118.372 40.1933 10.368 inserting
393.17 118.372 8.96256 10.368 to
407.259 118.372 14.0774 10.368 the
426.452 118.372 14.0429 10.368 list
445.644 118.372 9.59616 10.368 of
460.39 118.372 63.8669 10.368 infringements

70.86 131.572 44.7206 10.368 contained
121.076 131.572 31.9565 10.368 therein
158.504 131.572 63.8323 10.368 infringements
227.866 131.572 65.952 10.368 corresponding
299.313 131.572 8.88192 10.368 to
313.702 131.572 14.0774 10.368 the
333.251 131.572 19.1923 10.368 new
357.961 131.572 33.8573 10.368 general
397.302 131.572 59.9846 10.368 requirements
462.816 131.572 13.4323 10.368 for
481.767 131.572 14.1005 10.368 the
501.362 131.572 23.0285 10.368 trade

70.86 144.792 53.7178 10.368 repositories
128.091 144.792 44.7898 10.368 enshrined
176.441 144.792 8.96256 10.368 in
188.848 144.792 19.1923 10.368 new
211.634 144.792 45.9072 10.368 paragraph
261.136 144.792 5.76 10.368 9
270.421 144.792 9.59616 10.368 of
283.611 144.792 28.6848 10.368 EMIR
315.879 144.792 31.9334 10.368 Article
351.384 144.792 11.52 10.368 78
366.429 144.792 16.6349 10.368 and
386.635 144.792 14.0774 10.368 the
404.203 144.792 59.5 10.368 infringement
467.251 144.792 44.7206 10.368 contained
515.543 144.792 8.96256 10.368 in

70.86 158.052 31.9334 10.368 Article
106.664 158.052 24.9523 10.368 55(4)
135.51 158.052 24.9523 10.368 when
164.356 158.052 5.11488 10.368 a
173.342 158.052 23.0285 10.368 trade
200.218 158.052 46.679 10.368 repository
250.779 158.052 21.1162 10.368 does
275.789 158.052 14.7226 10.368 not
294.383 158.052 27.4752 10.368 notify
325.809 158.052 31.9334 10.368 ESMA
361.671 158.052 8.88192 10.368 in
374.447 158.052 16.6349 10.368 due
394.952 158.052 20.4134 10.368 time
419.236 158.052 9.64224 10.368 of
432.772 158.052 37.6704 10.368 material
474.336 158.052 37.0598 10.368 changes
515.302 158.052 8.96256 10.368 to

70.86 171.252 14.0774 10.368 the
87.7829 171.252 43.4419 10.368 condition
134.105 171.252 9.59616 10.368 of
146.581 171.252 10.8403 10.368 its
160.301 171.252 26.807 10.368 initial
190.011 171.252 55.2614 10.368 registration.

70.86 190.632 65.1341 10.368 Amendments
140.026 190.632 9.59616 10.368 to
153.631 190.632 15.3562 10.368 the
172.996 190.632 65.7331 10.368 requirements
242.704 190.632 14.6534 10.368 for
261.355 190.632 21.7613 10.368 data
287.148 190.632 54.8928 10.368 availability
346.05 190.632 9.60768 10.368 in
359.655 190.632 26.231 10.368 trade
389.883 190.632 57.4157 10.368 repositories
451.308 190.632 35.136 10.368 (EMIR
490.418 190.632 33.9034 10.368 Article

70.86 203.832 17.28 10.368 76a
91.02 203.832 18.5242 10.368 and
112.424 203.832 15.372 10.368 81)

70.86 222.912 31.9334 10.368 Article
107.206 222.912 24.9523 10.368 1(15)
136.593 222.912 30.0442 10.368 inserts
171.084 222.912 5.11488 10.368 a
180.611 222.912 19.1923 10.368 new
204.239 222.912 31.9334 10.368 Article
240.584 222.912 16.6349 10.368 76a
261.631 222.912 8.96256 10.368 in
274.994 222.912 31.68 10.368 EMIR.
311.098 222.912 51.7594 10.368 Authorities
367.304 222.912 8.96256 10.368 in
380.667 222.912 21.7152 10.368 third
406.818 222.912 42.1978 10.368 countries
453.428 222.912 17.2454 10.368 that
475.074 222.912 21.7843 10.368 have
501.27 222.912 23.0285 10.368 trade

70.86 236.172 53.7178 10.368 repositories
131.386 236.172 14.0659 10.368 are
152.318 236.172 34.5024 10.368 granted
193.709 236.172 26.185 10.368 direct
226.76 236.172 29.4106 10.368 access
263.083 236.172 8.96256 10.368 to
278.911 236.172 14.0774 10.368 the
299.843 236.172 19.1002 10.368 data
325.821 236.172 19.8029 10.368 held
352.512 236.172 8.96256 10.368 in
368.387 236.172 28.8 10.368 Union
404.076 236.172 22.9363 10.368 trade
433.89 236.172 55.6301 10.368 depositories
496.397 236.172 7.03872 10.368 if
510.302 236.172 14.0774 10.368 the

70.86 249.372 58.153 10.368 Commission
133.736 249.372 15.3562 10.368 has
153.827 249.372 36.3571 10.368 adopted
194.9 249.372 10.8749 10.368 an
210.487 249.372 63.8669 10.368 implementing
279.054 249.372 13.4323 10.368 act
297.152 249.372 42.7507 10.368 declaring
344.602 249.372 17.2454 10.368 that
366.548 249.372 8.96256 10.368 in
380.211 249.372 14.0774 10.368 the
398.977 249.372 21.7152 10.368 third
425.369 249.372 35.1014 10.368 country
465.24 249.372 14.0774 10.368 the
483.948 249.372 12.7872 10.368 (a)
501.459 249.372 23.0285 10.368 trade

70.86 262.632 53.7178 10.368 repositories
128.875 262.632 14.0659 10.368 are
147.226 262.632 20.4826 10.368 duly
172.04 262.632 50.8378 10.368 authorised,
227.175 262.632 13.4323 10.368 (b)
244.858 262.632 40.2163 10.368 effective
289.371 262.632 53.1187 10.368 supervision
346.776 262.632 16.6349 10.368 and
367.707 262.632 57.4963 10.368 enforcement
429.489 262.632 9.59616 10.368 of
443.394 262.632 23.0285 10.368 trade
470.685 262.632 53.7408 10.368 repositories

70.86 275.832 23.639 10.368 takes
100.248 275.832 24.2726 10.368 place
130.303 275.832 11.52 10.368 on
147.572 275.832 10.8749 10.368 an
164.184 275.832 37.7626 10.368 ongoing
207.672 275.832 26.2426 10.368 basis;
239.64 275.832 12.7872 10.368 (c)
258.164 275.832 49.2134 10.368 guarantees
313.114 275.832 9.59616 10.368 of
328.459 275.832 56.2522 10.368 professional
390.425 275.832 34.5024 10.368 secrecy
430.676 275.832 24.6067 10.368 exist,
461.031 275.832 43.6691 10.368 including
510.448 275.832 14.0774 10.368 the

70.86 289.032 46.6214 10.368 protection
121.974 289.032 9.59616 10.368 of
136.063 289.032 39.0413 10.368 business
179.551 289.032 31.2422 10.368 secrets
215.298 289.032 30.0672 10.368 shared
249.789 289.032 20.4826 10.368 with
274.741 289.032 21.7152 10.368 third
300.949 289.032 30.6547 10.368 parties
336.096 289.032 11.52 10.368 by
352.155 289.032 14.0774 10.368 the
370.633 289.032 51.4022 10.368 authorities,
426.54 289.032 16.6349 10.368 and
447.645 289.032 19.8029 10.368 they
471.986 289.032 14.0659 10.368 are
490.464 289.032 8.31744 10.368 at
503.24 289.032 21.0816 10.368 least

70.86 302.292 47.9232 10.368 equivalent
121.629 302.292 8.96256 10.368 to
133.471 302.292 24.2726 10.368 those
160.624 302.292 12.7987 10.368 set
176.303 302.292 14.7226 10.368 out
193.871 302.292 8.96256 10.368 in
205.713 302.292 16.6003 10.368 this
225.193 302.292 53.6832 10.368 Regulation;
281.711 302.292 16.6349 10.368 and
301.225 302.292 13.4323 10.368 (d)
317.538 302.292 17.2339 10.368 that
337.652 302.292 22.9824 10.368 trade
363.514 302.292 53.6717 10.368 repositories
420.066 302.292 47.8771 10.368 authorised
470.823 302.292 8.96256 10.368 in
482.665 302.292 17.2339 10.368 that
502.745 302.292 21.7152 10.368 third

70.86 315.492 35.1014 10.368 country
109.901 315.492 14.0659 10.368 are
127.769 315.492 32.6362 10.368 subject
164.241 315.492 8.96256 10.368 to
177.074 315.492 5.11488 10.368 a
186.06 315.492 31.2883 10.368 legally
221.265 315.492 35.1014 10.368 binding
260.26 315.492 16.6349 10.368 and
280.766 315.492 53.7248 10.368 enforceable
338.35 315.492 46.6445 10.368 obligation
388.865 315.492 8.96256 10.368 to
401.698 315.492 19.8374 10.368 give
425.395 315.492 26.185 10.368 direct
455.451 315.492 16.6349 10.368 and
475.956 315.492 48.5107 10.368 immediate

70.86 328.752 29.376 10.368 access
104.383 328.752 8.96256 10.368 to
117.447 328.752 14.0774 10.368 the
135.556 328.752 19.1578 10.368 data
158.827 328.752 8.96256 10.368 to
171.89 328.752 14.0774 10.368 the
190 328.752 37.0598 10.368 relevant
231.149 328.752 28.7424 10.368 Union
264.016 328.752 51.4022 10.368 authorities.
319.565 328.752 31.8758 10.368 Article
355.554 328.752 24.9523 10.368 1(17)
384.642 328.752 47.8771 10.368 introduces
436.655 328.752 5.11488 10.368 a
445.882 328.752 32.6246 10.368 change
482.527 328.752 8.96256 10.368 to
495.591 328.752 28.8 10.368 EMIR

70.86 341.952 31.9334 10.368 Article
107.862 341.952 11.52 10.368 81
124.474 341.952 44.0986 10.368 regarding
173.664 341.952 14.0774 10.368 the
192.799 341.952 14.0429 10.368 list
211.922 341.952 9.59616 10.368 of
226.61 341.952 33.2698 10.368 entities
264.984 341.952 8.96256 10.368 to
279.015 341.952 28.1549 10.368 which
312.239 341.952 23.0285 10.368 trade
340.313 341.952 53.7178 10.368 repositories
399.099 341.952 21.7498 10.368 have
425.906 341.952 8.9856 10.368 to
439.984 341.952 24.8717 10.368 make
469.97 341.952 54.2938 10.368 information

70.86 355.152 41.495 10.368 available
115.373 355.152 8.96256 10.368 to
127.366 355.152 30.0522 10.368 enable
160.448 355.152 23.0054 10.368 them
186.483 355.152 8.96256 10.368 to
198.475 355.152 23.0054 10.368 fulfil
224.51 355.152 21.0816 10.368 their
248.622 355.152 46.656 10.368 respective
298.296 355.152 69.5808 10.368 responsibilities
370.941 355.152 16.6349 10.368 and
390.606 355.152 46.2528 10.368 mandates.
439.911 355.152 27.5098 10.368 These
470.382 355.152 37.0253 10.368 changes
510.448 355.152 14.0659 10.368 are

70.86 368.412 44.6861 10.368 necessary
119.313 368.412 8.96256 10.368 to
131.962 368.412 36.4723 10.368 respond
172.144 368.412 8.96256 10.368 to
184.85 368.412 13.9968 10.368 the
202.603 368.412 77.2416 10.368 recommendation
283.588 368.412 44.0525 10.368 presented
331.396 368.412 8.96256 10.368 in
344.103 368.412 14.0774 10.368 the
361.855 368.412 20.4941 10.368 FSB
386.139 368.412 39.5251 10.368 thematic
429.397 368.412 19.8259 10.368 peer
452.967 368.412 31.2422 10.368 review
487.999 368.412 9.59616 10.368 of
501.305 368.412 23.04 10.368 OTC

70.86 381.612 45.9763 10.368 derivative
121.433 381.612 23.063 10.368 trade
149.069 381.612 42.1747 10.368 reporting
195.852 381.612 8.96256 10.368 in
209.4 381.612 48.6259 10.368 November
262.61 381.612 23.04 10.368 2015
290.258 381.612 17.2454 10.368 that
312.089 381.612 11.4854 10.368 all
328.205 381.612 56.8742 10.368 jurisdictions
389.688 381.612 33.6038 10.368 should,
427.83 381.612 11.52 10.368 by
444.22 381.612 21.1162 10.368 June
469.944 381.612 22.9824 10.368 2018
497.535 381.612 8.31744 10.368 at
510.425 381.612 14.0774 10.368 the

70.86 394.872 27.1296 10.368 latest,
101.872 394.872 21.7498 10.368 have
127.538 394.872 5.11488 10.368 a
136.524 394.872 22.3603 10.368 legal
162.744 394.872 50.5498 10.368 framework
217.21 394.872 8.96256 10.368 to
230.043 394.872 29.952 10.368 permit
263.866 394.872 29.376 10.368 access
297.147 394.872 11.52 10.368 by
312.607 394.872 20.4826 10.368 both
336.96 394.872 41.472 10.368 domestic
382.303 394.872 16.6349 10.368 and
402.809 394.872 33.2698 10.368 foreign
439.938 394.872 48.5222 10.368 authorities
492.365 394.872 8.96256 10.368 to
505.199 394.872 19.1578 10.368 data

70.86 408.072 19.8029 10.368 held
94.3723 408.072 8.96256 10.368 in
107.021 408.072 5.11488 10.368 a
115.834 408.072 41.4144 10.368 domestic
160.946 408.072 17.6026 10.368 TR.
182.293 408.072 11.52 10.368 At
197.522 408.072 14.0774 10.368 the
215.275 408.072 23.593 10.368 same
242.566 408.072 23.2934 10.368 time,
269.557 408.072 6.40512 10.368 it
279.625 408.072 7.68384 10.368 is
291.019 408.072 8.96256 10.368 in
303.668 408.072 14.0774 10.368 the
321.42 408.072 22.3488 10.368 clear
347.455 408.072 33.8688 10.368 interest
384.999 408.072 9.59616 10.368 of
398.247 408.072 28.7424 10.368 Union
430.699 408.072 28.7539 10.368 public
463.151 408.072 48.5222 10.368 authorities
515.405 408.072 8.96256 10.368 to

70.86 421.292 21.7498 10.368 have
95.9851 421.292 29.376 10.368 access
128.794 421.292 8.88192 10.368 to
141.086 421.292 19.1578 10.368 data
163.642 421.292 19.8029 10.368 held
186.855 421.292 11.52 10.368 by
201.831 421.292 21.7152 10.368 third
226.956 421.292 35.113 10.368 country
265.64 421.292 19.1232 10.368 TRs
288.185 421.292 8.96256 10.368 in
300.534 421.292 24.2496 10.368 order
328.182 421.292 8.96256 10.368 to
340.532 421.292 21.7498 10.368 have
365.657 421.292 5.11488 10.368 a
374.17 421.292 16.0013 10.368 full
393.535 421.292 31.9565 10.368 picture
428.867 421.292 9.59616 10.368 of
441.873 421.292 28.7654 10.368 global
474.025 421.292 50.4 10.368 derivatives

70.86 434.552 39.2256 10.368 markets.
112.966 434.552 17.9136 10.368 The
133.794 434.552 32.6246 10.368 change
169.252 434.552 7.68384 10.368 is
179.816 434.552 36.9677 10.368 targeted
219.664 434.552 16.6349 10.368 and
239.179 434.552 32.4749 10.368 limited
274.534 434.552 8.96256 10.368 to
286.376 434.552 31.968 10.368 mutual
321.19 434.552 29.376 10.368 access
353.446 434.552 8.96256 10.368 to
365.231 434.552 19.1578 10.368 data
387.268 434.552 13.4323 10.368 for
403.581 434.552 28.7078 10.368 public
435.134 434.552 51.4022 10.368 authorities.

70.86 453.752 24.3302 10.368 Point
98.0702 453.752 13.4323 10.368 (b)
114.383 453.752 9.59616 10.368 of
126.859 453.752 31.9219 10.368 Article
161.661 453.752 24.9523 10.368 1(17)
189.493 453.752 47.9347 10.368 introduces
240.308 453.752 5.11488 10.368 a
248.303 453.752 19.1578 10.368 new
270.34 453.752 55.561 10.368 requirement
328.781 453.752 11.52 10.368 on
343.181 453.752 19.2038 10.368 TRs
365.265 453.752 8.96256 10.368 to
377.108 453.752 35.1936 10.368 provide
415.147 453.752 29.4106 10.368 access
447.46 453.752 8.96256 10.368 to
459.303 453.752 65.1341 10.368 counterparties

70.86 467.012 16.6349 10.368 and
90.36 467.012 26.1965 10.368 CCPs
119.436 467.012 28.1088 10.368 which
150.425 467.012 21.7498 10.368 have
175.009 467.012 44.0525 10.368 delegated
221.941 467.012 21.047 10.368 their
245.868 467.012 42.1862 10.368 reporting
290.935 467.012 51.1258 10.368 obligations
344.94 467.012 8.96256 10.368 to
356.783 467.012 14.0314 10.368 the
373.694 467.012 19.1347 10.368 data
395.709 467.012 38.3386 10.368 reported
436.928 467.012 11.52 10.368 on
451.328 467.012 21.047 10.368 their
475.255 467.012 31.5533 10.368 behalf.

70.86 486.212 24.3302 10.368 Point
100.132 486.212 12.7872 10.368 (c)
117.885 486.212 9.59616 10.368 of
132.457 486.212 31.9334 10.368 Article
169.344 486.212 24.9523 10.368 1(17)
199.273 486.212 35.159 10.368 extends
239.409 486.212 14.0774 10.368 the
258.417 486.212 38.8915 10.368 mandate
302.366 486.212 25.5629 10.368 given
332.894 486.212 8.96256 10.368 to
346.799 486.212 32.0026 10.368 ESMA
383.789 486.212 26.1504 10.368 under
414.916 486.212 28.8 10.368 EMIR
448.681 486.212 31.8758 10.368 Article
485.511 486.212 24.9523 10.368 81(5)
515.44 486.212 8.96256 10.368 to

70.86 499.412 36.4147 10.368 develop
111.399 499.412 21.6806 10.368 draft
137.181 499.412 47.3011 10.368 regulatory
188.583 499.412 41.5181 10.368 technical
234.168 499.412 43.5456 10.368 standards
281.849 499.412 8.96256 10.368 to
294.912 499.412 33.1085 10.368 specify
332.203 499.412 16.6349 10.368 and
352.95 499.412 47.831 10.368 harmonise
404.894 499.412 14.0774 10.368 the
423.34 499.412 25.4822 10.368 terms
452.969 499.412 16.6349 10.368 and
473.717 499.412 50.8032 10.368 conditions,

70.86 512.672 64.8576 10.368 arrangements,
139.369 512.672 16.6349 10.368 and
159.633 512.672 68.3366 10.368 documentation
231.622 512.672 11.52 10.368 on
246.84 512.672 14.0774 10.368 the
264.534 512.672 23.04 10.368 basis
291.226 512.672 9.59616 10.368 of
304.532 512.672 28.1549 10.368 which
336.315 512.672 23.0285 10.368 trade
362.95 512.672 53.7178 10.368 repositories
420.296 512.672 14.0659 10.368 are
437.979 512.672 8.96256 10.368 to
450.571 512.672 23.6736 10.368 grant
477.919 512.672 26.185 10.368 direct
507.733 512.672 16.6349 10.368 and

70.86 525.872 48.5107 10.368 immediate
122.216 525.872 29.4106 10.368 access
154.53 525.872 8.96256 10.368 to
166.372 525.872 14.0314 10.368 the
183.284 525.872 33.097 10.368 entities
219.261 525.872 36.4493 10.368 referred
258.59 525.872 8.91648 10.368 to
270.386 525.872 8.96256 10.368 in
282.229 525.872 31.9104 10.368 Article
317.019 525.872 27.8323 10.368 81(3).

70.86 545.252 53.7754 10.368 Evaluation
127.435 545.252 30.0442 10.368 clause
160.359 545.252 35.0899 10.368 (EMIR
198.329 545.252 33.8918 10.368 Article
235.066 545.252 15.2986 10.368 85)

70.86 564.332 31.9334 10.368 Article
106.549 564.332 24.9523 10.368 1(19)
135.28 564.332 47.9462 10.368 introduces
186.982 564.332 5.11488 10.368 a
195.852 564.332 38.9606 10.368 mandate
238.568 564.332 13.508 10.368 for
255.843 564.332 14.0774 10.368 the
273.653 564.332 58.2451 10.368 Commission
335.665 564.332 8.96256 10.368 to
348.372 564.332 38.2925 10.368 evaluate
390.42 564.332 28.8 10.368 EMIR
422.987 564.332 16.6349 10.368 and
443.377 564.332 34.537 10.368 prepare
481.647 564.332 5.11488 10.368 a
490.517 564.332 33.8573 10.368 general

70.86 577.532 27.5098 10.368 report
102.171 577.532 8.96256 10.368 to
114.936 577.532 10.8749 10.368 be
129.681 577.532 45.2966 10.368 submitted
178.872 577.532 14.0774 10.368 the
196.739 577.532 27.5098 10.368 report
228.05 577.532 8.96256 10.368 to
240.815 577.532 14.1005 10.368 the
258.728 577.532 44.0986 10.368 European
306.651 577.532 49.824 10.368 Parliament
360.335 577.532 16.6349 10.368 and
380.783 577.532 14.0774 10.368 the
398.65 577.532 39.3178 10.368 Council,
441.769 577.532 37.7165 10.368 together
483.345 577.532 20.4826 10.368 with
507.629 577.532 16.6349 10.368 any

70.86 590.792 52.416 10.368 appropriate
126.121 590.792 46.9786 10.368 proposals.

28.38 784.188 33.348 22.2 EN

291.62 793.224 12 10.8 18

533.62 784.188 33.348 22.2 EN

326 59.544 51.336 10.8 2017/0090
380.336 59.544 33.24 10.8 (COD)

264.02 91.344 42 10.8 Proposal
309.068 91.344 13.956 10.8 for
325.988 91.344 5.328 10.8 a

86.64 123.264 82.02 10.8 REGULATION
171.66 123.264 16.668 10.8 OF
191.328 123.264 25.308 10.8 THE
219.636 123.264 67.296 10.8 EUROPEAN
289.932 123.264 81.948 10.8 PARLIAMENT
374.94 123.264 25.944 10.8 AND
403.884 123.264 16.668 10.8 OF
423.552 123.264 25.38 10.8 THE
451.932 123.264 56.616 10.8 COUNCIL

98.16 155.084 50.7 10.8 amending
151.86 155.084 56.004 10.8 Regulation
210.816 155.084 24.66 10.8 (EU)
238.476 155.084 14.664 10.8 No
256.14 155.084 45.336 10.8 648/2012
304.476 155.084 10.668 10.8 as
318.144 155.084 39.324 10.8 regards
360.468 155.084 15.996 10.8 the
379.464 155.084 41.328 10.8 clearing
423.792 155.084 54.372 10.8 obligation,
481.164 155.084 15.996 10.8 the

81.18 168.884 55.38 10.8 suspension
139.56 168.884 9.996 10.8 of
152.556 168.884 16.02 10.8 the
171.576 168.884 41.292 10.8 clearing
215.868 168.884 54.348 10.8 obligation,
273.216 168.884 15.996 10.8 the
292.212 168.884 48.66 10.8 reporting
343.872 168.884 71.592 10.8 requirements,
418.464 168.884 16.156 10.8 the
437.56 168.884 76.632 10.8 risk-mitigation

84.06 182.684 54.696 10.8 techniques
141.708 182.684 15.324 10.8 for
160.056 182.684 26.004 10.8 OTC
189.06 182.684 55.992 10.8 derivatives
248.052 182.684 47.304 10.8 contracts
298.38 182.684 16.668 10.8 not
318 182.684 37.368 10.8 cleared
358.368 182.684 12.672 10.8 by
373.956 182.684 6 10.8 a
382.956 182.684 36.012 10.8 central
421.932 182.684 70.308 10.8 counterparty,
495.18 182.684 15.996 10.8 the

91.68 196.484 59.976 10.8 registration
154.656 196.484 19.344 10.8 and
177 196.484 58.704 10.8 supervision
238.704 196.484 9.996 10.8 of
251.664 196.484 27.288 10.8 trade
281.952 196.484 60.024 10.8 repositories
344.976 196.484 19.344 10.8 and
367.32 196.484 15.996 10.8 the
386.28 196.484 68.604 10.8 requirements
457.884 196.484 15.36 10.8 for
476.244 196.484 27.324 10.8 trade

267.68 210.284 60.024 10.8 repositories

232.88 241.964 25.992 10.8 (Text
261.908 241.964 21.336 10.8 with
286.244 241.964 23.28 10.8 EEA
312.524 241.964 49.956 10.8 relevance)

70.86 285.764 23.328 10.8 THE
97.14 285.764 63.996 10.8 EUROPEAN
164.1 285.764 77.364 10.8 PARLIAMENT
244.464 285.764 25.992 10.8 AND
273.408 285.764 23.364 10.8 THE
299.84 285.764 53.28 10.8 COUNCIL
356.168 285.764 15.336 10.8 OF
374.468 285.764 23.328 10.8 THE
400.796 285.764 63.996 10.8 EUROPEAN
467.744 285.764 41.628 10.8 UNION,

70.86 305.564 35.328 10.8 Having
111.288 305.564 30.624 10.8 regard
147.024 305.564 9.336 10.8 to
161.472 305.564 14.664 10.8 the
181.248 305.564 31.248 10.8 Treaty
217.596 305.564 12 10.8 on
234.684 305.564 14.664 10.8 the
254.412 305.564 58.008 10.8 Functioning
317.508 305.564 9.996 10.8 of
332.556 305.564 14.664 10.8 the
352.332 305.564 46.008 10.8 European
403.428 305.564 32.94 10.8 Union,
441.456 305.564 17.328 10.8 and
463.884 305.564 9.336 10.8 in
478.272 305.564 46.008 10.8 particular

70.86 319.364 33.312 10.8 Article
107.196 319.364 18 10.8 114
128.196 319.364 36.984 10.8 thereof,

70.86 339.164 35.328 10.8 Having
109.188 339.164 30.672 10.8 regard
142.86 339.164 9.336 10.8 to
155.196 339.164 14.628 10.8 the
172.824 339.164 41.292 10.8 proposal
217.152 339.164 23.292 10.8 from
243.372 339.164 14.664 10.8 the
261.06 339.164 46.008 10.8 European
310.008 339.164 63.612 10.8 Commission,

70.86 358.964 25.284 10.8 After
99.144 358.964 60.684 10.8 transmission
162.828 358.964 9.996 10.8 of
175.824 358.964 14.664 10.8 the
193.452 358.964 22.68 10.8 draft
219.132 358.964 49.332 10.8 legislative
271.464 358.964 13.956 10.8 act
288.444 358.964 9.336 10.8 to
300.744 358.964 14.628 10.8 the
318.5 358.964 38.652 10.8 national
360.176 358.964 58.884 10.8 parliaments,

70.86 378.764 35.328 10.8 Having
109.188 378.764 30.672 10.8 regard
142.86 378.764 9.336 10.8 to
155.196 378.764 14.628 10.8 the
172.824 378.764 36.672 10.8 opinion
212.496 378.764 9.996 10.8 of
225.456 378.764 14.664 10.8 the
243.084 378.764 46.008 10.8 European
292.092 378.764 35.304 10.8 Central
330.396 378.764 25.332 10.8 Bank
355.76 375.99 8.01 7.182 18
363.8 378.764 3 10.8 ,

70.86 398.564 35.328 10.8 Having
109.188 398.564 30.672 10.8 regard
142.86 398.564 9.336 10.8 to
155.196 398.564 14.628 10.8 the
172.824 398.564 36.672 10.8 opinion
212.496 398.564 9.996 10.8 of
225.456 398.564 14.664 10.8 the
243.084 398.564 46.008 10.8 European
292.092 398.564 48.504 10.8 Economic
343.62 398.564 17.328 10.8 and
363.948 398.564 30.036 10.8 Social
396.984 398.564 53.268 10.8 Committee
450.34 395.79 8.01 7.182 19
458.38 398.564 3 10.8 ,

70.86 418.384 32.688 10.8 Acting
106.548 418.384 9.336 10.8 in
118.884 418.384 53.916 10.8 accordance
175.824 418.384 21.276 10.8 with
200.1 418.384 14.7 10.8 the
217.8 418.384 40.596 10.8 ordinary
261.396 418.384 49.296 10.8 legislative
313.692 418.384 47.964 10.8 procedure
361.76 415.61 8.01 7.182 20
369.82 418.384 3 10.8 ,

70.86 438.184 45.312 10.8 Whereas:

70.86 457.984 13.992 10.8 (1)

106.32 457.984 52.704 10.8 Regulation
163.356 457.984 23.94 10.8 (EU)
191.664 457.984 14.664 10.8 No
210.672 457.984 45.404 10.8 648/2012
260.468 457.984 9.996 10.8 of
274.796 457.984 14.664 10.8 the
293.804 457.984 46.008 10.8 European
344.18 457.984 51.852 10.8 Parliament
400.424 457.984 17.328 10.8 and
422.132 457.984 9.996 10.8 of
436.46 457.984 14.664 10.8 the
455.516 457.984 37.944 10.8 Council
493.6 455.21 8.01 7.182 21
506.02 457.984 18.588 10.8 was

106.32 471.784 46.704 10.8 published
157.416 471.784 9.336 10.8 in
171.144 471.784 14.664 10.8 the
190.26 471.784 37.284 10.8 Official
231.936 471.784 35.304 10.8 Journal
271.692 471.784 9.996 10.8 of
286.08 471.784 14.664 10.8 the
305.196 471.784 45.9 10.8 European
355.524 471.784 30 10.8 Union
389.952 471.784 23.94 10.8 (EU)
418.32 471.784 12 10.8 on
434.748 471.784 12 10.8 27
451.176 471.784 19.956 10.8 July
475.584 471.784 27 10.8 2012,
507.012 471.784 17.28 10.8 and

106.32 485.584 35.34 10.8 entered
146.196 485.584 18.708 10.8 into
169.392 485.584 24.648 10.8 force
198.6 485.584 12 10.8 on
215.148 485.584 12.048 10.8 16
231.744 485.584 34.668 10.8 August
270.972 485.584 27.048 10.8 2012.
302.568 485.584 18.66 10.8 The
325.776 485.584 62.652 10.8 requirements
392.988 485.584 6.672 10.8 it
404.244 485.584 42.984 10.8 contains,
451.788 485.584 35.268 10.8 namely
491.604 485.584 32.688 10.8 central

106.32 499.384 38.676 10.8 clearing
154.116 499.384 9.996 10.8 of
173.184 499.384 59.988 10.8 standardised
242.268 499.384 40.076 10.8 over-the
291.44 499.384 36.012 10.8 counter
336.524 499.384 31.896 10.8 (OTC)
377.552 499.384 48.072 10.8 derivative
434.744 499.384 46.584 10.8 contracts;
490.46 499.384 33.924 10.8 margin

106.32 513.184 65.94 10.8 requirements;
177.144 513.184 53.94 10.8 operational
235.956 513.184 18.036 10.8 risk
258.852 513.184 49.272 10.8 mitigation
312.996 513.184 62.544 10.8 requirements
380.4 513.184 13.992 10.8 for
399.276 513.184 24 10.8 OTC
428.064 513.184 48.072 10.8 derivative
480.996 513.184 43.284 10.8 contracts

106.32 526.984 18.024 10.8 that
133.716 526.984 14.604 10.8 are
157.692 526.984 15.276 10.8 not
182.34 526.984 41.988 10.8 centrally
233.628 526.984 38.004 10.8 cleared;
281.004 526.984 43.992 10.8 reporting
334.332 526.984 53.364 10.8 obligations
397.056 526.984 13.992 10.8 for
420.384 526.984 47.964 10.8 derivative
477.648 526.984 46.656 10.8 contracts;

106.32 540.784 62.604 10.8 requirements
172.464 540.784 13.992 10.8 for
189.972 540.784 32.604 10.8 central
226.068 540.784 67.932 10.8 counterparties
297.48 540.784 35.304 10.8 (CCPs)
336.348 540.784 17.432 10.8 and
357.308 540.784 62.664 10.8 requirements
423.512 540.784 13.992 10.8 for
440.96 540.784 23.976 10.8 trade
468.476 540.784 55.932 10.8 repositories

106.32 554.584 27.996 10.8 (TRs)
138.468 554.584 48.624 10.8 contribute
191.244 554.584 9.336 10.8 to
208.8 554.584 41.976 10.8 reducing
254.904 554.584 14.628 10.8 the
273.672 554.584 41.892 10.8 systemic
319.716 554.584 18.036 10.8 risk
341.832 554.584 12 10.8 by
357.96 554.584 49.308 10.8 increasing
411.396 554.584 14.664 10.8 the
430.152 554.584 61.344 10.8 transparency
495.648 554.584 9.996 10.8 of
509.736 554.584 14.568 10.8 the

106.32 568.324 24 10.8 OTC
134.088 568.324 52.704 10.8 derivatives
190.632 568.324 33.252 10.8 market
227.736 568.324 17.328 10.8 and
248.904 568.324 41.976 10.8 reducing
294.708 568.324 14.664 10.8 the
313.224 568.324 60.684 10.8 counterparty
377.676 568.324 27.3 10.8 credit
408.792 568.324 18.036 10.8 risk
430.668 568.324 17.328 10.8 and
451.836 568.324 14.628 10.8 the
470.304 568.324 53.964 10.8 operational

106.32 582.124 18.036 10.8 risk
127.356 582.124 49.26 10.8 associated
179.616 582.124 21.36 10.8 with
203.976 582.124 23.964 10.8 OTC
230.94 582.124 55.632 10.8 derivatives.

70.86 601.924 13.992 10.8 (2)

106.32 601.924 8.664 10.8 A
120.228 601.924 66.704 10.8 simplification
192.224 601.924 9.996 10.8 of
207.452 601.924 32.688 10.8 certain
245.408 601.924 24.624 10.8 areas
275.264 601.924 37.956 10.8 covered
318.5 601.924 12 10.8 by
335.708 601.924 52.704 10.8 Regulation
393.644 601.924 23.988 10.8 (EU)
422.912 601.924 14.664 10.8 No
442.82 601.924 48.336 10.8 648/2012,
496.448 601.924 17.328 10.8 and
518.996 601.924 5.328 10.8 a

106.32 615.724 24.66 10.8 more
138.588 615.724 64.644 10.8 proportionate
210.852 615.724 43.956 10.8 approach
262.428 615.724 9.336 10.8 to
279.336 615.724 25.296 10.8 those
312.264 615.724 27.624 10.8 areas,
347.46 615.724 8.004 10.8 is
363.108 615.724 9.336 10.8 in
380.016 615.724 18.036 10.8 line
405.612 615.724 21.336 10.8 with
434.58 615.724 14.664 10.8 the
456.816 615.724 67.404 10.8 Commission's

106.32 629.524 53.364 10.8 Regulatory
163.416 629.524 34.032 10.8 Fitness
201.252 629.524 17.328 10.8 and
222.36 629.524 61.224 10.8 Performance
287.496 629.524 41.328 10.8 (REFIT)
332.664 629.524 55.128 10.8 programme
391.632 629.524 29.376 10.8 which
424.848 629.524 54.612 10.8 emphasises
483.264 629.524 14.664 10.8 the
501.732 629.524 22.62 10.8 need

106.32 643.324 13.992 10.8 for
123.888 643.324 19.332 10.8 cost
146.784 643.324 45.312 10.8 reduction
195.648 643.324 17.328 10.8 and
216.68 643.324 66.576 10.8 simplification
286.844 643.324 10.668 10.8 so
301.112 643.324 18 10.8 that
322.7 643.324 29.916 10.8 Union
356.228 643.324 37.32 10.8 policies
397.064 643.324 36.684 10.8 achieve
437.3 643.324 21.936 10.8 their
462.848 643.324 48.66 10.8 objectives
515.036 643.324 9.336 10.8 in

70.86 689.874 6.48 5.832 18

99.24 691.856 11.1322 9.10818 OJ
112.907 691.856 6.68334 9.10818 C
122.025 691.856 19.1983 9.10818 [],
143.689 691.856 19.1282 9.10818 [],
165.322 691.856 7.515 9.10818 p.
175.342 691.856 19.1582 9.10818 [].

70.86 701.414 6.48 5.832 19

99.24 703.396 11.1322 9.10818 OJ
112.907 703.396 6.68334 9.10818 C
122.025 703.396 19.1983 9.10818 [],
143.689 703.396 19.1282 9.10818 [],
165.322 703.396 7.515 9.10818 p.
175.342 703.396 19.1582 9.10818 [].

70.86 712.934 6.48 5.832 20

99.24 715.016 32.7754 9.018 Position
134.52 715.016 8.34666 9.018 of
145.402 715.016 12.1743 9.018 the
160.081 715.016 38.3666 9.018 European
200.903 715.016 43.2864 9.018 Parliament
246.694 715.016 8.37672 9.018 of
257.536 715.016 7.515 9.018 ...
267.556 715.016 14.4088 9.018 (OJ
284.47 715.016 10.8717 9.018 ...)
297.846 715.016 14.4088 9.018 and
314.72 715.016 33.3566 9.018 decision
350.582 715.016 8.34666 9.018 of
361.433 715.016 12.1843 9.018 the
376.153 715.016 31.5931 9.018 Council
410.251 715.016 8.34666 9.018 of
421.092 715.016 7.515 9.018 ...

70.86 724.394 6.48 5.832 21

99.24 726.476 43.9177 9.018 Regulation
146.985 726.476 19.9899 9.018 (EU)
170.783 726.476 12.2444 9.018 No
185.6 726.476 37.7353 9.018 648/2012
227.153 726.476 8.34666 9.018 of
239.327 726.476 12.2444 9.018 the
255.399 726.476 38.2964 9.018 European
297.553 726.476 43.2563 9.018 Parliament
344.637 726.476 14.4288 9.018 and
362.924 726.476 8.34666 9.018 of
375.098 726.476 12.2444 9.018 the
391.11 726.476 31.7333 9.018 Council
426.621 726.476 8.34666 9.018 of
438.775 726.476 5.01 9.018 4
446.44 726.476 16.7234 9.018 July
466.931 726.476 20.04 9.018 2012
490.738 726.476 10.02 9.018 on
504.576 726.476 19.9999 9.018 OTC

99.24 737.996 46.4126 9.018 derivatives,
148.118 737.996 27.1843 9.018 central
177.807 737.996 56.5829 9.018 counterparties
236.895 737.996 14.4689 9.018 and
253.869 737.996 19.9799 9.018 trade
276.354 737.996 46.6531 9.018 repositories
325.512 737.996 14.4088 9.018 (OJ
342.425 737.996 6.12222 9.018 L
351.08 737.996 17.535 9.018 201,
371.14 737.996 42.5048 9.018 27.7.2012,
416.15 737.996 7.515 9.018 p.
426.1 737.996 10.8517 9.018 1).

28.38 784.188 33.348 22.2 EN

291.62 793.224 12 10.8 19

533.62 784.188 33.348 22.2 EN

106.32 59.544 14.664 10.8 the
124.008 59.544 23.244 10.8 most
150.252 59.544 40.044 10.8 efficient
193.32 59.544 22.992 10.8 way,
219.312 59.544 17.268 10.8 and
239.58 59.544 22.596 10.8 aims
265.176 59.544 9.336 10.8 in
277.512 59.544 46.032 10.8 particular
326.544 59.544 8.664 10.8 at
338.172 59.544 41.988 10.8 reducing
383.16 59.544 49.236 10.8 regulatory
435.396 59.544 17.352 10.8 and
455.688 59.544 68.604 10.8 administrative

106.32 73.344 41.016 10.8 burdens.

70.86 93.144 13.992 10.8 (3)

106.32 93.144 41.964 10.8 Efficient
155.916 93.144 17.28 10.8 and
180.804 93.144 38.64 10.8 resilient
226.98 93.144 58.076 10.8 post-trading
292.628 93.144 37.956 10.8 systems
338.204 93.144 17.28 10.8 and
363.092 93.144 44.628 10.8 collateral
415.328 93.144 37.944 10.8 markets
460.832 93.144 14.676 10.8 are
483.068 93.144 41.292 10.8 essential

106.32 106.944 42.644 10.8 elements
152.708 106.944 13.992 10.8 for
170.396 106.944 5.328 10.8 a
179.444 106.944 80.124 10.8 well-functioning
263.276 106.944 34.644 10.8 Capital
301.652 106.944 39.324 10.8 Markets
344.636 106.944 30 10.8 Union
378.344 106.944 17.328 10.8 and
399.392 106.944 20.688 10.8 they
423.788 106.944 34.008 10.8 deepen
461.504 106.944 14.664 10.8 the
479.9 106.944 31.296 10.8 efforts
514.916 106.944 9.336 10.8 to

106.32 120.744 36.024 10.8 support
149.016 120.744 60.264 10.8 investments,
215.94 120.744 33.996 10.8 growth
256.608 120.744 17.328 10.8 and
280.536 120.744 20.004 10.8 jobs
307.224 120.744 9.336 10.8 in
323.232 120.744 18 10.8 line
347.82 120.744 21.336 10.8 with
375.828 120.744 14.664 10.8 the
397.104 120.744 39.324 10.8 political
443.1 120.744 43.296 10.8 priorities
493.056 120.744 9.996 10.8 of
509.664 120.744 14.628 10.8 the

106.32 134.564 63.612 10.8 Commission.

70.86 154.364 13.992 10.8 (4)

106.32 154.364 9.996 10.8 In
122.808 154.364 24 10.8 2015
153.276 154.364 17.328 10.8 and
177.084 154.364 27 10.8 2016,
210.552 154.364 14.664 10.8 the
231.708 154.364 60.684 10.8 Commission
298.86 154.364 33.348 10.8 carried
338.676 154.364 15.276 10.8 out
360.444 154.364 18 10.8 two
384.912 154.364 30.036 10.8 public
421.428 154.364 63.324 10.8 consultations
491.232 154.364 12 10.8 on
509.7 154.364 14.628 10.8 the

106.32 168.164 53.352 10.8 application
164.184 168.164 9.996 10.8 of
178.752 168.164 52.668 10.8 Regulation
236.028 168.164 23.988 10.8 (EU)
264.636 168.164 14.664 10.8 No
282.38 168.164 45.336 10.8 648/2012
332.348 168.164 9.996 10.8 of
346.916 168.164 14.664 10.8 the
366.212 168.164 45.888 10.8 European
416.72 168.164 51.924 10.8 Parliament
473.276 168.164 17.328 10.8 and
495.224 168.164 9.996 10.8 of
509.792 168.164 14.628 10.8 the

106.32 181.964 41.028 10.8 Council.
152.136 181.964 18.588 10.8 The
175.524 181.964 60.648 10.8 Commission
240.96 181.964 19.356 10.8 also
265.056 181.964 40.596 10.8 received
310.44 181.964 24.636 10.8 input
339.888 181.964 11.94 10.8 on
356.616 181.964 14.664 10.8 the
376.092 181.964 53.244 10.8 application
434.148 181.964 9.996 10.8 of
448.836 181.964 18 10.8 that
471.624 181.964 52.668 10.8 Regulation

106.32 195.644 23.364 10.908 from
137.436 195.644 14.664 10.908 the
159.972 195.644 46.008 10.908 European
213.828 195.644 47.292 10.908 Securities
268.944 195.644 17.328 10.908 and
294.072 195.644 39.312 10.908 Markets
341.208 195.644 46.704 10.908 Authority
395.724 195.644 52.308 10.908 (ESMA),
455.88 195.644 14.628 10.908 the
478.368 195.644 45.984 10.908 European

106.32 209.564 43.932 10.8 Systemic
153.804 209.564 22.056 10.8 Risk
179.4 209.564 29.328 10.8 Board
212.268 209.564 46.064 10.8 (ESRB)
261.896 209.444 17.328 10.908 and
282.812 209.444 14.664 10.908 the
301.028 209.444 46.008 10.908 European
350.564 209.444 35.364 10.908 System
389.42 209.444 10.044 10.908 of
402.956 209.444 35.364 10.908 Central
441.872 209.444 30 10.908 Banks
475.4 209.444 49.008 10.908 (ESCB).

106.32 223.364 7.332 10.8 It
118.896 223.364 43.308 10.8 appeared
167.364 223.364 23.364 10.8 from
195.84 223.364 25.332 10.8 those
226.476 223.364 30.036 10.8 public
261.732 223.364 63.324 10.8 consultations
330.276 223.364 18 10.8 that
353.484 223.364 14.664 10.8 the
373.38 223.364 48.636 10.8 objectives
427.236 223.364 9.996 10.8 of
442.404 223.364 52.728 10.8 Regulation
500.328 223.364 23.988 10.8 (EU)

106.32 237.164 14.64 10.8 No
123.98 237.164 45.336 10.8 648/2012
175.448 237.164 23.316 10.8 were
204.896 237.164 47.316 10.8 supported
258.332 237.164 12 10.8 by
276.44 237.164 59.964 10.8 stakeholders
342.476 237.164 17.328 10.8 and
365.924 237.164 18.024 10.8 that
390.08 237.164 11.94 10.8 no
408.188 237.164 27.924 10.8 major
442.244 237.164 41.952 10.8 overhaul
490.34 237.164 9.996 10.8 of
506.408 237.164 17.964 10.8 that

106.32 250.964 52.704 10.8 Regulation
162.756 250.964 18.66 10.8 was
185.184 250.964 49.668 10.8 necessary.
238.62 250.964 14.664 10.8 On
257.028 250.964 12 10.8 23
272.796 250.964 50.708 10.8 November
327.296 250.964 27.048 10.8 2016,
358.112 250.964 14.664 10.8 the
376.568 250.964 60.564 10.8 Commission
440.924 250.964 38.016 10.8 adopted
482.72 250.964 5.328 10.8 a
491.828 250.964 32.616 10.8 review

106.32 264.764 28.68 10.8 report
139.956 264.764 9.336 10.8 in
154.224 264.764 53.964 10.8 accordance
213.132 264.764 21.276 10.8 with
239.4 264.764 33.312 10.8 Article
275.78 264.764 25.932 10.8 85(1)
306.716 264.764 9.996 10.8 of
321.644 264.764 52.62 10.8 Regulation
379.22 264.764 23.916 10.8 (EU)
408.128 264.764 14.664 10.8 No
425.86 264.764 48.336 10.8 648/2012.
479.128 264.764 45.336 10.8 Although

106.32 278.564 15.336 10.8 not
126.348 278.564 12.024 10.8 all
143.004 278.564 14.664 10.8 the
162.3 278.564 50.04 10.8 provisions
216.996 278.564 9.996 10.8 of
231.624 278.564 52.704 10.8 Regulation
288.96 278.564 23.988 10.8 (EU)
317.628 278.564 14.664 10.8 No
336.936 278.564 45.384 10.8 648/2012
387.012 278.564 14.676 10.8 are
406.308 278.564 22.668 10.8 fully
433.656 278.564 49.344 10.8 applicable
487.692 278.564 14.664 10.8 yet
506.988 278.564 17.328 10.8 and

106.32 292.364 43.356 10.8 therefore
153.204 292.364 5.328 10.8 a
162.072 292.364 72.576 10.8 comprehensive
238.176 292.364 49.956 10.8 evaluation
291.66 292.364 9.996 10.8 of
305.148 292.364 18.024 10.8 that
326.724 292.364 52.856 10.8 Regulation
383.096 292.364 8.004 10.8 is
394.664 292.364 15.276 10.8 not
413.492 292.364 14.664 10.8 yet
431.708 292.364 42.336 10.8 possible,
477.596 292.364 14.664 10.8 the
495.812 292.364 28.62 10.8 report

106.32 306.164 45.984 10.8 identified
156.156 306.164 24.6 10.8 areas
184.584 306.164 13.992 10.8 for
202.392 306.164 29.28 10.8 which
235.5 306.164 38.676 10.8 targeted
277.956 306.164 29.304 10.8 action
311.052 306.164 8.004 10.8 is
322.92 306.164 46.608 10.8 necessary
373.296 306.164 9.336 10.8 to
386.484 306.164 31.296 10.8 ensure
421.56 306.164 18.024 10.8 that
443.376 306.164 14.664 10.8 the
461.844 306.164 48.672 10.8 objectives
514.248 306.164 9.996 10.8 of

106.32 319.964 52.704 10.8 Regulation
165.216 319.964 23.988 10.8 (EU)
195.444 319.964 14.664 10.8 No
213.14 319.964 45.336 10.8 648/2012
264.728 319.964 14.676 10.8 are
285.524 319.964 37.356 10.8 reached
329.048 319.964 9.336 10.8 in
344.576 319.964 5.328 10.8 a
356.144 319.964 24.564 10.8 more
386.96 319.964 67.692 10.8 proportionate,
460.832 319.964 39.972 10.8 efficient
507.056 319.964 17.28 10.8 and

106.32 333.764 41.952 10.8 effective
151.296 333.764 38.976 10.8 manner.

70.86 353.564 13.992 10.8 (5)

106.32 353.564 52.704 10.8 Regulation
165.516 353.564 23.988 10.8 (EU)
196.104 353.564 14.664 10.8 No
213.8 353.564 45.336 10.8 648/2012
265.76 353.564 31.956 10.8 should
304.328 353.564 26.652 10.8 cover
337.556 353.564 11.952 10.8 all
356.132 353.564 41.964 10.8 financial
404.648 353.564 67.932 10.8 counterparties
479.18 353.564 17.964 10.8 that
503.756 353.564 20.568 10.8 may

106.32 367.364 34.68 10.8 present
147.984 367.364 17.328 10.8 and
172.272 367.364 46.632 10.8 important
225.936 367.364 41.952 10.8 systemic
274.92 367.364 17.988 10.8 risk
299.916 367.364 13.992 10.8 for
320.904 367.364 14.664 10.8 the
342.6 367.364 41.988 10.8 financial
391.608 367.364 36.228 10.8 system.
434.844 367.364 18.66 10.8 The
460.512 367.364 46.752 10.8 definition
514.296 367.364 9.996 10.8 of

106.32 381.164 42.012 10.8 financial
151.296 381.164 67.956 10.8 counterparties
222.204 381.164 32.028 10.8 should
257.232 381.164 43.26 10.8 therefore
303.492 381.164 11.328 10.8 be
317.82 381.164 46.308 10.8 amended.

70.86 400.964 13.992 10.8 (6)

106.32 400.964 44.688 10.8 Financial
154.896 400.964 67.956 10.8 counterparties
226.692 400.964 21.336 10.8 with
251.94 400.964 5.328 10.8 a
261.168 400.964 35.868 10.8 volume
300.984 400.964 9.996 10.8 of
314.832 400.964 36.072 10.8 activity
354.816 400.964 9.336 10.8 in
368.064 400.964 24 10.8 OTC
395.892 400.964 52.936 10.8 derivatives
452.728 400.964 38.016 10.8 markets
494.584 400.964 18.024 10.8 that
516.46 400.964 8.004 10.8 is

106.32 414.784 15.336 10.8 too
125.688 414.784 18 10.8 low
147.696 414.784 9.336 10.8 to
161.064 414.784 34.62 10.8 present
199.68 414.784 11.328 10.8 an
215.028 414.784 46.584 10.8 important
265.644 414.784 41.904 10.8 systemic
311.58 414.784 18.036 10.8 risk
333.636 414.784 13.992 10.8 for
351.624 414.784 14.664 10.8 the
370.32 414.784 41.94 10.8 financial
416.268 414.784 33.336 10.8 system
453.516 414.784 17.388 10.8 and
474.912 414.784 8.004 10.8 is
486.96 414.784 15.336 10.8 too
506.268 414.784 18 10.8 low

106.32 428.584 13.992 10.8 for
124.608 428.584 32.688 10.8 central
161.604 428.584 38.628 10.8 clearing
204.54 428.584 9.336 10.8 to
218.148 428.584 11.268 10.8 be
233.736 428.584 64.632 10.8 economically
302.7 428.584 29.256 10.8 viable
336.276 428.584 31.956 10.8 should
372.564 428.584 11.328 10.8 be
388.212 428.584 46.548 10.8 exempted
439.068 428.584 23.364 10.8 from
466.644 428.584 14.664 10.8 the
485.64 428.584 38.676 10.8 clearing

106.32 442.324 48.696 10.8 obligation
161.904 442.324 26.664 10.8 while
195.552 442.324 48.612 10.8 remaining
251.136 442.324 34.02 10.8 subject
292.092 442.324 9.336 10.8 to
308.4 442.324 14.664 10.8 the
329.976 442.324 57.912 10.8 requirement
394.86 442.324 9.336 10.8 to
411.108 442.324 45.336 10.8 exchange
463.6 442.324 44.676 10.8 collateral
515.176 442.324 9.336 10.8 to

106.32 456.124 39.3 10.8 mitigate
148.644 456.124 17.328 10.8 any
168.924 456.124 41.952 10.8 systemic
213.9 456.124 21.036 10.8 risk.
237.936 456.124 18.66 10.8 The
259.596 456.124 31.344 10.8 excess
293.964 456.124 9.996 10.8 of
306.96 456.124 14.664 10.8 the
324.624 456.124 38.712 10.8 clearing
366.336 456.124 44.664 10.8 threshold
414 456.124 13.944 10.8 for
430.944 456.124 8.688 10.8 at
442.632 456.124 22.056 10.8 least
467.652 456.124 17.328 10.8 one
487.98 456.124 23.364 10.8 class
514.368 456.124 9.996 10.8 of

106.32 469.924 24 10.8 OTC
137.028 469.924 48.012 10.8 derivative
191.832 469.924 12 10.8 by
210.54 469.924 5.328 10.8 a
222.648 469.924 41.988 10.8 financial
271.416 469.924 60.624 10.8 counterparty
338.772 469.924 31.956 10.8 should
377.52 469.924 41.316 10.8 however
425.628 469.924 31.956 10.8 trigger
464.316 469.924 14.664 10.8 the
485.772 469.924 38.628 10.8 clearing

106.32 483.724 48.696 10.8 obligation
158.544 483.724 13.992 10.8 for
176.052 483.724 12.024 10.8 all
191.568 483.724 33.276 10.8 classes
228.384 483.724 9.996 10.8 of
241.872 483.724 24 10.8 OTC
269.4 483.724 52.704 10.8 derivatives
325.644 483.724 26.568 10.8 given
355.752 483.724 14.664 10.8 the
373.968 483.724 91.48 10.8 interconnectedness
468.988 483.724 9.996 10.8 of
482.476 483.724 42.012 10.8 financial

106.32 497.524 67.92 10.8 counterparties
178.152 497.524 17.328 10.8 and
199.38 497.524 14.664 10.8 the
217.956 497.524 39.372 10.8 possible
261.24 497.524 41.844 10.8 systemic
306.996 497.524 18.036 10.8 risk
328.932 497.524 9.336 10.8 to
342.18 497.524 14.664 10.8 the
360.756 497.524 42.012 10.8 financial
406.62 497.524 33.372 10.8 system
443.796 497.524 18.024 10.8 that
465.732 497.524 20.568 10.8 may
490.248 497.524 22.68 10.8 arise
516.852 497.524 7.332 10.8 if

106.32 511.324 25.332 10.8 those
134.688 511.324 47.976 10.8 derivative
185.664 511.324 43.272 10.8 contracts
231.936 511.324 14.652 10.8 are
249.612 511.324 15.336 10.8 not
267.912 511.324 41.976 10.8 centrally
312.888 511.324 37.548 10.8 cleared.

70.86 531.124 13.992 10.8 (7)

106.32 531.124 66.668 10.8 Non-financial
179.648 531.124 67.956 10.8 counterparties
254.264 531.124 14.652 10.8 are
275.552 531.124 18 10.8 less
300.2 531.124 70.632 10.8 interconnected
377.492 531.124 20.628 10.8 than
404.72 531.124 42.012 10.8 financial
453.404 531.124 70.932 10.8 counterparties.

106.32 544.924 24.66 10.8 They
134.148 544.924 14.676 10.8 are
152.004 544.924 19.4 10.8 also
174.548 544.924 24.648 10.8 often
202.364 544.924 28.656 10.8 active
234.2 544.924 9.336 10.8 in
246.728 544.924 21.336 10.8 only
271.256 544.924 17.268 10.8 one
291.704 544.924 23.352 10.8 class
318.248 544.924 9.996 10.8 of
331.376 544.924 24 10.8 OTC
358.484 544.924 51.012 10.8 derivative.
412.676 544.924 25.992 10.8 Their
441.872 544.924 35.988 10.8 activity
481.028 544.924 43.248 10.8 therefore

106.32 558.724 26.664 10.8 poses
138.396 558.724 17.976 10.8 less
161.712 558.724 9.996 10.8 of
177.06 558.724 5.328 10.8 a
187.788 558.724 42.036 10.8 systemic
235.224 558.724 18 10.8 risk
258.612 558.724 9.336 10.8 to
273.36 558.724 14.628 10.8 the
293.388 558.724 41.964 10.8 financial
340.704 558.724 33.372 10.8 system
379.38 558.724 20.688 10.8 than
405.456 558.724 14.664 10.8 the
425.532 558.724 36 10.8 activity
466.92 558.724 9.996 10.8 of
482.268 558.724 42.012 10.8 financial

106.32 572.524 70.92 10.8 counterparties.
182.052 572.524 18.66 10.8 The
205.5 572.524 27.324 10.8 scope
237.636 572.524 9.996 10.8 of
252.384 572.524 14.664 10.8 the
271.86 572.524 38.712 10.8 clearing
315.384 572.524 48.624 10.8 obligation
368.82 572.524 13.992 10.8 for
387.588 572.524 64.216 10.8 non-financial
456.556 572.524 67.92 10.8 counterparties

106.32 586.324 32.028 10.8 should
141.98 586.324 43.248 10.8 therefore
188.816 586.324 11.328 10.8 be
203.744 586.324 48.228 10.8 narrowed,
255.572 586.324 10.668 10.8 so
269.84 586.324 17.964 10.8 that
291.416 586.324 25.296 10.8 those
320.324 586.324 64.02 10.8 non-financial
387.956 586.324 67.956 10.8 counterparties
459.452 586.324 14.676 10.8 are
477.728 586.324 33.924 10.8 subject
515.204 586.324 9.336 10.8 to

106.32 600.124 14.664 10.8 the
124.896 600.124 38.616 10.8 clearing
167.34 600.124 48.696 10.8 obligation
219.924 600.124 21.276 10.8 only
245.112 600.124 21.336 10.8 with
270.3 600.124 30.636 10.8 regard
304.824 600.124 9.336 10.8 to
318.012 600.124 14.664 10.8 the
336.54 600.124 23.328 10.8 asset
363.768 600.124 23.304 10.8 class
390.924 600.124 9.996 10.8 or
404.772 600.124 23.352 10.8 asset
431.988 600.124 33.324 10.8 classes
469.152 600.124 18.024 10.8 that
491.028 600.124 33.24 10.8 exceed

106.32 613.924 14.664 10.8 the
125.256 613.924 38.652 10.8 clearing
168.12 613.924 47.7 10.8 threshold,
220.056 613.924 26.664 10.8 while
251.004 613.924 42.624 10.8 retaining
297.9 613.924 22.02 10.8 their
324.156 613.924 57.9 10.8 requirement
386.328 613.924 9.336 10.8 to
399.936 613.924 45.336 10.8 exchange
449.532 613.924 44.616 10.8 collateral
498.396 613.924 25.92 10.8 when

106.32 627.724 17.328 10.8 any
126.648 627.724 9.996 10.8 of
139.644 627.724 14.664 10.8 the
157.308 627.724 38.676 10.8 clearing
198.948 627.724 49.272 10.8 thresholds
251.244 627.724 8.004 10.8 is
262.248 627.724 47.592 10.8 exceeded.

70.86 647.524 13.992 10.8 (8)

106.32 647.524 18.66 10.8 The
131.628 647.524 57.84 10.8 requirement
196.14 647.524 9.336 10.8 to
212.148 647.524 23.292 10.8 clear
242.112 647.524 32.628 10.8 certain
281.328 647.524 24 10.8 OTC
311.916 647.524 48.012 10.8 derivative
366.54 647.524 43.284 10.8 contracts
416.508 647.524 49.26 10.8 concluded
472.416 647.524 30.648 10.8 before
509.724 647.524 14.628 10.8 the

106.32 661.324 38.676 10.8 clearing
148.296 661.324 48.624 10.8 obligation
200.172 661.324 24.684 10.8 takes
228.108 661.324 27.252 10.8 effect
258.684 661.324 33.276 10.8 creates
295.26 661.324 23.352 10.8 legal
321.924 661.324 53.904 10.8 uncertainty
379.14 661.324 17.328 10.8 and
399.768 661.324 53.952 10.8 operational
456.984 661.324 67.224 10.8 complications

106.32 675.124 13.992 10.8 for
124.248 675.124 33.984 10.8 limited
162.192 675.124 41.016 10.8 benefits.
207.168 675.124 9.996 10.8 In
221.076 675.124 49.008 10.8 particular,
274.032 675.124 14.756 10.8 the
292.748 675.124 57.996 10.8 requirement
354.692 675.124 33.312 10.8 creates
391.976 675.124 47.952 10.8 additional
443.9 675.124 23.952 10.8 costs
471.836 675.124 17.328 10.8 and
493.124 675.124 31.296 10.8 efforts

106.32 688.924 13.992 10.8 for
123.648 688.924 14.664 10.8 the
141.684 688.924 67.956 10.8 counterparties
213 688.924 9.336 10.8 to
225.648 688.924 25.332 10.8 those
254.364 688.924 43.284 10.8 contracts
301.008 688.924 17.328 10.8 and
321.696 688.924 20.568 10.8 may
345.624 688.924 19.356 10.8 also
368.34 688.924 27.252 10.8 affect
398.976 688.924 14.628 10.8 the
416.964 688.924 35.256 10.8 smooth
455.592 688.924 55.332 10.8 functioning
514.296 688.924 9.936 10.8 of

106.32 702.744 14.664 10.8 the
124.356 702.744 33.252 10.8 market
160.98 702.744 36.672 10.8 without
201.036 702.744 41.964 10.8 resulting
246.312 702.744 9.336 10.8 in
259.02 702.744 5.328 10.8 a
267.708 702.744 50.604 10.8 significant
321.624 702.744 63.9 10.8 improvement
388.896 702.744 9.996 10.8 of
402.264 702.744 14.664 10.8 the
420.3 702.744 38.664 10.8 uniform
462.288 702.744 17.328 10.8 and
482.976 702.744 41.304 10.8 coherent

106.32 716.544 53.376 10.8 application
162.924 716.544 9.996 10.8 of
176.232 716.544 52.668 10.8 Regulation
232.248 716.544 23.988 10.8 (EU)
259.7 716.544 14.64 10.8 No
277.34 716.544 45.276 10.8 648/2012
325.988 716.544 9.996 10.8 or
339.236 716.544 9.996 10.8 of
352.544 716.544 14.664 10.8 the
370.58 716.544 65.844 10.8 establishment
439.796 716.544 9.996 10.8 of
453.104 716.544 5.328 10.8 a
461.792 716.544 23.304 10.8 level
488.468 716.544 35.928 10.8 playing

106.32 730.344 21.996 10.8 field
131.316 730.344 13.992 10.8 for
148.308 730.344 33.324 10.8 market
184.656 730.344 58.944 10.8 participants.
246.6 730.344 21.996 10.8 That
271.584 730.344 57.9 10.8 requirement
332.508 730.344 32.028 10.8 should
367.536 730.344 43.308 10.8 therefore
413.844 730.344 11.328 10.8 be
428.172 730.344 44.94 10.8 removed.

28.38 784.188 33.348 22.2 EN

291.62 793.224 12 10.8 20

533.62 784.188 33.348 22.2 EN

70.86 59.544 13.992 10.8 (9)

106.32 59.544 70.644 10.8 Counterparties
180.816 59.544 21.336 10.8 with
206.004 59.544 5.328 10.8 a
215.172 59.544 33.936 10.8 limited
252.948 59.544 35.928 10.8 volume
292.764 59.544 9.996 10.8 of
306.612 59.544 36.036 10.8 activity
346.488 59.544 9.336 10.8 in
359.676 59.544 14.664 10.8 the
378.192 59.544 24 10.8 OTC
405.96 59.544 52.632 10.8 derivatives
462.492 59.544 37.944 10.8 markets
504.276 59.544 19.98 10.8 face

106.32 73.344 52.008 10.8 difficulties
163.524 73.344 9.336 10.8 in
178.032 73.344 46.032 10.8 accessing
229.236 73.344 32.688 10.8 central
267.132 73.344 41.816 10.8 clearing,
314.156 73.344 11.328 10.8 be
330.704 73.344 6.672 10.8 it
342.572 73.344 9.996 10.8 as
357.8 73.344 5.328 10.8 a
368.348 73.344 26.652 10.8 client
400.232 73.344 9.996 10.8 of
415.4 73.344 5.328 10.8 a
425.948 73.344 38.676 10.8 clearing
469.892 73.344 39.192 10.8 member
514.376 73.344 9.996 10.8 or

106.32 87.144 37.368 10.8 through
149.796 87.144 36.66 10.8 indirect
192.612 87.144 38.556 10.8 clearing
237.336 87.144 67.668 10.8 arrangements.
311.172 87.144 18.66 10.8 The
335.94 87.144 57.912 10.8 requirement
399.984 87.144 13.992 10.8 for
420.132 87.144 38.676 10.8 clearing
464.928 87.144 43.884 10.8 members
514.992 87.144 9.336 10.8 to

106.32 100.944 41.976 10.8 facilitate
153.216 100.944 36.66 10.8 indirect
194.772 100.944 38.58 10.8 clearing
238.248 100.944 38.652 10.8 services
281.772 100.944 12 10.8 on
298.68 100.944 51.252 10.8 reasonable
354.864 100.944 56.58 10.8 commercial
416.316 100.944 26.616 10.8 terms
447.852 100.944 8.004 10.8 is
460.74 100.944 43.356 10.8 therefore
508.944 100.944 15.276 10.8 not

106.32 114.744 42.972 10.8 efficient.
154.824 114.744 41.304 10.8 Clearing
201.66 114.744 43.956 10.8 members
251.136 114.744 17.328 10.8 and
273.984 114.744 31.296 10.8 clients
310.94 114.744 9.996 10.8 of
326.408 114.744 38.676 10.8 clearing
370.604 114.744 43.92 10.8 members
420.056 114.744 18.024 10.8 that
443.612 114.744 36.6 10.8 provide
485.72 114.744 38.652 10.8 clearing

106.32 128.544 38.688 10.8 services
148.956 128.544 36.648 10.8 directly
189.552 128.544 9.336 10.8 to
202.86 128.544 24.624 10.8 other
231.396 128.544 67.98 10.8 counterparties
303.348 128.544 9.996 10.8 or
317.316 128.544 45.972 10.8 indirectly
367.26 128.544 12 10.8 by
383.208 128.544 41.94 10.8 allowing
429.096 128.544 22.02 10.8 their
455.1 128.544 20.604 10.8 own
479.628 128.544 31.38 10.8 clients
514.932 128.544 9.336 10.8 to

106.32 142.364 36.696 10.8 provide
146.136 142.364 25.248 10.8 those
174.504 142.364 38.652 10.8 services
216.288 142.364 9.336 10.8 to
228.696 142.364 24.684 10.8 other
256.512 142.364 67.932 10.8 counterparties
327.54 142.364 31.956 10.8 should
362.628 142.364 43.236 10.8 therefore
408.984 142.364 11.328 10.8 be
423.432 142.364 45.276 10.8 explicitly
471.84 142.364 39.996 10.8 required
514.884 142.364 9.336 10.8 to

106.32 156.164 12 10.8 do
121.32 156.164 10.668 10.8 so
134.988 156.164 27.324 10.8 under
165.288 156.164 19.656 10.8 fair,
187.944 156.164 51.276 10.8 reasonable
242.244 156.164 17.328 10.8 and
262.572 156.164 92.012 10.8 non-discriminatory
357.584 156.164 56.58 10.8 commercial
417.188 156.164 29.568 10.8 terms.

70.86 175.964 19.992 10.8 (10)
106.32 175.964 7.332 10.8 It
117.096 175.964 31.956 10.8 should
152.484 175.964 11.328 10.8 be
167.172 175.964 39.372 10.8 possible
209.928 175.964 9.336 10.8 to
222.636 175.964 38.616 10.8 suspend
264.684 175.964 14.664 10.8 the
282.732 175.964 38.628 10.8 clearing
324.768 175.964 48.624 10.8 obligation
376.764 175.964 9.336 10.8 in
389.532 175.964 32.628 10.8 certain
425.568 175.964 48.924 10.8 situations.
477.912 175.964 25.008 10.8 First,
506.34 175.964 17.964 10.8 that

106.32 189.764 52.704 10.8 suspension
162.516 189.764 31.956 10.8 should
197.964 189.764 11.328 10.8 be
212.772 189.764 39.372 10.8 possible
255.636 189.764 29.268 10.8 where
288.324 189.764 14.664 10.8 the
306.48 189.764 34.008 10.8 criteria
343.896 189.764 12 10.8 on
359.364 189.764 14.664 10.8 the
377.52 189.764 24.036 10.8 basis
404.976 189.764 9.996 10.8 of
418.404 189.764 29.328 10.8 which
451.212 189.764 5.328 10.8 a
460.02 189.764 37.416 10.8 specific
500.904 189.764 23.328 10.8 class

106.32 203.564 9.996 10.8 of
119.688 203.564 24 10.8 OTC
147.096 203.564 48.072 10.8 derivative
198.588 203.564 15.948 10.8 has
217.956 203.564 22.656 10.8 been
244.044 203.564 25.896 10.8 made
273.372 203.564 34.22 10.8 subject
310.964 203.564 9.336 10.8 to
323.732 203.564 14.664 10.8 the
341.768 203.564 38.676 10.8 clearing
383.864 203.564 48.624 10.8 obligation
435.92 203.564 14.604 10.8 are
453.956 203.564 11.94 10.8 no
469.304 203.564 30.66 10.8 longer
503.42 203.564 20.964 10.8 met.

106.32 217.364 21.996 10.8 That
134.328 217.364 26.616 10.8 could
166.896 217.364 11.328 10.8 be
184.224 217.364 14.664 10.8 the
204.852 217.364 20.652 10.8 case
231.42 217.364 29.316 10.8 where
266.688 217.364 5.328 10.8 a
278.016 217.364 23.28 10.8 class
307.284 217.364 9.996 10.8 of
323.232 217.364 24 10.8 OTC
353.16 217.364 47.976 10.8 derivative
407.076 217.364 41.916 10.8 becomes
455.004 217.364 49.32 10.8 unsuitable
510.336 217.364 13.992 10.8 for

106.32 231.164 51.264 10.8 mandatory
161.376 231.164 32.688 10.8 central
197.832 231.164 38.568 10.8 clearing
240.168 231.164 9.996 10.8 or
253.956 231.164 29.316 10.8 where
287.004 231.164 24.012 10.8 there
314.808 231.164 15.996 10.8 has
334.596 231.164 22.596 10.8 been
360.984 231.164 5.328 10.8 a
370.092 231.164 39.276 10.8 material
413.136 231.164 33.984 10.8 change
450.852 231.164 9.336 10.8 to
463.92 231.164 17.328 10.8 one
485.028 231.164 9.996 10.8 of
498.756 231.164 25.416 10.8 those

106.32 244.964 34.008 10.8 criteria
143.616 244.964 9.336 10.8 in
156.324 244.964 33.924 10.8 respect
193.56 244.964 9.996 10.8 of
206.868 244.964 5.328 10.8 a
215.556 244.964 45.924 10.8 particular
264.852 244.964 23.304 10.8 class
291.62 244.964 9.996 10.8 of
304.928 244.964 24 10.8 OTC
332.216 244.964 51.036 10.8 derivative.
386.6 244.964 8.664 10.8 A
398.588 244.964 52.644 10.8 suspension
454.604 244.964 9.996 10.8 of
467.852 244.964 14.664 10.8 the
485.84 244.964 38.616 10.8 clearing

106.32 258.764 48.696 10.8 obligation
158.304 258.764 31.956 10.8 should
193.572 258.764 19.356 10.8 also
216.228 258.764 11.268 10.8 be
230.796 258.764 39.336 10.8 possible
273.432 258.764 29.316 10.8 where
306.06 258.764 5.328 10.8 a
314.688 258.764 22.632 10.8 CCP
340.596 258.764 30.672 10.8 ceases
374.532 258.764 9.336 10.8 to
387.18 258.764 23.304 10.8 offer
413.796 258.764 5.328 10.8 a
422.424 258.764 38.652 10.8 clearing
464.328 258.764 34.02 10.8 service
501.624 258.764 13.992 10.8 for
518.892 258.764 5.328 10.8 a

106.32 272.564 37.344 10.8 specific
147.096 272.564 23.268 10.8 class
173.844 272.564 9.996 10.8 of
187.272 272.564 24 10.8 OTC
214.68 272.564 48.012 10.8 derivative
266.136 272.564 9.996 10.8 or
279.564 272.564 13.992 10.8 for
297.012 272.564 5.328 10.8 a
305.76 272.564 37.32 10.8 specific
346.488 272.564 20.664 10.8 type
370.596 272.564 9.996 10.8 of
384.024 272.564 60.624 10.8 counterparty
448.08 272.564 17.28 10.8 and
468.828 272.564 24.66 10.8 other
496.956 272.564 27.3 10.8 CCPs

106.32 286.364 31.992 10.8 cannot
141.756 286.364 19.308 10.8 step
164.412 286.364 9.336 10.8 in
177.18 286.364 17.328 10.8 fast
197.928 286.364 35.28 10.8 enough
236.616 286.364 9.336 10.8 to
249.384 286.364 20.084 10.8 take
272.888 286.364 21.264 10.8 over
297.584 286.364 25.332 10.8 those
326.312 286.364 38.628 10.8 clearing
368.288 286.364 41.628 10.8 services.
413.324 286.364 37.008 10.8 Finally,
453.692 286.364 14.664 10.8 the
471.788 286.364 52.632 10.8 suspension

106.32 300.164 9.996 10.8 of
121.248 300.164 5.328 10.8 a
131.556 300.164 38.676 10.8 clearing
175.2 300.164 48.708 10.8 obligation
228.816 300.164 32.028 10.8 should
265.812 300.164 19.356 10.8 also
290.088 300.164 11.328 10.8 be
306.396 300.164 39.372 10.8 possible
350.712 300.164 29.316 10.8 where
385.02 300.164 18.024 10.8 that
407.976 300.164 8.004 10.8 is
420.984 300.164 37.248 10.8 deemed
463.272 300.164 46.668 10.8 necessary
514.908 300.164 9.336 10.8 to

106.32 313.964 26.688 10.8 avoid
136.008 313.964 5.328 10.8 a
144.336 313.964 33.996 10.8 serious
181.332 313.964 27.3 10.8 threat
211.632 313.964 9.372 10.8 to
224.004 313.964 41.916 10.8 financial
268.92 313.964 38.652 10.8 stability
310.572 313.964 9.336 10.8 in
322.86 313.964 14.664 10.8 the
340.548 313.964 33 10.8 Union.

70.86 333.764 19.992 10.8 (11)
106.32 333.764 48.024 10.8 Reporting
159.276 333.764 35.952 10.8 historic
200.16 333.764 57.276 10.8 transactions
262.356 333.764 15.996 10.8 has
283.284 333.764 33.348 10.8 proven
321.54 333.764 9.336 10.8 to
335.808 333.764 11.328 10.8 be
352.056 333.764 38.816 10.8 difficult
395.816 333.764 17.328 10.8 due
418.064 333.764 9.336 10.8 to
432.332 333.764 14.664 10.8 the
451.928 333.764 19.992 10.8 lack
476.816 333.764 9.996 10.8 of
491.684 333.764 32.712 10.8 certain

106.32 347.564 44.016 10.8 reporting
153.996 347.564 31.308 10.8 details
188.952 347.564 29.328 10.8 which
221.88 347.564 23.316 10.8 were
248.868 347.564 15.336 10.8 not
267.816 347.564 39.984 10.8 required
311.4 347.564 9.336 10.8 to
324.408 347.564 11.328 10.8 be
339.336 347.564 40.008 10.8 reported
382.932 347.564 30.648 10.8 before
417.24 347.564 14.628 10.8 the
435.528 347.564 24.66 10.8 entry
463.776 347.564 18.708 10.8 into
486.132 347.564 24.648 10.8 force
514.38 347.564 9.996 10.8 of

106.32 361.364 52.704 10.8 Regulation
162.336 361.364 23.94 10.8 (EU)
189.624 361.364 14.664 10.8 No
207.612 361.364 45.384 10.8 648/2012
256.368 361.364 15.336 10.8 but
275.076 361.364 29.328 10.8 which
307.764 361.364 14.676 10.8 are
325.8 361.364 39.936 10.8 required
369.096 361.364 23.664 10.8 now.
396.084 361.364 21.336 10.8 This
420.792 361.364 15.996 10.8 has
440.16 361.364 38.004 10.8 resulted
481.524 361.364 9.336 10.8 in
494.232 361.364 5.328 10.8 a
502.92 361.364 21.3 10.8 high

106.32 375.164 44.016 10.8 reporting
154.236 375.164 31.296 10.8 failure
189.372 375.164 18.012 10.8 rate
211.236 375.164 17.28 10.8 and
232.404 375.164 21.996 10.8 poor
258.312 375.164 33.276 10.8 quality
295.5 375.164 9.996 10.8 of
309.348 375.164 40.112 10.8 reported
353.348 375.164 23.016 10.8 data,
380.264 375.164 26.628 10.8 while
410.792 375.164 14.664 10.8 the
429.368 375.164 33.324 10.8 burden
466.496 375.164 9.996 10.8 of
480.344 375.164 44.016 10.8 reporting

106.32 388.964 25.332 10.8 those
134.976 388.964 57.3 10.8 transactions
195.6 388.964 8.004 10.8 is
206.928 388.964 53.676 10.8 significant.
263.892 388.964 27.936 10.8 There
295.128 388.964 8.004 10.8 is
306.456 388.964 43.308 10.8 therefore
353.124 388.964 5.328 10.8 a
361.752 388.964 21.336 10.8 high
386.4 388.964 48.624 10.8 likelihood
438.336 388.964 18 10.8 that
459.684 388.964 25.296 10.8 those
488.352 388.964 35.964 10.8 historic

106.32 402.764 20.016 10.8 data
131.496 402.764 18.612 10.8 will
155.244 402.764 33.228 10.8 remain
193.62 402.764 36.996 10.8 unused.
235.788 402.764 50.34 10.8 Moreover,
291.264 402.764 12 10.8 by
308.352 402.764 14.664 10.8 the
328.128 402.764 21.228 10.8 time
354.516 402.764 14.664 10.8 the
374.352 402.764 40.656 10.8 deadline
420.168 402.764 13.992 10.8 for
439.236 402.764 44.028 10.8 reporting
488.352 402.764 35.976 10.8 historic

106.32 416.584 57.312 10.8 transactions
169.836 416.584 41.964 10.8 becomes
218.052 416.584 44.976 10.8 effective,
269.256 416.584 5.328 10.8 a
280.824 416.584 36.612 10.8 number
323.688 416.584 9.996 10.8 of
340.1 416.584 25.332 10.8 those
371.696 416.584 57.3 10.8 transactions
435.26 416.584 18.636 10.8 will
460.148 416.584 22.656 10.8 have
489.056 416.584 35.34 10.8 already

106.32 430.324 36.036 10.8 expired
148.824 430.324 20.28 10.8 and,
175.632 430.324 21.336 10.8 with
203.52 430.324 26.94 10.8 them,
236.988 430.324 14.664 10.8 the
258.204 430.324 68.676 10.8 corresponding
333.42 430.324 47.964 10.8 exposures
387.936 430.324 17.28 10.8 and
411.744 430.324 25.704 10.8 risks.
444 430.324 13.332 10.8 To
463.788 430.324 35.916 10.8 remedy
506.244 430.324 18.024 10.8 that

106.32 444.124 44.376 10.8 situation,
153.636 444.124 14.628 10.8 the
171.264 444.124 57.924 10.8 requirement
232.212 444.124 9.336 10.8 to
244.548 444.124 28.656 10.8 report
276.18 444.124 36.012 10.8 historic
315.156 444.124 57.336 10.8 transactions
375.492 444.124 31.956 10.8 should
410.448 444.124 11.328 10.8 be
424.8 444.124 44.916 10.8 removed.

70.86 463.924 19.992 10.8 (12)
106.32 463.924 50.652 10.8 Intragroup
162.324 463.924 57.324 10.8 transactions
224.952 463.924 46.044 10.8 involving
276.348 463.924 64.016 10.8 non-financial
345.716 463.924 68 10.8 counterparties
419.056 463.924 43.944 10.8 represent
468.412 463.924 5.328 10.8 a
479.08 463.924 45.336 10.8 relatively

106.32 477.724 25.944 10.8 small
136.776 477.724 37.344 10.8 fraction
178.632 477.724 9.996 10.8 of
193.14 477.724 12.024 10.8 all
209.676 477.724 24 10.8 OTC
238.104 477.724 48.036 10.8 derivative
290.628 477.724 57.336 10.8 transactions
352.452 477.724 17.328 10.8 and
374.28 477.724 14.676 10.8 are
393.456 477.724 21.996 10.8 used
419.964 477.724 44.7 10.8 primarily
469.176 477.724 13.992 10.8 for
487.644 477.724 36.648 10.8 internal

106.32 491.524 38.664 10.8 hedging
148.788 491.524 30.636 10.8 within
183.216 491.524 35.688 10.8 groups.
222.612 491.524 29.328 10.8 Those
255.72 491.524 57.324 10.8 transactions
316.824 491.524 43.272 10.8 therefore
363.888 491.524 12 10.8 do
379.656 491.524 15.336 10.8 not
398.784 491.524 60 10.8 significantly
462.54 491.524 48.66 10.8 contribute
514.944 491.524 9.336 10.8 to

106.32 505.324 41.952 10.8 systemic
153.084 505.324 17.988 10.8 risk
175.86 505.324 17.328 10.8 and
197.988 505.324 94.224 10.8 interconnectedness,
297.012 505.324 14.664 10.8 yet
316.488 505.324 14.628 10.8 the
335.916 505.324 48.844 10.8 obligation
389.548 505.324 9.336 10.8 to
403.636 505.324 28.68 10.8 report
437.092 505.324 25.332 10.8 those
467.2 505.324 57.264 10.8 transactions

106.32 519.124 39.264 10.8 imposes
152.496 519.124 46.704 10.8 important
206.112 519.124 24 10.8 costs
237 519.124 17.328 10.8 and
261.228 519.124 38.016 10.8 burdens
306.144 519.124 12 10.8 on
325.032 519.124 64.112 10.8 non-financial
396.056 519.124 70.932 10.8 counterparties.
473.852 519.124 50.652 10.8 Intragroup

106.32 532.924 57.312 10.8 transactions
168.396 532.924 29.316 10.8 where
202.524 532.924 8.664 10.8 at
216 532.924 21.996 10.8 least
242.808 532.924 17.328 10.8 one
264.936 532.924 9.996 10.8 of
279.684 532.924 14.664 10.8 the
299.16 532.924 67.992 10.8 counterparties
371.952 532.924 8.004 10.8 is
384.78 532.924 5.328 10.8 a
394.908 532.924 64.156 10.8 non-financial
463.816 532.924 60.648 10.8 counterparty

106.32 546.724 32.028 10.8 should
141.348 546.724 43.26 10.8 therefore
187.608 546.724 11.328 10.8 be
201.936 546.724 46.62 10.8 exempted
251.556 546.724 23.364 10.8 from
277.872 546.724 14.664 10.8 the
295.56 546.724 43.908 10.8 reporting
342.468 546.724 51.832 10.8 obligation.

70.86 566.524 19.992 10.8 (13)
106.32 566.524 18.66 10.8 The
129.888 566.524 57.852 10.8 requirement
192.672 566.524 9.336 10.8 to
206.94 566.524 28.68 10.8 report
240.564 566.524 79.424 10.8 exchange-traded
324.908 566.404 47.988 10.908 derivative
377.816 566.404 43.356 10.908 contracts
426.032 566.404 43.968 10.908 (ETDs)
474.956 566.404 39.264 10.908 imposes
519.152 566.404 5.328 10.908 a

106.32 580.324 50.664 10.8 significant
162.276 580.324 33.348 10.8 burden
200.892 580.324 12 10.8 on
218.16 580.324 67.98 10.8 counterparties
291.384 580.324 38.004 10.8 because
334.68 580.324 9.996 10.8 of
349.908 580.324 14.664 10.8 the
369.864 580.324 21.336 10.8 high
396.552 580.324 35.928 10.8 volume
437.76 580.324 10.044 10.8 of
453.096 580.324 27.948 10.8 ETDs
486.324 580.324 18.024 10.8 that
509.64 580.324 14.676 10.8 are

106.32 594.124 49.356 10.8 concluded
161.016 594.124 11.94 10.8 on
178.284 594.124 5.328 10.8 a
188.952 594.124 24.024 10.8 daily
218.328 594.124 27.036 10.8 basis.
250.704 594.124 50.268 10.8 Moreover,
306.3 594.124 24.696 10.8 since
336.276 594.124 52.704 10.8 Regulation
394.272 594.124 23.988 10.8 (EU)
423.6 594.124 14.664 10.8 No
443.568 594.124 45.384 10.8 600/2014
494.304 594.124 9.996 10.8 of
509.592 594.124 14.664 10.8 the

106.32 607.924 46.04 10.8 European
155.588 607.924 51.852 10.8 Parliament
210.692 607.924 17.328 10.8 and
231.26 607.924 9.996 10.8 of
244.448 607.924 14.664 10.8 the
262.364 607.924 38.004 10.8 Council
300.44 605.15 8.01 7.182 22
311.72 607.924 38.664 10.8 requires
353.564 607.924 26.688 10.8 every
383.48 607.924 23.328 10.8 ETD
409.988 607.924 9.336 10.8 to
422.516 607.924 11.328 10.8 be
437.084 607.924 34.668 10.8 cleared
474.92 607.924 12 10.8 by
490.148 607.924 5.328 10.8 a
498.716 607.924 25.632 10.8 CCP,

106.32 621.724 27.3 10.8 CCPs
138.048 621.724 35.316 10.8 already
177.792 621.724 21.336 10.8 hold
203.58 621.724 14.628 10.8 the
222.648 621.724 19.272 10.8 vast
246.384 621.724 40.632 10.8 majority
291.408 621.724 9.996 10.8 of
305.796 621.724 14.664 10.8 the
324.912 621.724 31.284 10.8 details
360.66 621.724 9.996 10.8 of
375.048 621.724 25.332 10.8 those
404.736 621.724 46.344 10.8 contracts.
455.532 621.724 13.26 10.8 To
473.22 621.724 32.004 10.8 reduce
509.616 621.724 14.628 10.8 the

106.32 635.524 33.348 10.8 burden
147.336 635.524 9.996 10.8 of
164.904 635.524 44.016 10.8 reporting
216.6 635.524 30.924 10.8 ETDs,
255.168 635.524 14.664 10.8 the
277.524 635.524 68.28 10.8 responsibility,
353.472 635.524 45.324 10.8 including
406.428 635.524 17.328 10.8 any
431.436 635.524 23.328 10.8 legal
462.384 635.524 40.356 10.8 liability,
510.348 635.524 13.992 10.8 for

106.32 649.324 44.016 10.8 reporting
153.876 649.324 27.924 10.8 ETDs
185.36 649.324 12 10.8 on
200.888 649.324 30.024 10.8 behalf
234.404 649.324 9.996 10.8 of
247.892 649.324 21.336 10.8 both
272.78 649.324 67.932 10.8 counterparties
344.216 649.324 32.028 10.8 should
379.772 649.324 15.936 10.8 fall
399.2 649.324 12 10.8 on
414.728 649.324 14.664 10.8 the
432.944 649.324 22.632 10.8 CCP
459.092 649.324 9.996 10.8 as
472.64 649.324 20.664 10.8 well
496.808 649.324 9.996 10.8 as
510.356 649.324 13.896 10.8 for

106.32 663.124 41.364 10.8 ensuring
150.648 663.124 14.664 10.8 the
168.312 663.124 42.612 10.8 accuracy
213.924 663.124 9.996 10.8 of
226.92 663.124 14.664 10.8 the
244.584 663.124 31.332 10.8 details
278.916 663.124 42.984 10.8 reported.

70.86 682.924 19.992 10.8 (14)
106.32 682.924 13.332 10.8 To
123.228 682.924 32.004 10.8 reduce
158.784 682.924 14.628 10.8 the
177.012 682.924 33.348 10.8 burden
213.888 682.924 9.936 10.8 of
227.376 682.924 44.016 10.8 reporting
274.992 682.924 13.992 10.8 for
292.56 682.924 25.944 10.8 small
322.116 682.924 64.088 10.8 non-financial
389.816 682.924 70.956 10.8 counterparties,
464.312 682.924 14.664 10.8 the
482.588 682.924 41.904 10.8 financial

106.32 696.744 60.66 10.8 counterparty
170.712 696.744 32.028 10.8 should
206.508 696.744 11.328 10.8 be
221.616 696.744 57.684 10.8 responsible,
283.08 696.744 17.328 10.8 and
304.188 696.744 32.864 10.8 legally
340.808 696.744 29.664 10.8 liable,
374.276 696.744 13.992 10.8 for
392.024 696.744 44.028 10.8 reporting
439.82 696.744 12 10.8 on
455.588 696.744 29.964 10.8 behalf
489.284 696.744 9.996 10.8 of
503.012 696.744 21.408 10.8 both

70.86 724.394 6.48 5.832 22

99.24 726.476 43.9177 9.018 Regulation
146.023 726.476 19.9899 9.018 (EU)
168.919 726.476 12.2144 9.018 No
183.969 726.476 37.7954 9.018 600/2014
224.63 726.476 8.34666 9.018 of
235.843 726.476 12.2444 9.018 the
250.953 726.476 38.3265 9.018 European
292.165 726.476 43.2563 9.018 Parliament
338.337 726.476 14.4689 9.018 and
355.712 726.476 8.34666 9.018 of
366.924 726.476 12.2444 9.018 the
382.034 726.476 31.7033 9.018 Council
416.583 726.476 8.34666 9.018 of
427.796 726.476 10.02 9.018 15
440.682 726.476 18.3266 9.018 May
461.844 726.476 15.0801 9.018 201
479.76 726.476 10.02 9.018 on
492.695 726.476 31.553 9.018 markets

99.24 737.996 7.79556 9.018 in
109.541 737.996 35.0099 9.018 financial
147.025 737.996 46.573 9.018 instruments
196.103 737.996 14.4889 9.018 and
213.097 737.996 39.3586 9.018 amending
254.991 737.996 43.8175 9.018 Regulation
301.293 737.996 20.03 9.018 (EU)
323.798 737.996 12.2144 9.018 No
338.518 737.996 37.8155 9.018 648/2012
378.838 737.996 14.4188 9.018 (OJ
395.762 737.996 6.12222 9.018 L
404.389 737.996 14.9999 9.018 173
421.854 737.996 42.5249 9.018 12.6.2014,
466.884 737.996 7.515 9.018 p.
476.98 737.996 15.8015 9.018 84).

28.38 784.188 33.348 22.2 EN

291.62 793.224 12 10.8 21

533.62 784.188 33.348 22.2 EN

106.32 59.544 24 10.8 itself
134.556 59.544 17.328 10.8 and
156.144 59.544 14.628 10.8 the
175.032 59.544 64.04 10.8 non-financial
243.296 59.544 60.624 10.8 counterparty
308.132 59.544 18.024 10.8 that
330.368 59.544 8.004 10.8 is
342.596 59.544 15.336 10.8 not
362.204 59.544 33.996 10.8 subject
400.412 59.544 9.336 10.8 to
414.02 59.544 14.664 10.8 the
432.908 59.544 38.652 10.8 clearing
475.796 59.544 48.588 10.8 obligation

106.32 73.344 21.336 10.8 with
130.656 73.344 30.684 10.8 regard
164.34 73.344 9.288 10.8 to
176.628 73.344 23.964 10.8 OTC
203.592 73.344 48.06 10.8 derivative
254.604 73.344 43.284 10.8 contracts
300.888 73.344 35.34 10.8 entered
339.168 73.344 18.636 10.8 into
360.804 73.344 12 10.8 by
375.804 73.344 17.988 10.8 that
396.792 73.344 64.132 10.8 non-financial
463.888 73.344 60.66 10.8 counterparty

106.32 87.144 9.996 10.8 as
119.316 87.144 20.688 10.8 well
143.004 87.144 9.996 10.8 as
156.036 87.144 13.896 10.8 for
172.932 87.144 41.352 10.8 ensuring
217.284 87.144 14.664 10.8 the
234.948 87.144 42.692 10.8 accuracy
280.64 87.144 9.936 10.8 of
293.576 87.144 14.664 10.8 the
311.24 87.144 31.356 10.8 details
345.548 87.144 43.008 10.8 reported.

70.86 106.944 19.992 10.8 (15)
106.32 106.944 18.66 10.8 The
127.98 106.944 65.364 10.8 responsibility
196.344 106.944 13.992 10.8 for
213.336 106.944 44.004 10.8 reporting
260.34 106.944 24.648 10.8 other
287.988 106.944 48.036 10.8 derivative
338.976 106.944 43.344 10.8 contracts
385.32 106.944 32.004 10.8 should
420.324 106.944 19.356 10.8 also
442.68 106.944 11.328 10.8 be
457.008 106.944 56.988 10.8 determined.
516.996 106.944 7.332 10.8 It

106.32 120.744 32.028 10.8 should
143.556 120.744 43.248 10.8 therefore
192.012 120.744 11.328 10.8 be
208.56 120.744 43.344 10.8 specified
257.136 120.744 18.024 10.8 that
280.332 120.744 14.628 10.8 the
300.24 120.744 61.152 10.8 management
366.624 120.744 44.052 10.8 company
415.86 120.744 9.996 10.8 of
431.028 120.744 11.328 10.8 an
447.624 120.744 57.36 10.8 undertaking
510.216 120.744 13.992 10.8 for

106.32 134.444 46.644 10.908 collective
157.524 134.444 52.572 10.908 investment
214.728 134.444 9.336 10.908 in
228.636 134.444 56.64 10.908 transferable
289.824 134.444 45.324 10.908 securities
339.708 134.444 50.768 10.908 (UCITS)
395.108 134.444 8.004 10.908 is
407.696 134.444 57.588 10.908 responsible,
469.892 134.444 17.328 10.908 and
491.78 134.444 32.64 10.908 legally

106.32 148.364 29.676 10.8 liable,
139.764 148.364 13.992 10.8 for
157.512 148.364 44.028 10.8 reporting
205.308 148.364 12 10.8 on
221.076 148.364 29.964 10.8 behalf
254.772 148.364 9.996 10.8 of
268.5 148.364 18.024 10.8 that
290.316 148.364 34.62 10.8 UCITS
328.764 148.364 21.336 10.8 with
353.892 148.364 30.696 10.8 regard
388.356 148.364 9.336 10.8 to
401.424 148.364 24 10.8 OTC
429.132 148.364 48.036 10.8 derivative
480.936 148.364 43.32 10.8 contracts

106.32 162.164 35.34 10.8 entered
144.816 162.164 18.636 10.8 into
166.584 162.164 12 10.8 by
181.752 162.164 18 10.8 that
202.92 162.164 34.62 10.8 UCITS
240.708 162.164 9.996 10.8 as
253.896 162.164 20.664 10.8 well
277.704 162.164 9.948 10.8 as
290.832 162.164 13.992 10.8 for
307.98 162.164 41.28 10.8 ensuring
352.428 162.164 14.664 10.8 the
370.224 162.164 42.6 10.8 accuracy
415.98 162.164 9.996 10.8 of
429.108 162.164 14.664 10.8 the
446.916 162.164 31.356 10.8 details
481.392 162.164 42.936 10.8 reported.

106.32 175.964 47.652 10.8 Similarly,
162.924 175.964 14.628 10.8 the
186.492 175.964 41.244 10.8 manager
236.688 175.964 9.996 10.8 of
255.576 175.964 11.328 10.8 an
275.844 175.964 50.664 10.8 alternative
335.388 175.964 52.756 10.8 investment
397.096 175.844 21.996 10.908 fund
427.984 175.844 35.304 10.908 (AIF)
472.24 175.844 32.028 10.908 should
513.196 175.844 11.268 10.908 be

106.32 189.764 57.684 10.8 responsible,
167.352 189.764 17.328 10.8 and
188.16 189.764 32.628 10.8 legally
224.256 189.764 29.664 10.8 liable,
257.364 189.764 13.992 10.8 for
274.752 189.764 44.028 10.8 reporting
322.188 189.764 12 10.8 on
337.656 189.764 29.964 10.8 behalf
371.052 189.764 9.996 10.8 of
384.48 189.764 18 10.8 that
405.888 189.764 19.332 10.8 AIF
428.676 189.764 21.336 10.8 with
453.444 189.764 30.648 10.8 regard
487.512 189.764 9.336 10.8 to
500.34 189.764 24 10.8 OTC

106.32 203.564 48.012 10.8 derivative
157.356 203.564 43.308 10.8 contracts
203.712 203.564 35.268 10.8 entered
242.04 203.564 18.636 10.8 into
263.748 203.564 12 10.8 by
278.748 203.564 17.964 10.8 that
299.784 203.564 19.332 10.8 AIF
322.152 203.564 9.996 10.8 as
335.148 203.564 20.628 10.8 well
358.848 203.564 9.996 10.8 as
371.844 203.564 13.992 10.8 for
388.896 203.564 41.304 10.8 ensuring
433.2 203.564 14.7 10.8 the
450.9 203.564 42.636 10.8 accuracy
496.596 203.564 9.996 10.8 of
509.604 203.564 14.664 10.8 the

106.32 217.364 31.356 10.8 details
140.676 217.364 42.96 10.8 reported.

70.86 237.164 19.992 10.8 (16)
106.32 237.164 13.332 10.8 To
124.788 237.164 26.688 10.8 avoid
156.564 237.164 72.576 10.8 inconsistencies
234.3 237.164 30.056 10.8 across
269.468 237.164 14.664 10.8 the
289.256 237.164 30 10.8 Union
324.404 237.164 9.336 10.8 in
338.852 237.164 14.628 10.8 the
358.64 237.164 53.292 10.8 application
417.068 237.164 9.996 10.8 of
432.176 237.164 14.664 10.8 the
451.952 237.164 18 10.8 risk
475.1 237.164 49.284 10.8 mitigation

106.32 250.964 54.312 10.8 techniques,
166.884 250.964 54.696 10.8 supervisors
227.82 250.964 32.028 10.8 should
266.136 250.964 38.604 10.8 approve
311.004 250.964 83.288 10.8 risk-management
400.604 250.964 52.668 10.8 procedures
459.56 250.964 43.992 10.8 requiring
509.828 250.964 14.664 10.8 the

106.32 264.764 33.636 10.8 timely,
143.424 264.764 39.96 10.8 accurate
186.828 264.764 17.328 10.8 and
207.576 264.764 63.924 10.8 appropriately
274.992 264.764 51.3 10.8 segregated
329.748 264.764 45.264 10.8 exchange
378.504 264.764 9.996 10.8 of
391.932 264.764 44.616 10.8 collateral
440.016 264.764 9.996 10.8 of
453.384 264.764 70.92 10.8 counterparties,

106.32 278.564 9.996 10.8 or
119.316 278.564 17.352 10.8 any
139.668 278.564 50.652 10.8 significant
193.284 278.564 33.984 10.8 change
230.268 278.564 9.336 10.8 to
242.604 278.564 25.412 10.8 those
271.016 278.564 55.608 10.8 procedures,
329.624 278.564 30.588 10.8 before
363.236 278.564 20.688 10.8 they
386.864 278.564 14.676 10.8 are
404.492 278.564 38.376 10.8 applied.

70.86 298.364 19.992 10.8 (17)
106.32 298.364 13.332 10.8 To
123.108 298.364 39.336 10.8 increase
165.864 298.364 61.344 10.8 transparency
230.64 298.364 17.328 10.8 and
251.448 298.364 63.984 10.8 predictability
318.9 298.364 9.996 10.8 of
332.328 298.364 14.628 10.8 the
350.436 298.364 28.008 10.8 initial
381.924 298.364 38.592 10.8 margins
424.02 298.364 17.328 10.8 and
444.768 298.364 9.336 10.8 to
457.596 298.364 35.964 10.8 restrain
497.052 298.364 27.3 10.8 CCPs

106.32 312.164 23.364 10.8 from
135.036 312.164 49.944 10.8 modifying
190.392 312.164 21.996 10.8 their
217.74 312.164 28.008 10.8 initial
251.136 312.164 33.888 10.8 margin
290.412 312.164 34.596 10.8 models
330.408 312.164 9.336 10.8 in
345.156 312.164 24.66 10.8 ways
375.204 312.164 18.024 10.8 that
398.52 312.164 26.688 10.8 could
430.596 312.164 31.896 10.8 appear
467.904 312.164 56.316 10.8 procyclical,

106.32 325.964 27.3 10.8 CCPs
136.848 325.964 32.028 10.8 should
172.104 325.964 36.696 10.8 provide
212.04 325.964 21.984 10.8 their
237.276 325.964 38.616 10.8 clearing
279.06 325.964 44.084 10.8 members
326.396 325.964 21.336 10.8 with
350.984 325.964 23.376 10.8 tools
377.54 325.964 9.336 10.8 to
390.128 325.964 40.632 10.8 simulate
434.012 325.964 21.996 10.8 their
459.2 325.964 28.044 10.8 initial
490.496 325.964 33.888 10.8 margin

106.32 339.764 62.604 10.8 requirements
172.524 339.764 17.328 10.8 and
193.452 339.764 21.336 10.8 with
218.34 339.764 5.328 10.8 a
227.208 339.764 38.004 10.8 detailed
268.812 339.764 44.64 10.8 overview
317.016 339.764 9.996 10.8 of
330.564 339.764 14.628 10.8 the
348.792 339.764 28.008 10.8 initial
380.4 339.764 33.924 10.8 margin
417.936 339.764 34.596 10.8 models
456.132 339.764 20.628 10.8 they
480.36 339.764 18.996 10.8 use.
502.968 339.764 21.288 10.8 This

106.32 353.564 8.004 10.8 is
117.528 353.564 47.964 10.8 consistent
168.624 353.564 21.336 10.8 with
193.152 353.564 14.664 10.8 the
210.948 353.564 60.684 10.8 international
274.764 353.564 45.324 10.8 standards
323.28 353.564 46.644 10.8 published
373.116 353.564 12 10.8 by
388.224 353.564 14.628 10.8 the
406.032 353.564 53.292 10.8 Committee
462.504 353.564 12 10.8 on
477.672 353.564 46.632 10.8 Payments

106.32 367.364 17.328 10.8 and
131.268 367.364 34.692 10.8 Market
173.544 367.364 69.972 10.8 Infrastructures
251.136 367.364 17.328 10.8 and
276.084 367.364 14.628 10.8 the
298.332 367.364 29.456 10.8 Board
335.396 367.364 9.996 10.8 of
352.964 367.364 14.664 10.8 the
375.26 367.364 61.332 10.8 International
444.224 367.364 62.616 10.8 Organization
514.388 367.364 9.996 10.8 of

106.32 381.164 47.352 10.8 Securities
157.356 381.164 68.22 10.8 Commissions,
229.26 381.164 17.328 10.8 and
250.248 381.164 9.336 10.8 in
263.256 381.164 45.972 10.8 particular
312.9 381.164 21.276 10.8 with
337.848 381.164 14.628 10.8 the
356.136 381.164 48.66 10.8 disclosure
408.444 381.164 52.608 10.8 framework
464.7 381.164 46.704 10.8 published
515.016 381.164 9.336 10.8 in

106.32 394.964 49.224 10.8 December
164.196 394.964 24 10.8 2012
188.24 392.19 8.01 7.182 23
204.92 394.964 17.328 10.8 and
230.828 394.964 14.664 10.8 the
254.144 394.964 29.964 10.8 public
292.712 394.964 56.616 10.8 quantitative
357.968 394.964 48.66 10.8 disclosure
415.256 394.964 45.324 10.8 standards
469.16 394.964 13.992 10.8 for
491.768 394.964 32.616 10.8 central

106.32 408.764 67.92 10.8 counterparties
177.732 408.764 46.668 10.8 published
227.808 408.764 9.336 10.8 in
240.636 408.764 24 10.8 2015
264.68 405.99 8.01 7.182 24
272.72 408.764 3 10.8 ,
279.188 408.764 38.676 10.8 relevant
321.344 408.764 13.992 10.8 for
338.792 408.764 42.624 10.8 fostering
384.908 408.764 11.328 10.8 an
399.656 408.764 39.912 10.8 accurate
443.06 408.764 67.932 10.8 understanding
514.484 408.764 9.936 10.8 of

106.32 422.584 14.664 10.8 the
125.316 422.584 22.704 10.8 risks
152.352 422.584 17.28 10.8 and
174 422.584 24.036 10.8 costs
202.356 422.584 41.988 10.8 involved
248.652 422.584 9.336 10.8 in
262.38 422.584 17.328 10.8 any
283.968 422.584 60.684 10.8 participation
348.984 422.584 9.336 10.8 in
362.652 422.584 5.328 10.8 a
372.36 422.584 22.632 10.8 CCP
399.348 422.584 12 10.8 by
415.716 422.584 38.652 10.8 clearing
458.64 422.584 43.956 10.8 members
506.976 422.584 17.28 10.8 and

106.32 436.324 49.344 10.8 enhancing
158.628 436.324 61.296 10.8 transparency
222.876 436.324 9.996 10.8 of
235.836 436.324 27.348 10.8 CCPs
266.184 436.324 38.016 10.8 towards
307.2 436.324 33.276 10.8 market
343.44 436.324 59.016 10.8 participants.

70.86 456.124 19.992 10.8 (18)
106.32 456.124 63.924 10.8 Uncertainties
173.544 456.124 33.276 10.8 remain
210.108 456.124 9.996 10.8 as
223.416 456.124 9.336 10.8 to
236.004 456.124 23.328 10.8 what
262.632 456.124 29.304 10.8 extent
295.248 456.124 27.972 10.8 assets
326.544 456.124 20.664 10.8 held
350.472 456.124 9.336 10.8 in
363.12 456.124 41.316 10.8 omnibus
407.736 456.124 9.996 10.8 or
421.044 456.124 48.892 10.8 individual
473.248 456.124 51.24 10.8 segregated

106.32 469.924 42.012 10.8 accounts
152.184 469.924 14.604 10.8 are
170.592 469.924 52.044 10.8 insolvency
226.428 469.924 36.276 10.8 remote.
266.532 469.924 7.332 10.8 It
277.728 469.924 8.004 10.8 is
289.536 469.924 43.356 10.8 therefore
336.72 469.924 35.28 10.8 unclear
375.816 469.924 9.336 10.8 in
389.004 469.924 29.328 10.8 which
422.172 469.924 25.296 10.8 cases
451.308 469.924 27.3 10.8 CCPs
482.436 469.924 16.656 10.8 can
502.944 469.924 21.336 10.8 with

106.32 483.724 45.312 10.8 sufficient
155.004 483.724 23.328 10.8 legal
181.752 483.724 41.964 10.8 certainty
227.088 483.724 36.636 10.8 transfer
267.144 483.724 26.604 10.8 client
297.18 483.724 43.344 10.8 positions
343.848 483.724 29.316 10.8 where
376.596 483.724 5.328 10.8 a
385.284 483.724 38.616 10.8 clearing
427.308 483.724 39.192 10.8 member
469.932 483.724 40.944 10.8 defaults,
514.32 483.724 9.936 10.8 or

106.32 497.524 9.336 10.8 in
122.028 497.524 29.328 10.8 which
157.656 497.524 25.296 10.8 cases
189.312 497.524 27.3 10.8 CCPs
222.9 497.524 19.656 10.8 can,
248.928 497.524 21.336 10.8 with
276.576 497.524 45.264 10.8 sufficient
328.212 497.524 23.244 10.8 legal
357.828 497.524 44.868 10.8 certainty,
409.044 497.524 17.328 10.8 pay
432.672 497.524 14.664 10.8 the
453.648 497.524 42.928 10.8 proceeds
502.876 497.524 9.996 10.8 of
519.184 497.524 5.328 10.8 a

106.32 511.324 52.032 10.8 liquidation
162.204 511.324 36.696 10.8 directly
202.8 511.324 9.336 10.8 to
216.048 511.324 34.272 10.8 clients.
254.244 511.324 13.332 10.8 To
271.452 511.324 52.008 10.8 incentivise
327.384 511.324 38.604 10.8 clearing
369.9 511.324 17.328 10.8 and
391.128 511.324 9.336 10.8 to
404.316 511.324 39.924 10.8 improve
448.152 511.324 30.744 10.8 access
482.796 511.324 9.336 10.8 to
496.044 511.324 9.708 10.8 it,
509.64 511.324 14.628 10.8 the

106.32 525.124 23.364 10.8 rules
136.536 525.124 36.6 10.8 relating
180.024 525.124 9.336 10.8 to
196.212 525.124 51.984 10.8 insolvency
255.108 525.124 53.964 10.8 remoteness
315.972 525.124 9.996 10.8 of
332.76 525.124 25.296 10.8 those
364.968 525.124 27.996 10.8 assets
399.756 525.124 17.328 10.8 and
423.984 525.124 43.308 10.8 positions
474.192 525.124 32.028 10.8 should
512.988 525.124 11.328 10.8 be

106.32 538.924 43.008 10.8 clarified.

70.86 558.724 19.992 10.8 (19)
106.32 558.724 18.66 10.8 The
128.808 558.724 23.328 10.8 fines
155.976 558.724 33.336 10.8 ESMA
193.104 558.724 16.656 10.8 can
213.612 558.724 34.668 10.8 impose
252.12 558.724 12 10.8 on
267.948 558.724 24.024 10.8 trade
295.824 558.724 55.992 10.8 repositories
355.668 558.724 27.276 10.8 under
386.796 558.724 11.34 10.8 its
402.16 558.724 27.36 10.8 direct
433.336 558.724 55.308 10.8 supervision
492.472 558.724 31.956 10.8 should

106.32 572.524 11.328 10.8 be
124.368 572.524 44.952 10.8 effective,
176.004 572.524 64.692 10.8 proportionate
247.416 572.524 17.328 10.8 and
271.464 572.524 49.356 10.8 dissuasive
327.54 572.524 35.28 10.8 enough
369.528 572.524 9.336 10.8 to
385.596 572.524 31.356 10.8 ensure
423.672 572.524 14.664 10.8 the
445.068 572.524 62.604 10.8 effectiveness
514.332 572.524 9.996 10.8 of

106.32 586.204 42 10.908 ESMAs
154.008 586.204 56.028 10.908 supervisory
215.724 586.204 34.596 10.908 powers
256.032 586.204 17.328 10.908 and
279.06 586.204 9.336 10.908 to
294.048 586.204 39.336 10.908 increase
339.084 586.204 14.628 10.908 the
359.412 586.204 61.284 10.908 transparency
426.396 586.204 9.996 10.908 of
442.044 586.204 24 10.908 OTC
471.732 586.204 52.632 10.908 derivatives

106.32 600.124 43.344 10.8 positions
154.944 600.124 17.28 10.8 and
177.492 600.124 51.024 10.8 exposures.
233.748 600.124 18.66 10.8 The
257.676 600.124 40.632 10.8 amounts
303.612 600.124 9.996 10.8 of
318.84 600.124 23.328 10.8 fines
347.388 600.124 37.344 10.8 initially
390.036 600.124 42.6 10.8 provided
437.904 600.124 13.992 10.8 for
457.152 600.124 9.336 10.8 in
471.94 600.124 52.62 10.8 Regulation

106.32 613.924 23.988 10.8 (EU)
136.308 613.924 14.664 10.8 No
156.936 613.924 45.384 10.8 648/2012
208.332 613.924 22.656 10.8 have
237 613.924 40.668 10.8 revealed
283.596 613.924 63.972 10.8 insufficiently
353.58 613.924 49.296 10.8 dissuasive
408.876 613.924 9.336 10.8 in
424.224 613.924 23.352 10.8 view
453.54 613.924 9.996 10.8 of
469.488 613.924 14.664 10.8 the
490.164 613.924 34.032 10.8 current

106.32 627.724 40.692 10.8 turnover
151.776 627.724 9.996 10.8 of
166.524 627.724 14.664 10.8 the
186 627.724 23.988 10.8 trade
214.728 627.724 59.004 10.8 repositories,
278.412 627.724 29.328 10.8 which
312.54 627.724 26.688 10.8 could
343.956 627.724 51.348 10.8 potentially
400.02 627.724 22.62 10.8 limit
427.464 627.724 14.664 10.8 the
446.88 627.724 62.664 10.8 effectiveness
514.344 627.724 9.936 10.8 of

106.32 641.524 40.128 10.8 ESMA's
151.608 641.524 56.028 10.8 supervisory
212.784 641.524 34.596 10.8 powers
252.552 641.524 27.324 10.8 under
285 641.524 18.024 10.8 that
308.196 641.524 52.644 10.8 Regulation
366.012 641.524 41.392 10.8 vis--vis
412.588 641.524 23.988 10.8 trade
441.736 641.524 58.932 10.8 repositories.
505.84 641.524 18.66 10.8 The

106.32 655.324 27.324 10.8 upper
136.668 655.324 22.572 10.8 limit
162.276 655.324 9.996 10.8 of
175.272 655.324 14.664 10.8 the
192.936 655.324 24.696 10.8 basic
220.584 655.324 40.584 10.8 amounts
264.192 655.324 9.996 10.8 of
277.188 655.324 23.388 10.8 fines
303.576 655.324 32.04 10.8 should
338.556 655.324 43.296 10.8 therefore
384.852 655.324 11.328 10.8 be
399.144 655.324 48.3 10.8 increased.

70.86 675.124 19.992 10.8 (20)
106.32 675.124 26.664 10.8 Third
140.868 675.124 36.612 10.8 country
185.316 675.124 50.628 10.8 authorities
243.792 675.124 32.028 10.8 should
283.608 675.124 22.656 10.8 have
314.136 675.124 30.648 10.8 access
352.584 675.124 9.336 10.8 to
369.792 675.124 19.944 10.8 data
397.608 675.124 40.008 10.8 reported
445.404 675.124 9.336 10.8 to
462.552 675.124 30 10.8 Union
500.4 675.124 23.976 10.8 trade

106.32 688.924 56.004 10.8 repositories
168.084 688.924 29.316 10.8 where
203.232 688.924 32.688 10.8 certain
241.728 688.924 50.004 10.8 conditions
297.516 688.924 62.004 10.8 guaranteeing
365.328 688.924 14.664 10.8 the
385.824 688.924 45.192 10.8 treatment
436.848 688.924 9.996 10.8 of
452.616 688.924 25.404 10.8 those
483.852 688.924 20.016 10.8 data
509.688 688.924 14.604 10.8 are

70.86 724.394 6.48 5.832 23

99.24 726.476 157.474 9.018 http://www.bis.org/cpmi/publ/d106.pdf

70.86 735.914 6.48 5.832 24

99.24 737.996 157.474 9.018 http://www.bis.org/cpmi/publ/d125.pdf

28.38 784.188 33.348 22.2 EN

291.62 793.224 12 10.8 22

533.62 784.188 33.348 22.2 EN

106.32 59.544 38.676 10.8 fulfilled
150.864 59.544 12 10.8 by
168.74 59.544 14.664 10.8 the
189.296 59.544 22.668 10.8 third
217.772 59.544 36.648 10.8 country
260.288 59.544 17.328 10.8 and
283.436 59.544 29.316 10.8 where
318.644 59.544 18 10.8 that
342.452 59.544 22.704 10.8 third
370.988 59.544 36.6 10.8 country
413.456 59.544 41.364 10.8 provides
460.592 59.544 13.992 10.8 for
480.44 59.544 5.328 10.8 a
491.648 59.544 32.64 10.8 legally

106.32 73.344 36.708 10.8 binding
148.176 73.344 17.328 10.8 and
170.604 73.344 55.992 10.8 enforceable
231.72 73.344 48.708 10.8 obligation
285.516 73.344 39.984 10.8 granting
330.672 73.344 30 10.8 Union
365.82 73.344 50.64 10.8 authorities
421.596 73.344 27.312 10.8 direct
454.08 73.344 30.648 10.8 access
489.888 73.344 9.336 10.8 to
504.396 73.344 19.944 10.8 data

106.32 87.144 40.008 10.8 reported
149.328 87.144 9.336 10.8 to
161.664 87.144 23.94 10.8 trade
188.604 87.144 55.956 10.8 repositories
247.56 87.144 9.336 10.8 in
259.896 87.144 18 10.8 that
280.824 87.144 22.704 10.8 third
306.528 87.144 39.66 10.8 country.

70.86 106.944 19.992 10.8 (21)
106.32 106.944 52.704 10.8 Regulation
163.356 106.944 23.94 10.8 (EU)
191.664 106.944 51.336 10.8 2015/2365
247.392 106.944 9.996 10.8 of
261.72 106.944 14.664 10.8 the
280.776 106.944 46.008 10.8 European
331.28 106.944 51.924 10.8 Parliament
387.596 106.944 17.328 10.8 and
409.304 106.944 9.996 10.8 of
423.632 106.944 14.664 10.8 the
442.688 106.944 38.052 10.8 Council
480.82 104.17 8.01 7.182 25
493.24 106.944 31.356 10.8 allows

106.32 120.744 13.992 10.8 for
123.768 120.744 5.328 10.8 a
132.576 120.744 48.684 10.8 simplified
184.74 120.744 54.576 10.8 registration
242.784 120.744 48 10.8 procedure
294.24 120.744 13.992 10.8 for
311.688 120.744 24.024 10.8 trade
339.204 120.744 55.944 10.8 repositories
398.628 120.744 17.964 10.8 that
420.084 120.744 14.676 10.8 are
438.24 120.744 35.22 10.8 already
476.928 120.744 47.34 10.8 registered

106.32 134.564 9.336 10.8 in
119.328 134.564 53.916 10.8 accordance
176.916 134.564 21.336 10.8 with
201.864 134.564 52.62 10.8 Regulation
258.12 134.564 23.988 10.8 (EU)
285.708 134.564 14.664 10.8 No
303.44 134.564 45.336 10.8 648/2012
352.448 134.564 17.328 10.8 and
373.436 134.564 22.668 10.8 wish
399.704 134.564 9.336 10.8 to
412.652 134.564 32.016 10.8 extend
448.268 134.564 18 10.8 that
469.916 134.564 54.576 10.8 registration

106.32 148.364 9.336 10.8 to
121.608 148.364 36.636 10.8 provide
164.184 148.364 21.984 10.8 their
192.12 148.364 38.592 10.8 services
236.616 148.364 9.336 10.8 in
251.904 148.364 33.96 10.8 respect
291.78 148.364 9.996 10.8 of
307.668 148.364 45.476 10.8 securities
359.096 148.364 45.348 10.8 financing
410.312 148.364 60.276 10.8 transactions.
476.528 148.364 8.664 10.8 A
491.096 148.364 33.312 10.8 similar

106.32 162.164 48.648 10.8 simplified
159.636 162.164 54.684 10.8 registration
219.012 162.164 47.94 10.8 procedure
271.608 162.164 32.028 10.8 should
308.304 162.164 11.328 10.8 be
324.312 162.164 15.336 10.8 put
344.28 162.164 9.336 10.8 in
358.308 162.164 25.344 10.8 place
388.344 162.164 13.992 10.8 for
406.992 162.164 14.664 10.8 the
426.348 162.164 54.612 10.8 registration
485.652 162.164 9.996 10.8 of
500.28 162.164 23.976 10.8 trade

106.32 175.964 56.004 10.8 repositories
165.684 175.964 18.024 10.8 that
187.14 175.964 14.652 10.8 are
205.188 175.964 35.268 10.8 already
243.876 175.964 47.34 10.8 registered
294.612 175.964 9.336 10.8 in
307.38 175.964 53.952 10.8 accordance
364.764 175.964 21.336 10.8 with
389.532 175.964 52.668 10.8 Regulation
445.62 175.964 23.94 10.8 (EU)
472.968 175.964 51.336 10.8 2015/2365

106.32 189.764 17.328 10.8 and
127.608 189.764 22.668 10.8 wish
154.236 189.764 9.336 10.8 to
167.544 189.764 32.016 10.8 extend
203.52 189.764 18 10.8 that
225.408 189.764 54.684 10.8 registration
284.004 189.764 9.336 10.8 to
297.312 189.764 36.824 10.8 provide
338.036 189.764 21.984 10.8 their
363.992 189.764 38.604 10.8 services
406.508 189.764 9.336 10.8 in
419.816 189.764 34.008 10.8 respect
457.772 189.764 9.996 10.8 of
471.68 189.764 52.68 10.8 derivatives

106.32 203.564 46.344 10.8 contracts.

70.86 223.364 19.992 10.8 (22)
106.32 223.364 55.332 10.8 Insufficient
165.864 223.364 33.36 10.8 quality
203.46 223.364 17.328 10.8 and
225.048 223.364 61.344 10.8 transparency
290.604 223.364 9.996 10.8 of
304.812 223.364 20.016 10.8 data
329.088 223.364 44.676 10.8 produced
378.024 223.364 12 10.8 by
394.272 223.364 23.988 10.8 trade
422.52 223.364 55.98 10.8 repositories
482.772 223.364 30.564 10.8 makes
517.608 223.364 6.672 10.8 it

106.32 237.164 38.64 10.8 difficult
148.284 237.164 13.992 10.8 for
165.552 237.164 34.692 10.8 entities
203.508 237.164 18.024 10.8 that
224.784 237.164 22.656 10.8 have
250.752 237.164 22.656 10.8 been
276.72 237.164 35.976 10.8 granted
315.984 237.164 30.576 10.8 access
349.86 237.164 9.336 10.8 to
362.508 237.164 25.332 10.8 those
391.164 237.164 19.944 10.8 data
414.42 237.164 9.336 10.8 to
427.068 237.164 15.996 10.8 use
446.376 237.164 23.916 10.8 them
473.544 237.164 9.336 10.8 to
486.252 237.164 37.944 10.8 monitor

106.32 250.964 14.664 10.8 the
127.536 250.964 52.596 10.8 derivatives
186.74 250.964 37.944 10.8 markets
231.224 250.964 17.328 10.8 and
255.092 250.964 40.632 10.8 prevents
302.288 250.964 47.94 10.8 regulators
356.78 250.964 17.328 10.8 and
380.648 250.964 54.66 10.8 supervisors
441.836 250.964 23.328 10.8 from
471.644 250.964 52.656 10.8 identifying

106.32 264.764 42.012 10.8 financial
152.316 264.764 38.64 10.8 stability
194.892 264.764 22.704 10.8 risks
221.568 264.764 9.336 10.8 in
234.876 264.764 17.328 10.8 due
256.224 264.764 24.228 10.8 time.
284.472 264.764 13.332 10.8 To
301.8 264.764 39.924 10.8 improve
345.756 264.764 20.016 10.8 data
369.792 264.764 33.3 10.8 quality
407.028 264.764 17.328 10.8 and
428.376 264.764 61.308 10.8 transparency
493.704 264.764 17.328 10.8 and
514.992 264.764 9.336 10.8 to

106.32 278.564 24.024 10.8 align
135.096 278.564 14.628 10.8 the
154.464 278.564 44.028 10.8 reporting
203.22 278.564 62.544 10.8 requirements
270.504 278.564 27.324 10.8 under
302.58 278.564 52.62 10.8 Regulation
359.928 278.564 23.988 10.8 (EU)
388.656 278.564 14.664 10.8 No
408.072 278.564 45.336 10.8 648/2012
458.16 278.564 21.336 10.8 with
484.248 278.564 25.332 10.8 those
514.284 278.564 9.996 10.8 of

106.32 292.364 52.704 10.8 Regulation
170.376 292.364 23.988 10.8 (EU)
205.764 292.364 14.664 10.8 No
223.52 292.364 51.336 10.8 2015/2365
286.268 292.364 17.328 10.8 and
314.996 292.364 52.728 10.8 Regulation
379.1 292.364 23.988 10.8 (EU)
414.488 292.364 14.664 10.8 No
432.22 292.364 48.384 10.8 600/2014,
492.016 292.364 32.556 10.8 further

106.32 306.164 68.628 10.8 harmonisation
178.944 306.164 9.996 10.8 of
192.912 306.164 14.664 10.8 the
211.608 306.164 44.052 10.8 reporting
259.632 306.164 23.316 10.8 rules
286.968 306.164 17.328 10.8 and
308.316 306.164 62.544 10.8 requirements
374.88 306.164 8.004 10.8 is
386.928 306.164 49.692 10.8 necessary,
440.592 306.164 17.328 10.8 and
461.88 306.164 9.336 10.8 in
475.248 306.164 48.924 10.8 particular,

106.32 319.964 32.652 10.8 further
143.196 319.964 68.616 10.8 harmonisation
215.94 319.964 9.996 10.8 of
230.088 319.964 20.016 10.8 data
254.304 319.964 48.324 10.8 standards,
306.828 319.964 43.596 10.8 methods,
354.624 319.964 17.328 10.8 and
376.152 319.964 64.584 10.8 arrangements
444.936 319.964 13.992 10.8 for
463.152 319.964 47.016 10.8 reporting,
514.308 319.964 9.996 10.8 as

106.32 333.764 20.664 10.8 well
131.616 333.764 9.996 10.8 as
146.244 333.764 52.644 10.8 procedures
203.532 333.764 9.336 10.8 to
217.5 333.764 11.328 10.8 be
233.388 333.764 35.376 10.8 applied
273.372 333.764 12 10.8 by
289.98 333.764 24.176 10.8 trade
318.776 333.764 55.944 10.8 repositories
379.352 333.764 13.992 10.8 for
397.94 333.764 14.664 10.8 the
417.188 333.764 48.048 10.8 validation
469.772 333.764 9.996 10.8 of
484.34 333.764 40.044 10.8 reported

106.32 347.564 20.016 10.8 data
130.596 347.564 9.996 10.8 as
144.804 347.564 9.336 10.8 to
158.412 347.564 21.984 10.8 their
184.668 347.564 64.62 10.8 completeness
253.5 347.564 17.328 10.8 and
275.088 347.564 45.624 10.8 accuracy,
324.924 347.564 17.28 10.8 and
346.452 347.564 14.664 10.8 the
365.388 347.564 65.964 10.8 reconciliation
435.624 347.564 9.996 10.8 of
449.832 347.564 19.956 10.8 data
474.048 347.564 21.336 10.8 with
499.656 347.564 24.564 10.8 other

106.32 361.364 24.024 10.8 trade
136.956 361.364 59.016 10.8 repositories.
202.632 361.364 50.316 10.8 Moreover,
259.62 361.364 23.988 10.8 trade
290.208 361.364 55.956 10.8 repositories
352.824 361.364 32.028 10.8 should
391.5 361.364 24.624 10.8 grant
422.796 361.364 70.956 10.8 counterparties,
500.412 361.364 23.94 10.8 upon

106.32 375.164 37.716 10.8 request,
149.064 375.164 30.564 10.8 access
184.74 375.164 9.336 10.8 to
199.128 375.164 12 10.8 all
216.216 375.164 19.956 10.8 data
241.212 375.164 40.008 10.8 reported
286.248 375.164 12.152 10.8 on
303.488 375.164 21.996 10.8 their
330.536 375.164 29.964 10.8 behalf
365.552 375.164 9.336 10.8 to
379.94 375.164 26.652 10.8 allow
411.656 375.164 25.332 10.8 those
442.112 375.164 67.956 10.8 counterparties
515.108 375.164 9.336 10.8 to

106.32 388.964 28.68 10.8 verify
138 388.964 14.664 10.8 the
155.664 388.964 42.588 10.8 accuracy
201.252 388.964 9.996 10.8 of
214.248 388.964 25.284 10.8 those
242.532 388.964 23.04 10.8 data.

70.86 408.764 19.992 10.8 (23)
106.32 408.764 9.996 10.8 In
120.048 408.764 26.616 10.8 terms
150.384 408.764 9.996 10.8 of
164.052 408.764 14.664 10.8 the
182.448 408.764 38.652 10.8 services
224.772 408.764 42.696 10.8 provided
271.188 408.764 12 10.8 by
286.836 408.764 24.024 10.8 trade
314.532 408.764 59.016 10.8 repositories,
377.268 408.764 52.668 10.8 Regulation
433.656 408.764 23.988 10.8 (EU)
461.304 408.764 14.664 10.8 No
479.2 408.764 45.336 10.8 648/2012

106.32 422.584 15.996 10.8 has
125.988 422.584 53.304 10.8 established
182.952 422.584 5.328 10.8 a
191.94 422.584 56.652 10.8 competitive
252.264 422.584 63.576 10.8 environment.
319.488 422.584 70.656 10.8 Counterparties
393.756 422.584 32.028 10.8 should
429.432 422.584 43.26 10.8 therefore
476.34 422.584 11.328 10.8 be
491.328 422.584 20.016 10.8 able
515.2 422.584 9.336 10.8 to

106.32 436.324 33.324 10.8 choose
143.376 436.324 14.664 10.8 the
161.772 436.324 23.988 10.8 trade
189.48 436.324 48.636 10.8 repository
241.896 436.324 9.336 10.8 to
254.964 436.324 29.28 10.8 which
288.012 436.324 20.688 10.8 they
312.408 436.324 22.668 10.8 wish
338.796 436.324 9.336 10.8 to
351.924 436.324 28.656 10.8 report
384.312 436.324 17.28 10.8 and
405.36 436.324 32.028 10.8 should
441.096 436.324 11.328 10.8 be
456.144 436.324 20.016 10.8 able
479.88 436.324 9.336 10.8 to
493.008 436.324 31.284 10.8 switch

106.32 450.124 24.024 10.8 trade
136.956 450.124 55.98 10.8 repositories
199.512 450.124 7.332 10.8 if
213.42 450.124 20.688 10.8 they
240.696 450.124 10.668 10.8 so
257.964 450.124 36.348 10.8 choose.
300.9 450.124 13.332 10.8 To
320.808 450.124 41.988 10.8 facilitate
369.396 450.124 18 10.8 that
393.984 450.124 31.308 10.8 switch
431.88 450.124 17.328 10.8 and
455.808 450.124 9.336 10.8 to
471.696 450.124 31.356 10.8 ensure
509.652 450.124 14.628 10.8 the

106.32 463.924 47.376 10.8 continued
158.004 463.924 53.964 10.8 availability
216.336 463.924 9.936 10.8 of
230.604 463.924 20.016 10.8 data
255 463.924 36.672 10.8 without
296.028 463.924 56.928 10.8 duplication,
357.324 463.924 23.976 10.8 trade
385.68 463.924 56.004 10.8 repositories
446.004 463.924 31.956 10.8 should
482.352 463.924 42.256 10.8 establish

106.32 477.724 54.672 10.8 appropriate
166.896 477.724 37.344 10.8 policies
210.18 477.724 9.336 10.8 to
225.468 477.724 31.356 10.8 ensure
262.764 477.724 14.664 10.8 the
283.332 477.724 34.716 10.8 orderly
323.976 477.724 36.588 10.8 transfer
366.564 477.724 9.996 10.8 of
382.512 477.724 39.984 10.8 reported
428.436 477.724 20.016 10.8 data
454.392 477.724 9.336 10.8 to
469.68 477.724 24.66 10.8 other
500.328 477.724 23.988 10.8 trade

106.32 491.524 56.004 10.8 repositories
165.276 491.524 29.316 10.8 where
197.592 491.524 46.02 10.8 requested
246.612 491.524 12 10.8 by
261.612 491.524 11.328 10.8 an
275.94 491.524 57.324 10.8 undertaking
336.264 491.524 33.972 10.8 subject
373.2 491.524 9.336 10.8 to
385.536 491.524 14.7 10.8 the
403.188 491.524 44.016 10.8 reporting
450.204 491.524 51.648 10.8 obligation.

70.86 511.324 19.992 10.8 (24)
106.32 511.324 52.704 10.8 Regulation
162.276 511.324 23.94 10.8 (EU)
189.444 511.324 14.664 10.8 No
207.14 511.324 45.384 10.8 648/2012
255.776 511.324 51.984 10.8 establishes
311.012 511.324 18 10.8 that
332.24 511.324 14.628 10.8 the
350.108 511.324 38.676 10.8 clearing
392.024 511.324 48.636 10.8 obligation
443.888 511.324 31.956 10.8 should
479.096 511.324 15.336 10.8 not
497.86 511.324 26.688 10.8 apply

106.32 525.124 9.336 10.8 to
123.828 525.124 37.368 10.8 pension
169.284 525.124 35.916 10.8 scheme
213.36 525.124 64.632 10.8 arrangements
286.092 525.124 34.668 10.8 (PSAs)
328.92 525.124 22.044 10.8 until
359.076 525.124 5.328 10.8 a
372.564 525.124 37.284 10.8 suitable
418.02 525.124 43.32 10.8 technical
469.488 525.124 38.676 10.8 solution
516.276 525.124 8.004 10.8 is

106.32 538.924 49.356 10.8 developed
159.276 538.924 11.94 10.8 by
174.804 538.924 27.3 10.8 CCPs
205.692 538.924 13.992 10.8 for
223.26 538.924 14.664 10.8 the
241.536 538.924 36.648 10.8 transfer
281.724 538.924 9.996 10.8 of
295.272 538.924 43.496 10.8 non-cash
342.296 538.924 44.676 10.8 collateral
390.512 538.924 9.996 10.8 as
404.06 538.924 42.684 10.8 variation
450.296 538.924 41.664 10.8 margins.
495.584 538.924 13.332 10.8 As
512.492 538.924 11.94 10.8 no

106.32 552.724 29.352 10.8 viable
140.964 552.724 38.64 10.8 solution
184.932 552.724 51.948 10.8 facilitating
242.208 552.724 26.628 10.8 PSAs
274.176 552.724 9.336 10.8 to
288.864 552.724 41.964 10.8 centrally
336.18 552.724 23.316 10.8 clear
364.848 552.724 15.996 10.8 has
386.136 552.724 22.62 10.8 been
414.084 552.724 49.356 10.8 developed
468.72 552.724 10.668 10.8 so
484.728 552.724 16.32 10.8 far,
506.376 552.724 18 10.8 that

106.32 566.524 49.272 10.8 temporary
160.224 566.524 51.348 10.8 derogation
216.18 566.524 31.956 10.8 should
252.768 566.524 11.328 10.8 be
268.716 566.524 43.272 10.8 extended
316.584 566.524 9.336 10.8 to
330.552 566.524 26.616 10.8 apply
361.8 566.524 13.992 10.8 for
380.388 566.524 5.328 10.8 a
390.336 566.524 32.652 10.8 further
427.584 566.524 23.988 10.8 three
456.132 566.524 28.356 10.8 years.
489.108 566.524 35.28 10.8 Central

106.32 580.324 38.676 10.8 clearing
149.376 580.324 31.956 10.8 should
185.724 580.324 41.316 10.8 however
231.372 580.324 33.276 10.8 remain
269.016 580.324 14.664 10.8 the
288.012 580.324 39.324 10.8 ultimate
331.716 580.324 17.952 10.8 aim
353.904 580.324 56.016 10.8 considering
414.288 580.324 18.024 10.8 that
436.644 580.324 33.924 10.8 current
474.96 580.324 49.236 10.8 regulatory

106.32 594.124 17.328 10.8 and
129.468 594.124 33.252 10.8 market
168.552 594.124 66.624 10.8 developments
240.996 594.124 31.32 10.8 enable
278.064 594.124 33.252 10.8 market
317.148 594.124 56.016 10.8 participants
378.984 594.124 9.336 10.8 to
394.152 594.124 37.968 10.8 develop
437.928 594.124 37.272 10.8 suitable
481.032 594.124 43.236 10.8 technical

106.32 607.924 43.388 10.8 solutions
153.908 607.924 30.708 10.8 within
188.804 607.924 18 10.8 that
210.992 607.924 21.276 10.8 time
236.468 607.924 33.684 10.8 period.
274.364 607.924 23.988 10.8 With
302.54 607.924 14.664 10.8 the
321.416 607.924 47.964 10.8 assistance
373.592 607.924 9.996 10.8 of
387.74 607.924 36.336 10.8 ESMA,
428.228 607.924 27 10.8 EBA,
459.416 607.924 14.664 10.8 the
478.292 607.924 45.984 10.8 European

106.32 621.604 46.644 10.908 Insurance
163.524 621.604 17.328 10.908 and
191.412 621.604 63.984 10.908 Occupational
265.968 621.604 42.612 10.908 Pensions
319.164 621.604 46.644 10.908 Authority
376.38 621.604 51.228 10.908 (EIOPA)
438.168 621.604 17.328 10.908 and
466.056 621.604 32.964 10.908 ESRB,
509.592 621.604 14.664 10.908 the

106.32 635.524 60.612 10.8 Commission
170.304 635.524 32.028 10.8 should
205.74 635.524 37.992 10.8 monitor
247.104 635.524 14.628 10.8 the
265.092 635.524 40.656 10.8 progress
309.12 635.524 25.896 10.8 made
338.388 635.524 12.048 10.8 by
353.784 635.524 30.3 10.8 CCPs,
387.48 635.524 38.712 10.8 clearing
429.564 635.524 43.932 10.8 members
476.856 635.524 17.328 10.8 and
497.544 635.524 26.676 10.8 PSAs

106.32 649.324 38.016 10.8 towards
148.476 649.324 29.328 10.8 viable
181.944 649.324 43.308 10.8 solutions
229.392 649.324 52.088 10.8 facilitating
285.548 649.324 14.664 10.8 the
304.364 649.324 60.612 10.8 participation
369.128 649.324 9.996 10.8 of
383.216 649.324 26.628 10.8 PSAs
413.984 649.324 9.336 10.8 in
427.472 649.324 32.688 10.8 central
464.288 649.324 38.676 10.8 clearing
507.104 649.324 17.28 10.8 and

106.32 663.124 36 10.8 prepare
146.316 663.124 5.328 10.8 a
155.604 663.124 28.656 10.8 report
188.292 663.124 12 10.8 on
204.24 663.124 18 10.8 that
226.188 663.124 43.716 10.8 progress.
273.852 663.124 21.924 10.8 That
299.808 663.124 28.596 10.8 report
332.436 663.124 31.956 10.8 should
368.424 663.124 19.332 10.8 also
391.752 663.124 26.604 10.8 cover
422.388 663.124 14.628 10.8 the
441.036 663.124 43.296 10.8 solutions
488.364 663.124 17.328 10.8 and
509.652 663.124 14.664 10.8 the

106.32 676.924 32.676 10.8 related
148.596 676.924 24 10.8 costs
182.184 676.924 13.992 10.8 for
205.752 676.924 29.628 10.8 PSAs,
244.98 676.924 35.976 10.8 thereby
290.544 676.924 30.024 10.8 taking
330.12 676.924 18.636 10.8 into
358.368 676.924 37.284 10.8 account
405.264 676.924 49.272 10.8 regulatory
464.088 676.924 17.328 10.8 and
491.016 676.924 33.312 10.8 market

70.86 712.934 6.48 5.832 25

99.24 715.016 43.9177 9.018 Regulation
146.084 715.016 19.9899 9.018 (EU)
168.979 715.016 12.2444 9.018 No
184.139 715.016 42.8054 9.018 2015/2365
229.841 715.016 8.34666 9.018 of
241.153 715.016 12.1543 9.018 the
256.263 715.016 38.2964 9.018 European
297.516 715.016 43.2563 9.018 Parliament
343.698 715.016 14.4288 9.018 and
361.083 715.016 8.34666 9.018 of
372.355 715.016 12.2444 9.018 the
387.465 715.016 31.7333 9.018 Council
422.074 715.016 8.34666 9.018 of
433.327 715.016 10.02 9.018 25
446.213 715.016 42.1942 9.018 November
491.363 715.016 19.9799 9.018 2015
514.268 715.016 10.02 9.018 on

99.24 726.476 51.112 9.018 transparency
157.657 726.476 8.34666 9.018 of
173.358 726.476 37.7453 9.018 securities
218.468 726.476 37.7754 9.018 financing
263.648 726.476 47.7453 9.018 transactions
318.768 726.476 14.3987 9.018 and
340.482 726.476 8.34666 9.018 of
356.183 726.476 21.1121 9.018 reuse
384.66 726.476 14.3987 9.018 and
406.373 726.476 39.4387 9.018 amending
453.207 726.476 43.8575 9.018 Regulation
504.379 726.476 20.03 9.018 (EU)

99.24 737.996 12.27 9.018 No
114 737.996 37.7954 9.018 648/2012
154.26 737.996 14.4288 9.018 (OJ
171.224 737.996 6.12222 9.018 L
179.791 737.996 17.4949 9.018 337,
199.82 737.996 47.5148 9.018 23.12.2015,
249.84 737.996 7.515 9.018 p.
259.82 737.996 10.8517 9.018 1).

28.38 784.188 33.348 22.2 EN

291.62 793.224 12 10.8 23

533.62 784.188 33.348 22.2 EN

106.32 59.544 66.624 10.8 developments
177.144 59.544 21.996 10.8 such
203.292 59.544 9.996 10.8 as
217.44 59.544 38.604 10.8 changes
260.268 59.544 9.336 10.8 to
273.756 59.544 14.628 10.8 the
292.584 59.544 20.804 10.8 type
317.528 59.544 9.996 10.8 of
331.676 59.544 41.964 10.8 financial
377.852 59.544 60.624 10.8 counterparty
442.628 59.544 17.964 10.8 that
464.804 59.544 8.004 10.8 is
476.972 59.544 33.924 10.8 subject
515.048 59.544 9.336 10.8 to

106.32 73.344 14.664 10.8 the
124.836 73.344 38.652 10.8 clearing
167.28 73.344 51.696 10.8 obligation.
222.804 73.344 9.996 10.8 In
236.592 73.344 25.344 10.8 order
265.788 73.344 9.336 10.8 to
278.976 73.344 23.292 10.8 cater
306.12 73.344 13.992 10.8 for
323.928 73.344 66.564 10.8 developments
394.332 73.344 15.336 10.8 not
413.52 73.344 40.644 10.8 foreseen
457.968 73.344 8.664 10.8 at
470.484 73.344 14.664 10.8 the
489 73.344 21.228 10.8 time
514.128 73.344 10.044 10.8 of

106.32 87.144 42.024 10.8 adoption
154.116 87.144 9.996 10.8 of
169.764 87.144 17.376 10.8 this
192.84 87.144 51.636 10.8 regulation,
250.224 87.144 14.628 10.8 the
270.612 87.144 60.612 10.8 Commission
336.996 87.144 32.028 10.8 should
374.772 87.144 11.328 10.8 be
391.86 87.144 55.896 10.8 empowered
453.516 87.144 9.336 10.8 to
468.624 87.144 32.016 10.8 extend
506.34 87.144 17.964 10.8 that

106.32 100.944 51.348 10.8 derogation
161.616 100.944 13.992 10.8 for
179.544 100.944 48 10.8 additional
231.492 100.944 18 10.8 two
253.44 100.944 28.308 10.8 years,
285.636 100.944 21.984 10.8 after
311.72 100.944 32.58 10.8 having
348.248 100.944 42.624 10.8 carefully
394.784 100.944 40.704 10.8 assessed
439.388 100.944 14.664 10.8 the
457.976 100.944 22.656 10.8 need
484.604 100.944 13.992 10.8 for
502.532 100.944 21.948 10.8 such

106.32 114.744 11.328 10.8 an
120.648 114.744 48.96 10.8 extension.

70.86 134.564 19.992 10.8 (25)
106.32 134.564 18.66 10.8 The
131.868 134.564 29.988 10.8 power
168.696 134.564 9.336 10.8 to
184.944 134.564 26.616 10.8 adopt
218.412 134.564 18.696 10.8 acts
243.948 134.564 9.336 10.8 in
260.196 134.564 53.904 10.8 accordance
321.012 134.564 21.276 10.8 with
349.14 134.564 33.312 10.8 Article
389.364 134.564 17.94 10.8 290
414.192 134.564 9.996 10.8 of
431.04 134.564 14.664 10.8 the
452.556 134.564 31.344 10.8 Treaty
490.812 134.564 12 10.8 on
509.64 134.564 14.628 10.8 the

106.32 148.364 58.044 10.8 Functioning
167.856 148.364 9.996 10.8 of
181.344 148.364 14.664 10.8 the
199.56 148.364 45.936 10.8 European
249.048 148.364 30 10.8 Union
282.516 148.364 32.028 10.8 should
318.072 148.364 11.328 10.8 be
332.94 148.364 45.948 10.8 delegated
382.356 148.364 9.336 10.8 to
395.244 148.364 14.628 10.8 the
413.412 148.364 60.648 10.8 Commission
477.588 148.364 9.336 10.8 in
490.416 148.364 33.912 10.8 respect

106.32 162.164 9.996 10.8 of
119.388 162.164 50.016 10.8 specifying
172.524 162.164 14.664 10.8 the
190.32 162.164 49.956 10.8 conditions
243.396 162.164 27.428 10.8 under
273.956 162.164 29.328 10.8 which
306.404 162.164 56.616 10.8 commercial
366.128 162.164 26.568 10.8 terms
395.816 162.164 36.756 10.8 relating
435.68 162.164 9.336 10.8 to
448.148 162.164 14.628 10.8 the
465.896 162.164 45.372 10.8 provision
514.352 162.164 9.996 10.8 of

106.32 175.964 38.676 10.8 clearing
148.956 175.964 38.616 10.8 services
191.544 175.964 14.604 10.8 are
210.12 175.964 51.996 10.8 considered
266.004 175.964 9.336 10.8 to
279.252 175.964 11.328 10.8 be
294.54 175.964 19.656 10.8 fair,
318.168 175.964 51.336 10.8 reasonable
373.464 175.964 17.328 10.8 and
394.692 175.964 95.212 10.8 non-discriminatory,
493.852 175.964 17.328 10.8 and
515.08 175.964 9.336 10.8 in

106.32 189.764 34.008 10.8 respect
143.436 189.764 9.996 10.8 of
156.504 189.764 14.628 10.8 the
174.252 189.764 46.02 10.8 extension
223.308 189.764 9.996 10.8 of
236.376 189.764 14.664 10.8 the
254.172 189.764 30.648 10.8 period
287.928 189.764 9.336 10.8 in
300.396 189.764 29.328 10.8 which
332.844 189.764 14.628 10.8 the
350.592 189.764 38.676 10.8 clearing
392.328 189.764 48.696 10.8 obligation
444.132 189.764 31.956 10.8 should
479.22 189.764 15.336 10.8 not
497.688 189.764 26.616 10.8 apply

106.32 203.564 9.336 10.8 to
118.656 203.564 29.676 10.8 PSAs.

70.86 223.364 19.992 10.8 (26)
106.32 223.364 13.332 10.8 To
126.108 223.364 31.356 10.8 ensure
163.94 223.364 38.664 10.8 uniform
208.988 223.364 50.1 10.8 conditions
265.532 223.364 13.992 10.8 for
285.98 223.364 14.664 10.8 the
307.136 223.364 75.24 10.8 implementation
388.868 223.364 9.996 10.8 of
405.296 223.364 17.376 10.8 this
429.152 223.364 55.668 10.8 Regulation,
491.3 223.364 17.328 10.8 and
515.048 223.364 9.336 10.8 in

106.32 237.164 46.008 10.8 particular
156.576 237.164 21.288 10.8 with
182.112 237.164 30.648 10.8 regard
216.96 237.164 9.336 10.8 to
230.508 237.164 14.664 10.8 the
249.444 237.164 53.988 10.8 availability
307.68 237.164 9.996 10.8 of
321.888 237.164 56.544 10.8 information
382.704 237.164 46.704 10.8 contained
433.608 237.164 9.336 10.8 in
447.216 237.164 14.664 10.8 the
466.104 237.164 30 10.8 Union
500.352 237.164 23.976 10.8 trade

106.32 250.964 56.004 10.8 repositories
165.864 250.964 9.336 10.8 to
178.812 250.964 14.664 10.8 the
197.028 250.964 38.604 10.8 relevant
239.244 250.964 50.604 10.8 authorities
293.448 250.964 9.996 10.8 of
306.996 250.964 22.704 10.8 third
333.312 250.964 46.98 10.8 countries,
383.868 250.964 66.552 10.8 implementing
454.032 250.964 34.656 10.8 powers
492.3 250.964 32.028 10.8 should

106.32 264.764 11.328 10.8 be
122.628 264.764 45.992 10.8 conferred
173.588 264.764 12 10.8 on
190.556 264.764 14.664 10.8 the
210.212 264.764 63.552 10.8 Commission.
278.756 264.764 29.328 10.8 Those
313.064 264.764 34.656 10.8 powers
352.712 264.764 32.028 10.8 should
389.648 264.764 11.268 10.8 be
405.896 264.764 45.336 10.8 exercised
456.092 264.764 9.336 10.8 in
470.42 264.764 53.892 10.8 accordance

106.32 278.564 21.336 10.8 with
130.656 278.564 52.68 10.8 Regulation
186.336 278.564 23.988 10.8 (EU)
213.324 278.564 14.592 10.8 No
230.96 278.564 45.336 10.8 182/2011
279.296 278.564 9.996 10.8 of
292.292 278.564 14.664 10.8 the
309.956 278.564 46.02 10.8 European
358.976 278.564 51.984 10.8 Parliament
413.984 278.564 17.328 10.8 and
434.312 278.564 9.996 10.8 of
447.308 278.564 14.604 10.8 the
464.912 278.564 38.004 10.8 Council
502.96 275.79 8.01 7.182 26
511 278.564 3 10.8 .

70.86 298.364 19.992 10.8 (27)
106.32 298.364 13.332 10.8 To
123.048 298.364 31.356 10.8 ensure
157.764 298.364 47.952 10.8 consistent
209.148 298.364 68.616 10.8 harmonisation
281.052 298.364 9.996 10.8 of
294.42 298.364 23.364 10.8 rules
321.216 298.364 12 10.8 on
336.564 298.364 18 10.8 risk
357.972 298.364 49.236 10.8 mitigation
410.616 298.364 55.62 10.8 procedures,
469.632 298.364 54.576 10.8 registration

106.32 312.164 9.996 10.8 of
120.708 312.164 24.024 10.8 trade
149.184 312.164 56.06 10.8 repositories
209.684 312.164 17.28 10.8 and
231.392 312.164 44.016 10.8 reporting
279.848 312.164 65.604 10.8 requirements,
349.892 312.164 14.664 10.8 the
369.008 312.164 60.612 10.8 Commission
434.072 312.164 32.064 10.8 should
470.588 312.164 26.664 10.8 adopt
501.704 312.164 22.62 10.8 draft

106.32 325.964 49.344 10.8 regulatory
160.176 325.964 43.32 10.8 technical
208.044 325.964 45.276 10.8 standards
257.892 325.964 49.26 10.8 developed
311.7 325.964 12 10.8 by
328.188 325.964 26.964 10.8 EBA,
359.676 325.964 35.328 10.8 EIOPA
399.564 325.964 17.328 10.8 and
421.452 325.964 33.336 10.8 ESMA
459.24 325.964 45.996 10.8 regarding
509.724 325.964 14.628 10.8 the

106.32 339.764 56.028 10.8 supervisory
171.216 339.764 52.644 10.8 procedures
232.8 339.764 9.336 10.8 to
251.088 339.764 31.32 10.8 ensure
291.336 339.764 28.044 10.8 initial
328.332 339.764 17.28 10.8 and
354.54 339.764 39.336 10.8 ongoing
402.828 339.764 48.048 10.8 validation
459.732 339.764 9.996 10.8 of
478.62 339.764 14.664 10.8 the
502.236 339.764 22.3 10.8 risk-

106.32 353.564 61.212 10.8 management
171.084 353.564 52.644 10.8 procedures
227.208 353.564 18.024 10.8 that
248.724 353.564 34.1 10.8 require
286.208 353.564 14.664 10.8 the
304.364 353.564 33.636 10.8 timely,
341.468 353.564 39.912 10.8 accurate
384.872 353.564 17.328 10.8 and
405.62 353.564 63.948 10.8 appropriately
473.036 353.564 51.348 10.8 segregated

106.32 367.364 47.676 10.8 collateral,
157.536 367.364 14.628 10.8 the
175.764 367.364 31.344 10.8 details
210.648 367.364 9.996 10.8 of
224.196 367.364 5.328 10.8 a
233.124 367.364 48.648 10.8 simplified
285.3 367.364 53.376 10.8 application
342.204 367.364 13.992 10.8 for
359.772 367.364 11.328 10.8 an
374.7 367.364 45.924 10.8 extension
424.236 367.364 9.996 10.8 of
437.784 367.364 14.664 10.8 the
456.06 367.364 54.564 10.8 registration
514.236 367.364 9.996 10.8 of

106.32 381.164 5.328 10.8 a
116.988 381.164 23.976 10.8 trade
146.304 381.164 48.672 10.8 repository
200.268 381.164 18 10.8 that
223.596 381.164 8.004 10.8 is
236.904 381.164 35.34 10.8 already
277.56 381.164 47.256 10.8 registered
330.144 381.164 27.264 10.8 under
362.76 381.164 52.62 10.8 Regulation
420.708 381.164 23.988 10.8 (EU)
450.036 381.164 54.336 10.8 2015/2365,
509.724 381.164 14.628 10.8 the

106.32 394.964 31.356 10.8 details
142.356 394.964 9.996 10.8 of
156.984 394.964 14.664 10.8 the
176.34 394.964 52.596 10.8 procedures
233.616 394.964 9.336 10.8 to
247.76 394.964 11.328 10.8 be
263.768 394.964 35.328 10.8 applied
303.776 394.964 12 10.8 by
320.444 394.964 14.664 10.8 the
339.8 394.964 23.988 10.8 trade
368.468 394.964 48.636 10.8 repository
421.784 394.964 9.336 10.8 to
435.812 394.964 28.62 10.8 verify
469.1 394.964 55.32 10.8 compliance

106.32 408.764 21.336 10.8 with
131.148 408.764 14.628 10.8 the
149.256 408.764 43.944 10.8 reporting
196.632 408.764 62.544 10.8 requirements
262.656 408.764 12 10.8 by
278.124 408.764 14.628 10.8 the
296.232 408.764 43.956 10.8 reporting
343.608 408.764 60.576 10.8 counterparty
407.652 408.764 9.996 10.8 or
421.08 408.764 51.336 10.8 submitting
475.884 408.764 30.324 10.8 entity,
509.64 408.764 14.628 10.8 the

106.32 422.584 64.62 10.8 completeness
178.632 422.584 17.328 10.8 and
203.64 422.584 42.576 10.8 accuracy
253.896 422.584 9.996 10.8 of
271.524 422.584 14.664 10.8 the
293.832 422.584 56.604 10.8 information
358.128 422.584 40.008 10.8 reported
405.744 422.584 17.328 10.8 and
430.752 422.584 14.664 10.8 the
453.108 422.584 31.248 10.8 details
492.024 422.584 9.996 10.8 of
509.652 422.584 14.664 10.8 the

106.32 436.324 52.668 10.8 procedures
162.816 436.324 13.992 10.8 for
180.624 436.324 14.664 10.8 the
199.14 436.324 65.952 10.8 reconciliation
269.06 436.324 9.996 10.8 of
282.908 436.324 20.016 10.8 data
306.764 436.324 39.948 10.8 between
350.54 436.324 24.024 10.8 trade
378.416 436.324 58.992 10.8 repositories.
441.248 436.324 18.66 10.8 The
463.676 436.324 60.672 10.8 Commission

106.32 450.124 32.028 10.8 should
143.436 450.124 26.616 10.8 adopt
175.164 450.124 25.332 10.8 those
205.62 450.124 22.584 10.8 draft
233.316 450.124 49.344 10.8 regulatory
287.712 450.124 43.368 10.8 technical
336.156 450.124 45.324 10.8 standards
386.58 450.124 12 10.8 by
403.668 450.124 30.564 10.8 means
439.344 450.124 9.996 10.8 of
454.512 450.124 46.008 10.8 delegated
505.608 450.124 18.636 10.8 acts

106.32 463.924 41.352 10.8 pursuant
150.876 463.924 9.336 10.8 to
163.404 463.924 33.312 10.8 Article
199.82 463.924 18 10.8 290
220.988 463.924 9.996 10.8 of
234.176 463.924 14.664 10.8 the
252.092 463.924 31.344 10.8 Treaty
286.628 463.924 12 10.8 on
301.856 463.924 14.664 10.8 the
319.772 463.924 57.924 10.8 Functioning
380.948 463.924 9.996 10.8 of
394.136 463.924 14.628 10.8 the
412.004 463.924 46.008 10.8 European
461.18 463.924 30 10.8 Union
494.408 463.924 17.328 10.8 and
514.976 463.924 9.336 10.8 in

106.32 477.724 53.952 10.8 accordance
164.064 477.724 21.336 10.8 with
189.252 477.724 37.98 10.8 Articles
230.3 477.724 12 10.8 10
246.128 477.724 9.336 10.8 to
259.316 477.724 12 10.8 14
275.144 477.724 9.996 10.8 of
288.98 477.724 52.704 10.8 Regulation
345.476 477.724 23.988 10.8 (EU)
373.304 477.724 14.664 10.8 No
391 477.724 51.336 10.8 1093/2010
446.188 477.724 9.996 10.8 of
459.976 477.724 14.664 10.8 the
478.492 477.724 46.008 10.8 European

106.32 491.524 51.912 10.8 Parliament
161.484 491.524 17.328 10.8 and
182.052 491.524 9.996 10.8 of
195.24 491.524 14.664 10.8 the
213.156 491.524 38.004 10.8 Council
251.24 488.75 8.01 7.182 27
259.28 491.524 3 10.8 ,
265.508 491.524 52.704 10.8 Regulation
321.404 491.524 23.988 10.8 (EU)
348.632 491.524 14.664 10.8 No
366.32 491.524 51.336 10.8 1094/2010
420.908 491.524 9.996 10.8 of
434.096 491.524 14.664 10.8 the
452.012 491.524 51.912 10.8 Parliament
507.176 491.524 17.328 10.8 and

106.32 505.324 9.996 10.8 of
121.788 505.324 14.664 10.8 the
141.984 505.324 37.944 10.8 Council
179.96 502.55 8.01 7.182 28
193.52 505.324 17.328 10.8 and
216.368 505.324 52.62 10.8 Regulation
274.484 505.324 23.94 10.8 (EU)
303.932 505.324 14.664 10.8 No
321.62 505.324 51.336 10.8 1095/2010
378.488 505.324 9.996 10.8 of
393.956 505.324 14.628 10.8 the
414.104 505.324 51.924 10.8 Parliament
471.56 505.324 17.328 10.8 and
494.408 505.324 9.996 10.8 of
509.816 505.324 14.628 10.8 the

106.32 519.124 38.004 10.8 Council
144.32 516.35 8.01 7.182 29
152.36 519.124 3 10.8 .

70.86 538.924 19.992 10.8 (28)
106.32 538.924 18.66 10.8 The
133.248 538.924 60.696 10.8 Commission
202.152 538.924 31.956 10.8 should
242.4 538.924 19.284 10.8 also
269.988 538.924 11.328 10.8 be
289.536 538.924 56 10.8 empowered
353.828 538.924 9.336 10.8 to
371.396 538.924 26.664 10.8 adopt
406.304 538.924 66.612 10.8 implementing
481.208 538.924 43.32 10.8 technical

106.32 552.724 45.324 10.8 standards
154.824 552.724 49.296 10.8 developed
207.3 552.724 12 10.8 by
222.408 552.724 33.336 10.8 ESMA
258.876 552.724 12 10.8 by
274.104 552.724 30.684 10.8 means
307.98 552.724 9.996 10.8 of
321.108 552.724 66.612 10.8 implementing
390.912 552.724 18.696 10.8 acts
412.788 552.724 41.304 10.8 pursuant
457.284 552.724 9.336 10.8 to
469.752 552.724 33.36 10.8 Article
506.268 552.724 18 10.8 291

70.86 586.434 6.48 5.832 26

99.24 588.516 43.9177 9.018 Regulation
145.843 588.516 19.9899 9.018 (EU)
168.498 588.516 12.2444 9.018 No
183.418 588.516 37.7954 9.018 182/2011
223.899 588.516 8.34666 9.018 of
234.931 588.516 12.2444 9.018 the
249.861 588.516 38.3365 9.018 European
290.893 588.516 43.2563 9.018 Parliament
336.834 588.516 14.4689 9.018 and
353.968 588.516 8.34666 9.018 of
365.041 588.516 12.2444 9.018 the
379.97 588.516 31.6532 9.018 Council
414.279 588.516 8.34666 9.018 of
425.311 588.516 10.02 9.018 16
438.04 588.516 36.1221 9.018 February
476.847 588.516 20.04 9.018 2011
499.573 588.516 24.9598 9.018 laying

99.24 599.976 22.2344 9.018 down
126.234 599.976 12.1843 9.018 the
143.138 599.976 19.3787 9.018 rules
167.246 599.976 14.4288 9.018 and
186.374 599.976 29.4788 9.018 general
220.492 599.976 39.4888 9.018 principles
264.64 599.976 44.4287 9.018 concerning
313.828 599.976 49.2984 9.018 mechanisms
367.856 599.976 11.7234 9.018 for
384.269 599.976 28.3165 9.018 control
417.315 599.976 10.02 9.018 by
432.064 599.976 33.7874 9.018 Member
470.571 599.976 23.8877 9.018 States
499.118 599.976 8.34666 9.018 of
512.124 599.976 12.2444 9.018 the

99.24 611.396 57.7954 9.10818 Commissions
159.54 611.396 32.8255 9.10818 exercise
194.801 611.396 8.34666 9.10818 of
205.652 611.396 55.4807 9.10818 implementing
263.72 611.496 28.9077 9.018 powers
295.073 611.496 14.4689 9.018 (OJ
312.046 611.496 6.12222 9.018 L
320.634 611.496 12.525 9.018 55,
335.664 611.496 42.4848 9.018 28.2.2011,
380.643 611.496 7.515 9.018 p.
390.64 611.496 15.8617 9.018 13).

70.86 620.934 6.48 5.832 27

99.24 623.016 43.9177 9.018 Regulation
146.925 623.016 19.9899 9.018 (EU)
170.723 623.016 12.2144 9.018 No
186.735 623.016 42.7654 9.018 1093/2010
233.268 623.016 8.34666 9.018 of
245.382 623.016 12.2444 9.018 the
261.394 623.016 38.2964 9.018 European
303.488 623.016 43.3265 9.018 Parliament
350.582 623.016 14.4689 9.018 and
368.798 623.016 8.34666 9.018 of
380.952 623.016 12.2444 9.018 the
396.904 623.016 31.7634 9.018 Council
432.405 623.016 8.34666 9.018 of
444.519 623.016 10.02 9.018 24
458.247 623.016 42.1942 9.018 November
504.238 623.016 20.04 9.018 2010

99.24 634.476 47.7954 9.018 establishing
152.877 634.476 4.44888 9.018 a
163.067 634.476 38.3065 9.018 European
207.216 634.476 48.3265 9.018 Supervisory
261.324 634.476 38.8776 9.018 Authority
305.953 634.476 41.6832 9.018 (European
353.457 634.476 33.8676 9.018 Banking
393.107 634.476 44.7092 9.018 Authority),
443.657 634.476 39.3686 9.018 amending
488.808 634.476 35.581 9.018 Decision

99.24 645.996 12.27 9.018 No
114 645.996 53.3064 9.018 716/2009/EC
169.811 645.996 14.4188 9.018 and
186.765 645.996 37.1942 9.018 repealing
226.52 645.996 50.4607 9.018 Commission
279.496 645.996 35.581 9.018 Decision
317.542 645.996 48.4567 9.018 2009/78/EC
368.413 645.996 14.4288 9.018 (OJ
385.377 645.996 6.12222 9.018 L
393.944 645.996 17.535 9.018 331,
413.944 645.996 47.5349 9.018 15.12.2010,
463.984 645.996 7.515 9.018 p.
473.98 645.996 15.8617 9.018 12).

70.86 655.434 6.48 5.832 28

99.24 657.516 43.9177 9.018 Regulation
146.925 657.516 19.9899 9.018 (EU)
170.723 657.516 12.2144 9.018 No
186.735 657.516 42.7654 9.018 1094/2010
233.268 657.516 8.34666 9.018 of
245.382 657.516 12.2444 9.018 the
261.394 657.516 38.2964 9.018 European
303.488 657.516 43.3265 9.018 Parliament
350.582 657.516 14.4689 9.018 and
368.798 657.516 8.34666 9.018 of
380.952 657.516 12.2444 9.018 the
396.904 657.516 31.7634 9.018 Council
432.405 657.516 8.34666 9.018 of
444.519 657.516 10.02 9.018 24
458.247 657.516 42.1942 9.018 November
504.238 657.516 20.04 9.018 2010

99.24 668.976 47.7954 9.018 establishing
154.14 668.976 4.44888 9.018 a
165.592 668.976 38.3566 9.018 European
210.993 668.976 48.3164 9.018 Supervisory
266.354 668.976 38.9377 9.018 Authority
312.315 668.976 41.6531 9.018 (European
361.012 668.976 38.8776 9.018 Insurance
406.944 668.976 14.4689 9.018 and
428.467 668.976 53.3665 9.018 Occupational
488.878 668.976 35.551 9.018 Pensions

99.24 680.496 44.7393 9.018 Authority),
147.957 680.496 39.4087 9.018 amending
191.314 680.496 35.5209 9.018 Decision
230.773 680.496 12.2144 9.018 No
246.905 680.496 53.4367 9.018 716/2009/EC
304.239 680.496 14.3987 9.018 and
322.586 680.496 37.1642 9.018 repealing
363.718 680.496 50.5208 9.018 Commission
418.157 680.496 35.581 9.018 Decision
457.625 680.496 48.3766 9.018 2009/79/EC
509.93 680.496 14.4288 9.018 (OJ

99.24 691.956 6.12222 9.018 L
107.88 691.956 17.4749 9.018 331,
127.85 691.956 47.5549 9.018 15.12.2010,
177.91 691.956 7.47492 9.018 p.
187.88 691.956 15.8617 9.018 48).

70.86 701.414 6.48 5.832 29

99.24 703.496 43.9177 9.018 Regulation
147.045 703.496 19.9899 9.018 (EU)
170.903 703.496 12.2144 9.018 No
187.035 703.496 42.7654 9.018 1095/2010
233.628 703.496 8.34666 9.018 of
245.903 703.496 12.1543 9.018 the
261.965 703.496 38.2463 9.018 European
304.129 703.496 43.2563 9.018 Parliament
351.273 703.496 14.4689 9.018 and
369.61 703.496 8.34666 9.018 of
381.884 703.496 12.1543 9.018 the
397.946 703.496 31.6532 9.018 Council
433.467 703.496 8.34666 9.018 of
445.681 703.496 10.02 9.018 24
458.5 703.496 42.1441 9.018 November
504.562 703.496 20.04 9.018 2010

99.24 715.016 47.7954 9.018 establishing
150.593 715.016 4.44888 9.018 a
158.438 715.016 38.3566 9.018 European
200.312 715.016 48.3064 9.018 Supervisory
252.055 715.016 38.9605 9.018 Authority
294.482 715.016 41.6531 9.018 (European
339.633 715.016 39.4087 9.018 Securities
382.578 715.016 14.4288 9.018 and
400.504 715.016 32.7554 9.018 Markets
436.797 715.016 44.6591 9.018 Authority),
484.963 715.016 39.4387 9.018 amending

99.24 726.476 35.581 9.018 Decision
139.55 726.476 12.2444 9.018 No
156.524 726.476 53.4367 9.018 716/2009/EC
214.64 726.476 14.4689 9.018 and
233.889 726.476 37.1942 9.018 repealing
275.812 726.476 50.5108 9.018 Commission
331.103 726.476 35.581 9.018 Decision
371.413 726.476 48.3966 9.018 2009/77/EC
424.489 726.476 14.509 9.018 (OJ
443.728 726.476 6.12222 9.018 L
454.579 726.476 17.535 9.018 331,
476.834 726.476 47.5349 9.018 15.12.2010,

99.24 737.996 7.545 9.018 p.
109.26 737.996 15.8216 9.018 84).

28.38 784.188 33.348 22.2 EN

291.62 793.224 12 10.8 24

533.62 784.188 33.348 22.2 EN

106.32 59.544 9.996 10.8 of
119.988 59.544 14.664 10.8 the
138.384 59.544 31.344 10.8 Treaty
173.46 59.544 9.996 10.8 of
187.128 59.544 14.664 10.8 the
205.524 59.544 46.044 10.8 European
255.3 59.544 30 10.8 Union
289.008 59.544 17.328 10.8 and
310.056 59.544 9.336 10.8 in
323.124 59.544 54.012 10.8 accordance
380.868 59.544 21.3 10.8 with
405.876 59.544 33.384 10.8 Article
442.54 59.544 12 10.8 15
458.188 59.544 9.996 10.8 of
471.916 59.544 52.668 10.8 Regulation

106.32 73.344 23.988 10.8 (EU)
136.788 73.344 14.664 10.8 No
154.46 73.344 51.336 10.8 1095/2010
212.288 73.344 21.3 10.8 with
240.056 73.344 30.696 10.8 regard
277.22 73.344 9.336 10.8 to
292.988 73.344 14.664 10.8 the
314.144 73.344 20.016 10.8 data
340.64 73.344 45.324 10.8 standards
392.62 73.344 13.992 10.8 for
413.008 73.344 14.664 10.8 the
434.164 73.344 56.664 10.8 information
497.332 73.344 9.336 10.8 to
513.16 73.344 11.328 10.8 be

106.32 87.144 40.008 10.8 reported
149.976 87.144 13.992 10.8 for
167.544 87.144 14.664 10.8 the
185.88 87.144 41.244 10.8 different
230.736 87.144 33.348 10.8 classes
267.732 87.144 9.996 10.8 of
281.34 87.144 52.62 10.8 derivatives
337.596 87.144 17.28 10.8 and
358.524 87.144 14.664 10.8 the
376.86 87.144 40.596 10.8 methods
421.116 87.144 17.328 10.8 and
442.104 87.144 64.524 10.8 arrangements
510.288 87.144 13.992 10.8 for

106.32 100.944 47.016 10.8 reporting.

70.86 120.744 19.992 10.8 (29)
106.32 120.744 26.664 10.8 Since
137.076 120.744 14.664 10.8 the
155.832 120.744 48.684 10.8 objectives
208.608 120.744 9.996 10.8 of
222.636 120.744 17.376 10.8 this
244.092 120.744 55.596 10.8 Regulation,
303.78 120.744 35.268 10.8 namely
343.164 120.744 9.336 10.8 to
356.592 120.744 31.356 10.8 ensure
392.028 120.744 14.628 10.8 the
410.736 120.744 72.036 10.8 proportionality
486.828 120.744 9.996 10.8 of
500.856 120.744 23.364 10.8 rules

106.32 134.564 18.024 10.8 that
128.136 134.564 20.016 10.8 lead
151.932 134.564 9.336 10.8 to
165.06 134.564 58.668 10.8 unnecessary
227.496 134.564 68.604 10.8 administrative
300.08 134.564 38.016 10.8 burdens
341.876 134.564 17.328 10.8 and
363.044 134.564 55.272 10.8 compliance
422.168 134.564 24 10.8 costs
449.996 134.564 36.612 10.8 without
490.472 134.564 33.948 10.8 putting

106.32 148.364 42.012 10.8 financial
151.584 148.364 38.628 10.8 stability
193.452 148.364 8.664 10.8 at
205.308 148.364 18.036 10.8 risk
226.524 148.364 17.328 10.8 and
247.092 148.364 9.336 10.8 to
259.68 148.364 39.252 10.8 increase
302.184 148.364 14.664 10.8 the
320.1 148.364 61.284 10.8 transparency
384.636 148.364 9.996 10.8 of
397.824 148.364 24 10.8 OTC
424.992 148.364 52.704 10.8 derivatives
480.936 148.364 43.308 10.8 positions

106.32 162.164 17.328 10.8 and
127.848 162.164 50.988 10.8 exposures,
183.036 162.164 31.992 10.8 cannot
219.252 162.164 11.268 10.8 be
234.72 162.164 54.612 10.8 sufficiently
293.484 162.164 42.684 10.8 achieved
340.26 162.164 12 10.8 by
356.448 162.164 14.664 10.8 the
375.324 162.164 40.584 10.8 Member
420.12 162.164 28.656 10.8 States
452.976 162.164 15.276 10.8 but
472.464 162.164 16.656 10.8 can
493.332 162.164 30.936 10.8 rather,

106.32 175.964 12 10.8 by
121.968 175.964 31.344 10.8 reason
156.984 175.964 9.996 10.8 of
170.592 175.964 22.02 10.8 their
196.296 175.964 23.94 10.8 scale
223.884 175.964 17.328 10.8 and
244.872 175.964 34.956 10.8 effects,
283.64 175.964 11.328 10.8 be
298.628 175.964 27.348 10.8 better
329.624 175.964 42.636 10.8 achieved
375.92 175.964 8.664 10.8 at
388.256 175.964 29.916 10.8 Union
421.844 175.964 26.304 10.8 level,
451.82 175.964 14.628 10.8 the
470.108 175.964 30 10.8 Union
503.816 175.964 20.664 10.8 may

106.32 189.764 26.664 10.8 adopt
136.536 189.764 47.604 10.8 measures,
187.62 189.764 9.336 10.8 in
200.508 189.764 53.916 10.8 accordance
257.976 189.764 21.276 10.8 with
282.744 189.764 14.628 10.8 the
300.912 189.764 42.612 10.8 principle
347.016 189.764 9.996 10.8 of
360.504 189.764 56.004 10.8 subsidiarity
420.06 189.764 9.996 10.8 as
433.548 189.764 13.296 10.8 set
450.396 189.764 15.276 10.8 out
469.164 189.764 9.336 10.8 in
482.052 189.764 33.252 10.8 Article
518.62 189.764 6 10.8 5

106.32 203.564 9.996 10.8 of
119.928 203.564 14.664 10.8 the
138.264 203.564 31.26 10.8 Treaty
173.172 203.564 12 10.8 on
188.82 203.564 45.984 10.8 European
238.428 203.564 33 10.8 Union.
275.076 203.564 9.996 10.8 In
288.684 203.564 53.952 10.8 accordance
346.26 203.564 21.336 10.8 with
371.208 203.564 14.664 10.8 the
389.544 203.564 42.624 10.8 principle
435.768 203.564 9.996 10.8 of
449.376 203.564 74.988 10.8 proportionality,

106.32 217.364 9.996 10.8 as
119.388 217.364 13.296 10.8 set
135.756 217.364 15.336 10.8 out
154.104 217.364 9.336 10.8 in
166.404 217.364 18.024 10.8 that
187.5 217.364 36.288 10.8 Article,
226.728 217.364 17.48 10.8 this
247.268 217.364 52.548 10.8 Regulation
302.864 217.364 21.996 10.8 does
327.932 217.364 15.276 10.8 not
346.208 217.364 12 10.8 go
361.28 217.364 35.328 10.8 beyond
399.608 217.364 23.328 10.8 what
426.008 217.364 8.004 10.8 is
437.012 217.364 46.68 10.8 necessary
486.692 217.364 9.372 10.8 in
499.112 217.364 25.26 10.8 order

106.32 231.164 9.336 10.8 to
118.656 231.164 36.672 10.8 achieve
158.328 231.164 25.296 10.8 those
186.624 231.164 51.648 10.8 objectives.

70.86 250.964 19.992 10.8 (30)
106.32 250.964 18.66 10.8 The
128.208 250.964 53.304 10.8 application
184.764 250.964 9.996 10.8 of
197.952 250.964 32.628 10.8 certain
233.808 250.964 50.04 10.8 provisions
287.004 250.964 9.996 10.8 of
300.192 250.964 17.376 10.8 this
320.808 250.964 52.668 10.8 Regulation
376.716 250.964 31.956 10.8 should
411.924 250.964 11.328 10.8 be
426.492 250.964 39.948 10.8 deferred
469.668 250.964 9.336 10.8 to
482.256 250.964 41.976 10.8 establish

106.32 264.764 12.024 10.8 all
125.976 264.764 41.304 10.8 essential
174.852 264.764 66.672 10.8 implementing
249.156 264.764 44.604 10.8 measures
301.38 264.764 17.328 10.8 and
326.328 264.764 26.652 10.8 allow
360.624 264.764 33.252 10.8 market
401.508 264.764 56.016 10.8 participants
465.084 264.764 9.336 10.8 to
482.052 264.764 20.016 10.8 take
509.98 264.764 14.628 10.8 the

106.32 278.564 46.668 10.8 necessary
155.988 278.564 24 10.8 steps
182.988 278.564 13.956 10.8 for
199.944 278.564 55.344 10.8 compliance
258.288 278.564 45.624 10.8 purposes.

70.86 298.364 19.992 10.8 (31)
106.32 298.364 18.66 10.8 The
133.908 298.364 45.936 10.8 European
188.796 298.364 22.656 10.8 Data
220.344 298.364 49.356 10.8 Protection
278.58 298.364 52.032 10.8 Supervisor
339.456 298.364 18.66 10.8 was
367.044 298.364 45.996 10.8 consulted
421.992 298.364 9.336 10.8 in
440.22 298.364 53.964 10.8 accordance
503.136 298.364 21.276 10.8 with

106.32 312.164 33.312 10.8 Article
142.7 312.164 25.992 10.8 28(2)
173.048 312.164 9.996 10.8 of
187.376 312.164 52.704 10.8 Regulation
244.472 312.164 23.328 10.8 (EC)
272.18 312.164 14.664 10.8 No
289.88 312.164 39.336 10.8 45/2001
333.608 312.164 9.996 10.8 of
347.936 312.164 14.664 10.8 the
366.992 312.164 46.008 10.8 European
417.368 312.164 51.996 10.8 Parliament
473.756 312.164 17.328 10.8 and
495.464 312.164 9.996 10.8 of
509.792 312.164 14.664 10.8 the

106.32 325.964 38.004 10.8 Council
144.32 323.19 8.01 7.182 30
155.36 325.844 17.328 10.908 and
175.688 325.844 44.688 10.908 delivered
223.376 325.844 11.328 10.908 an
237.668 325.844 36.708 10.908 opinion
277.376 325.844 12 10.908 on
292.316 325.844 22.92 10.908 [].

70.86 345.764 19.992 10.8 (32)
106.32 345.764 52.736 10.8 Regulation
161.996 345.764 23.94 10.8 (EU)
188.936 345.764 14.664 10.8 No
206.6 345.764 45.36 10.8 648/2012
254.96 345.764 31.992 10.8 should
289.952 345.764 43.356 10.8 therefore
336.308 345.764 11.268 10.8 be
350.576 345.764 43.248 10.8 amended
396.824 345.764 59.676 10.8 accordingly,

70.86 365.564 33.276 10.8 HAVE
107.136 365.564 55.98 10.8 ADOPTED
166.116 365.564 26.7 10.8 THIS
195.816 365.564 80.532 10.8 REGULATION:

276.86 397.424 32.652 10.8 Article
312.536 397.424 6 10.8 1

70.86 417.092 50.4806 10.368 Regulation
124.221 417.092 22.9939 10.368 (EU)
150.095 417.092 14.0774 10.368 No
167.052 417.092 43.4304 10.368 648/2012
213.362 417.092 7.68384 10.368 is
223.926 417.092 41.4835 10.368 amended
268.29 417.092 9.55008 10.368 as
280.72 417.092 37.7165 10.368 follows:

70.86 436.384 13.992 10.8 (1)
99.24 436.384 9.996 10.8 In
112.236 436.384 33.36 10.8 Article
148.596 436.384 9 10.8 2,
160.548 436.384 24.672 10.8 point
188.256 436.384 13.956 10.8 (8)
205.212 436.384 8.04 10.8 is
216.204 436.384 40.668 10.8 replaced
259.872 436.384 12 10.8 by
274.812 436.384 14.628 10.8 the
292.44 436.384 50.004 10.8 following:

113.34 456.184 18.924 10.8 "(8)
142.88 456.184 44.16 10.8 'financial
192.752 456.184 62.784 10.8 counterparty'
261.248 456.184 30.564 10.8 means
297.584 456.184 11.328 10.8 an
314.672 456.184 52.74 10.8 investment
373.184 456.184 20.7 10.8 firm
399.56 456.184 50.004 10.8 authorised
455.324 456.184 9.336 10.8 in
470.432 456.184 53.928 10.8 accordance

113.34 469.984 21.336 10.8 with
138.108 469.984 44.628 10.8 Directive
186.144 469.984 58.008 10.8 2014/65/EC
247.512 469.984 9.996 10.8 of
260.88 469.984 14.664 10.8 the
278.976 469.984 46.008 10.8 European
328.392 469.984 51.852 10.8 Parliament
383.676 469.984 17.328 10.8 and
404.424 469.984 9.996 10.8 of
417.792 469.984 14.664 10.8 the
435.888 469.984 38.004 10.8 Council
474.1 467.21 8.01 7.182 31
482.14 469.984 3 10.8 ,
488.548 469.984 5.328 10.8 a
497.296 469.984 27.276 10.8 credit

113.34 483.784 48.684 10.8 institution
165.096 483.784 49.98 10.8 authorised
218.112 483.784 9.336 10.8 in
230.52 483.784 53.952 10.8 accordance
287.544 483.784 21.336 10.8 with
312.012 483.784 52.668 10.8 Regulation
367.74 483.784 23.988 10.8 (EU)
394.848 483.784 14.58 10.8 No
412.536 483.784 48.336 10.8 575/2013,
463.944 483.784 11.328 10.8 an
478.392 483.784 45.984 10.8 insurance

113.34 497.584 9.996 10.8 of
127.188 497.584 55.332 10.8 reinsurance
186.432 497.584 57.276 10.8 undertaking
247.596 497.584 49.956 10.8 authorised
301.44 497.584 9.336 10.8 in
314.688 497.584 54.14 10.8 accordance
372.728 497.584 21.336 10.8 with
397.976 497.584 44.676 10.8 Directive
446.552 497.584 63.984 10.8 2009/138/EC
514.388 497.584 10.044 10.8 of

113.34 511.384 14.664 10.8 the
132.936 511.384 45.984 10.8 European
183.804 511.384 51.96 10.8 Parliament
240.696 511.384 17.328 10.8 and
262.944 511.384 9.996 10.8 of
277.812 511.384 14.664 10.8 the
297.408 511.384 38.004 10.8 Council
335.6 508.61 8.01 7.182 32
343.64 511.384 3 10.8 ,
351.548 511.384 5.328 10.8 a
361.796 511.384 34.62 10.8 UCITS
401.324 511.384 50.052 10.8 authorised
456.308 511.384 9.336 10.8 in
470.576 511.384 53.892 10.8 accordance

113.34 525.184 21.336 10.8 with
141.468 525.184 44.628 10.8 Directive
192.864 525.184 60.96 10.8 2009/65/EC,
260.592 525.184 11.328 10.8 an
278.7 525.184 48.696 10.8 institution
334.164 525.184 13.992 10.8 for
354.852 525.184 61.284 10.8 occupational
422.928 525.184 49.212 10.8 retirement
478.932 525.184 45.324 10.8 provision

113.34 538.984 30.708 10.8 within
148.656 538.984 14.664 10.8 the
167.892 538.984 41.268 10.8 meaning
213.768 538.984 9.996 10.8 of
228.456 538.984 33.312 10.8 Article
266.4 538.984 19.32 10.8 6(a)
290.268 538.984 9.996 10.8 of
304.896 538.984 44.616 10.8 Directive
354.132 538.984 60.972 10.8 2003/41/EC,
419.688 538.984 11.328 10.8 an
435.636 538.984 19.332 10.8 AIF
459.82 538.984 10.056 10.8 as
474.496 538.984 35.988 10.8 defined
515.104 538.984 9.336 10.8 in

113.34 552.784 33.312 10.8 Article
150.444 552.784 33.276 10.8 4(1)(a)
187.512 552.784 9.996 10.8 of
201.24 552.784 41.928 10.8 directive
246.948 552.784 61.62 10.8 2011/61/EU,
312.336 552.784 5.328 10.8 a
321.444 552.784 32.616 10.8 central
357.852 552.784 45.324 10.8 securities
406.836 552.784 50.664 10.8 depository
461.292 552.784 49.98 10.8 authorised
515.028 552.784 9.336 10.8 in

113.34 566.584 53.952 10.8 accordance
171.744 566.584 21.336 10.8 with
197.592 566.584 52.668 10.8 Regulation
254.7 566.584 23.988 10.8 (EU)
283.188 566.584 14.664 10.8 No
302.316 566.584 45.336 10.8 909/2014
352.104 566.584 9.996 10.8 of
366.552 566.584 14.664 10.8 the
385.728 566.584 45.936 10.8 European
436.176 566.584 51.864 10.8 Parliament
492.552 566.584 17.328 10.8 and
514.38 566.584 9.996 10.8 of

70.86 643.914 6.48 5.832 30

99.24 645.996 43.9177 9.018 Regulation
145.843 645.996 19.4388 9.018 (EC)
168.027 645.996 12.2144 9.018 No
182.957 645.996 32.7854 9.018 45/2001
218.458 645.996 8.34666 9.018 of
229.55 645.996 12.2444 9.018 the
244.48 645.996 38.3065 9.018 European
285.562 645.996 43.1962 9.018 Parliament
331.504 645.996 14.4689 9.018 and
348.718 645.996 8.34666 9.018 of
359.81 645.996 12.1543 9.018 the
374.74 645.996 31.6532 9.018 Council
409.108 645.996 8.34666 9.018 of
420.141 645.996 10.02 9.018 18
432.906 645.996 40.9818 9.018 December
476.603 645.996 20.04 9.018 2000
499.329 645.996 10.02 9.018 on
512.094 645.996 12.5048 9.018 the

99.24 657.516 40.581 9.018 protection
142.306 657.516 8.34666 9.018 of
153.198 657.516 44.4888 9.018 individuals
200.191 657.516 17.7755 9.018 with
220.502 657.516 25.531 9.018 regard
248.568 657.516 7.79556 9.018 to
258.869 657.516 12.2444 9.018 the
273.618 657.516 42.7954 9.018 processing
318.969 657.516 8.34666 9.018 of
329.82 657.516 33.9478 9.018 personal
366.273 657.516 16.6933 9.018 data
385.471 657.516 10.02 9.018 by
397.926 657.516 12.2444 9.018 the
412.676 657.516 47.7854 9.018 Community
462.966 657.516 44.4788 9.018 institutions
509.95 657.516 14.4689 9.018 and

99.24 668.976 26.1622 9.018 bodies
127.907 668.976 14.4088 9.018 and
144.781 668.976 10.02 9.018 on
157.306 668.976 12.2444 9.018 the
172.025 668.976 15.6112 9.018 free
190.141 668.976 42.1141 9.018 movement
234.76 668.976 8.34666 9.018 of
245.612 668.976 18.2865 9.018 such
266.404 668.976 16.6933 9.018 data
285.602 668.976 14.4188 9.018 (OJ
302.556 668.976 6.12222 9.018 L
311.123 668.976 7.515 9.018 8,
321.103 668.976 42.585 9.018 12.1.2001,
366.153 668.976 7.515 9.018 p.
376.133 668.976 10.8517 9.018 1).

70.86 678.414 6.48 5.832 31

106.86 680.496 37.2343 9.018 Directive
147.581 680.496 48.8575 9.018 2014/65/EU
199.996 680.496 8.34666 9.018 of
211.87 680.496 12.2444 9.018 the
227.581 680.496 38.3566 9.018 European
269.434 680.496 43.2463 9.018 Parliament
316.208 680.496 14.4689 9.018 and
334.184 680.496 8.34666 9.018 of
346.098 680.496 12.1543 9.018 the
361.799 680.496 31.6532 9.018 Council
396.959 680.496 8.34666 9.018 of
408.813 680.496 10.02 9.018 15
422.68 680.496 18.3266 9.018 May
444.443 680.496 20.04 9.018 2014
467.95 680.496 10.02 9.018 on
481.547 680.496 31.6031 9.018 markets
516.688 680.496 7.79556 9.018 in

106.86 691.956 35.0199 9.018 financial
147.351 691.956 46.613 9.018 instruments
199.475 691.956 14.4689 9.018 and
219.445 691.956 39.3686 9.018 amending
264.294 691.956 37.2043 9.018 Directive
306.999 691.956 48.3164 9.018 2002/92/EC
360.797 691.956 14.4288 9.018 and
380.707 691.956 37.1842 9.018 Directive
423.422 691.956 48.8675 9.018 2011/61/EU
477.76 691.956 14.509 9.018 (OJ
497.72 691.956 6.12222 9.018 L
509.293 691.956 14.9699 9.018 173

106.86 703.496 42.5249 9.018 12.6.2014,
151.89 703.496 7.515 9.018 p.
161.91 703.496 20.8115 9.018 349).

70.86 712.934 6.48 5.832 32

106.86 715.016 37.2343 9.018 Directive
147.762 715.016 53.3866 9.018 2009/138/EC
204.805 715.016 8.34666 9.018 of
216.86 715.016 12.1543 9.018 the
232.681 715.016 38.3165 9.018 European
274.735 715.016 43.1862 9.018 Parliament
321.629 715.016 14.4689 9.018 and
339.785 715.016 8.34666 9.018 of
351.839 715.016 12.2444 9.018 the
367.791 715.016 31.6532 9.018 Council
403.121 715.016 8.34666 9.018 of
415.175 715.016 10.02 9.018 25
428.843 715.016 42.1541 9.018 November
474.734 715.016 19.9799 9.018 2009
498.422 715.016 10.02 9.018 on
512.149 715.016 12.1543 9.018 the

106.86 726.476 38.36 9.018 taking-up
151.202 726.476 14.3987 9.018 and
171.472 726.476 27.8055 9.018 pursuit
205.19 726.476 8.34666 9.018 of
219.5 726.476 12.2444 9.018 the
237.606 726.476 33.9277 9.018 business
277.426 726.476 8.34666 9.018 of
291.694 726.476 38.8676 9.018 Insurance
336.504 726.476 14.3987 9.018 and
356.834 726.476 49.3786 9.018 Reinsurance
412.134 726.476 40.571 9.018 (Solvency
458.627 726.476 9.9699 9.018 II)
474.509 726.476 14.509 9.018 (OJ
494.89 726.476 6.12222 9.018 L
506.884 726.476 17.535 9.018 335,

106.86 737.996 47.5349 9.018 17.12.2009,
156.9 737.996 7.515 9.018 p.
166.86 737.996 10.8517 9.018 1).

28.38 784.188 33.348 22.2 EN

291.62 793.224 12 10.8 25

533.62 784.188 33.348 22.2 EN

113.34 59.544 14.664 10.8 the
131.076 59.544 37.956 10.8 Council
169.04 56.7697 8.01 7.182 33
180.14 59.544 17.328 10.8 and
200.528 59.544 5.328 10.8 a
208.916 59.544 63.948 10.8 securitisation
275.9 59.544 33.264 10.8 special
312.236 59.544 37.992 10.8 purpose
353.264 59.544 27.324 10.8 entity
383.588 59.544 10.02 10.8 as
396.668 59.544 35.928 10.8 defined
435.656 59.544 9.336 10.8 in
448.064 59.544 33.44 10.8 Article
484.528 59.544 39.984 10.8 4(1)(66)

113.34 73.344 9.996 10.8 of
126.3 73.344 52.668 10.8 Regulation
181.968 73.344 23.988 10.8 (EU)
208.956 73.344 14.664 10.8 No
226.62 73.344 45.336 10.8 575/2013
274.956 73.344 9.996 10.8 of
287.952 73.344 14.664 10.8 the
305.616 73.344 46.02 10.8 European
354.576 73.344 51.912 10.8 Parliament
409.512 73.344 17.328 10.8 and
429.84 73.344 9.996 10.8 of
442.836 73.344 14.664 10.8 the
460.5 73.344 38.004 10.8 Council
498.58 70.5697 8.01 7.182 34
506.62 73.344 11.28 10.8 ;".

70.86 93.144 13.992 10.8 (2)
99.24 93.144 33.312 10.8 Article
135.576 93.144 6 10.8 4
144.576 93.144 8.004 10.8 is
155.58 93.144 43.212 10.8 amended
201.792 93.144 10.02 10.8 as
214.812 93.144 39.336 10.8 follows:

99.24 112.944 13.344 10.8 (a)
127.58 112.944 9.996 10.8 In
140.576 112.944 47.988 10.8 paragraph
191.504 112.944 9 10.8 1,
203.504 112.944 24.672 10.8 point
231.212 112.944 13.284 10.8 (a)
247.46 112.944 8.004 10.8 is
258.464 112.944 43.26 10.8 amended
304.724 112.944 10.02 10.8 as
317.744 112.944 39.336 10.8 follows:

127.64 132.764 11.376 10.8 (i)
155.96 132.764 29.376 10.8 points
188.336 132.764 11.328 10.8 (i)
202.664 132.764 9.336 10.8 to
214.928 132.764 17.364 10.8 (iv)
235.292 132.764 14.652 10.8 are
252.896 132.764 40.656 10.8 replaced
296.552 132.764 12 10.8 by
311.552 132.764 14.664 10.8 the
329.18 132.764 50.004 10.8 following:

155.96 152.564 16.26 10.8 "(i)
184.28 152.564 40.008 10.8 between
227.816 152.564 17.94 10.8 two
249.284 152.564 41.964 10.8 financial
294.86 152.564 67.932 10.8 counterparties
366.296 152.564 18 10.8 that
387.824 152.564 14.604 10.8 are
405.98 152.564 33.972 10.8 subject
443.456 152.564 9.336 10.8 to
456.284 152.564 14.664 10.8 the
474.44 152.564 50.028 10.8 conditions

184.28 166.364 9.336 10.8 in
196.616 166.364 14.7 10.8 the
214.316 166.364 33.288 10.8 second
250.604 166.364 64.644 10.8 subparagraph
318.248 166.364 9.996 10.8 of
331.208 166.364 33.36 10.8 Article
367.568 166.364 28.656 10.8 4a(1);

155.96 186.164 14.7 10.8 (ii)
184.28 186.164 40.008 10.8 between
227.396 186.164 5.328 10.8 a
235.844 186.164 41.904 10.8 financial
280.88 186.164 60.624 10.8 counterparty
344.576 186.164 18.024 10.8 that
365.672 186.164 8.004 10.8 is
376.82 186.164 33.972 10.8 subject
413.924 186.164 9.336 10.8 to
426.332 186.164 14.664 10.8 the
444.128 186.164 50.004 10.8 conditions
497.216 186.164 9.336 10.8 in
509.684 186.164 14.664 10.8 the

184.28 199.964 33.348 10.8 second
220.916 199.964 64.62 10.8 subparagraph
288.812 199.964 9.996 10.8 of
302.06 199.964 33.312 10.8 Article
338.684 199.964 25.284 10.8 4a(1)
367.28 199.964 17.328 10.8 and
387.908 199.964 5.328 10.8 a
396.536 199.964 64.136 10.8 non-financial
463.924 199.964 60.624 10.8 counterparty

184.28 213.764 18.024 10.8 that
209.696 213.764 8.004 10.8 is
225.164 213.764 33.948 10.8 subject
266.576 213.764 9.336 10.8 to
283.304 213.764 14.664 10.8 the
305.36 213.764 50.028 10.8 conditions
362.816 213.764 9.336 10.8 in
379.544 213.764 14.664 10.8 the
401.66 213.764 33.24 10.8 second
442.328 213.764 64.656 10.8 subparagraph
514.412 213.764 9.996 10.8 of

184.28 227.564 33.312 10.8 Article
220.64 227.564 29.328 10.8 10(1);

155.96 247.364 18.036 10.8 (iii)
184.28 247.364 40.008 10.8 between
231.716 247.364 18 10.8 two
257.144 247.364 64.068 10.8 non-financial
328.664 247.364 67.956 10.8 counterparties
404.06 247.364 18 10.8 that
429.428 247.364 14.676 10.8 are
451.544 247.364 34.02 10.8 subject
492.98 247.364 9.336 10.8 to
509.768 247.364 14.664 10.8 the

184.28 261.164 50.028 10.8 conditions
237.308 261.164 9.336 10.8 in
249.644 261.164 14.664 10.8 the
267.308 261.164 33.348 10.8 second
303.596 261.164 64.608 10.8 subparagraph
371.204 261.164 9.996 10.8 of
384.164 261.164 33.384 10.8 Article
420.5 261.164 29.364 10.8 10(1);

155.96 280.964 17.364 10.8 (iv)
184.28 280.964 43.008 10.8 between,
231.776 280.964 12 10.8 on
248.264 280.964 14.664 10.8 the
267.44 280.964 17.328 10.8 one
289.268 280.964 26.328 10.8 hand,
320.096 280.964 5.328 10.8 a
329.924 280.964 42.012 10.8 financial
376.448 280.964 60.624 10.8 counterparty
441.584 280.964 18 10.8 that
464.072 280.964 8.216 10.8 is
476.728 280.964 34.02 10.8 subject
515.224 280.964 9.336 10.8 to

184.28 294.764 14.664 10.8 the
203.276 294.764 50.004 10.8 conditions
257.564 294.764 9.336 10.8 in
271.232 294.764 14.664 10.8 the
290.228 294.764 33.288 10.8 second
327.836 294.764 64.644 10.8 subparagraph
396.824 294.764 9.996 10.8 of
411.092 294.764 33.372 10.8 Article
448.796 294.764 25.272 10.8 4a(1)
478.352 294.764 9.996 10.8 or
492.68 294.764 5.328 10.8 a
502.328 294.764 22.208 10.8 non-

184.28 308.564 42.012 10.8 financial
230.924 308.564 60.624 10.8 counterparty
296.18 308.564 17.964 10.8 that
318.776 308.564 8.004 10.8 is
331.424 308.564 33.924 10.8 subject
369.98 308.564 9.336 10.8 to
383.948 308.564 14.664 10.8 the
403.244 308.564 49.992 10.8 conditions
457.82 308.564 9.336 10.8 in
471.788 308.564 14.628 10.8 the
491.036 308.564 33.348 10.8 second

184.28 322.364 64.608 10.8 subparagraph
255.536 322.364 9.996 10.8 of
272.144 322.364 33.36 10.8 Article
312.14 322.364 29.028 10.8 10(1),
347.816 322.364 20.28 10.8 and,
374.744 322.364 12 10.8 on
393.392 322.364 14.664 10.8 the
414.728 322.364 24.684 10.8 other
446.084 322.364 26.328 10.8 hand,
479.012 322.364 11.328 10.8 an
497 322.364 27.36 10.8 entity

184.28 336.164 53.352 10.8 established
242.744 336.164 9.336 10.8 in
257.252 336.164 5.328 10.8 a
267.74 336.164 22.704 10.8 third
295.616 336.164 36.648 10.8 country
337.412 336.164 18 10.8 that
360.56 336.164 30.116 10.8 would
395.848 336.164 11.328 10.8 be
412.336 336.164 34.02 10.8 subject
451.54 336.164 9.336 10.8 to
466.048 336.164 14.568 10.8 the
485.776 336.164 38.676 10.8 clearing

184.28 349.964 48.696 10.8 obligation
235.976 349.964 7.332 10.8 if
246.236 349.964 6.672 10.8 it
255.944 349.964 23.316 10.8 were
282.224 349.964 53.352 10.8 established
338.54 349.964 9.336 10.8 in
350.876 349.964 14.64 10.8 the
368.516 349.964 41.592 10.8 Union;";

99.24 369.764 13.992 10.8 (b)
127.58 369.764 9.336 10.8 in
139.916 369.764 47.988 10.8 paragraph
190.88 369.764 9 10.8 1,
202.88 369.764 24.672 10.8 point
230.588 369.764 13.956 10.8 (b)
247.544 369.764 8.004 10.8 is
258.548 369.764 40.632 10.8 replaced
302.18 369.764 12 10.8 by
317.18 369.764 14.664 10.8 the
334.844 369.764 49.956 10.8 following:

127.58 389.444 19.344 10.908 (b)
155.96 389.564 20.688 10.8 they
182.756 389.564 14.604 10.8 are
203.492 389.564 35.316 10.8 entered
244.856 389.564 18.708 10.8 into
269.612 389.564 9.936 10.8 or
285.68 389.564 37.992 10.8 novated
329.768 389.564 14.94 10.8 on,
350.816 389.564 9.996 10.8 or
366.944 389.564 24.936 10.8 after,
397.952 389.564 14.664 10.8 the
418.748 389.564 19.944 10.8 date
444.824 389.564 23.304 10.8 from
474.14 389.564 29.328 10.8 which
509.588 389.564 14.628 10.8 the

155.96 403.244 38.676 10.908 clearing
197.636 403.244 48.636 10.908 obligation
249.236 403.244 24.684 10.908 takes
276.92 403.244 38.916 10.908 effect.;

99.24 423.184 13.344 10.8 (c)
127.58 423.184 14.664 10.8 the
145.268 423.184 46.632 10.8 following
194.9 423.184 48 10.8 paragraph
245.84 423.184 11.328 10.8 3a
260.168 423.184 8.004 10.8 is
271.208 423.184 41.28 10.8 inserted:

127.58 442.984 19.248 10.8 "3a.
153.356 442.984 41.28 10.8 Clearing
201.224 442.984 43.884 10.8 members
251.648 442.984 17.328 10.8 and
275.516 442.984 31.296 10.8 clients
313.352 442.984 29.328 10.8 which
349.22 442.984 36.624 10.8 provide
392.408 442.984 38.58 10.8 clearing
437.516 442.984 41.676 10.8 services,
485.66 442.984 38.652 10.8 whether

127.58 456.784 36.696 10.8 directly
167.936 456.784 9.996 10.8 or
181.544 456.784 48.996 10.8 indirectly,
234.2 456.784 22.644 10.8 shall
260.516 456.784 36.66 10.8 provide
300.824 456.784 25.296 10.8 those
329.792 456.784 38.652 10.8 services
372.068 456.784 27.324 10.8 under
403.064 456.784 19.656 10.8 fair,
426.332 456.784 51.324 10.8 reasonable
481.316 456.784 17.328 10.8 and
502.304 456.784 22.232 10.8 non-

127.58 470.584 69.984 10.8 discriminatory
200.564 470.584 56.58 10.8 commercial
260.168 470.584 29.568 10.8 terms.

127.58 490.324 18.66 10.8 The
149.708 490.324 60.684 10.8 Commission
213.86 490.324 22.668 10.8 shall
240.008 490.324 11.268 10.8 be
254.756 490.324 56.052 10.8 empowered
314.276 490.324 9.336 10.8 to
327.104 490.324 26.664 10.8 adopt
357.26 490.324 5.328 10.8 a
366.008 490.324 46.008 10.8 delegated
415.484 490.324 13.992 10.8 act
432.932 490.324 9.336 10.8 in
445.76 490.324 53.916 10.8 accordance
503.168 490.324 21.3 10.8 with

127.58 504.124 33.312 10.8 Article
164.744 504.124 12 10.8 82
180.572 504.124 9.336 10.8 to
193.76 504.124 34.68 10.8 specify
232.256 504.124 14.664 10.8 the
250.772 504.124 50.004 10.8 conditions
304.556 504.124 27.324 10.8 under
335.732 504.124 29.328 10.8 which
368.9 504.124 56.628 10.8 commercial
429.38 504.124 26.616 10.8 terms
459.836 504.124 38.052 10.8 referred
501.728 504.124 9.336 10.8 to
514.916 504.124 9.336 10.8 in

127.58 517.924 14.664 10.8 the
152.336 517.924 19.296 10.8 first
181.724 517.924 64.62 10.8 subparagraph
256.34 517.924 14.676 10.8 are
281.096 517.924 51.936 10.8 considered
343.112 517.924 9.336 10.8 to
362.48 517.924 11.328 10.8 be
383.888 517.924 19.656 10.8 fair,
413.636 517.924 51.252 10.8 reasonable
474.92 517.924 17.28 10.8 and
502.268 517.924 22.268 10.8 non-

127.58 531.724 81.216 10.8 discriminatory.";

70.86 551.524 13.992 10.8 (3)
99.24 551.524 18.66 10.8 The
120.9 551.524 46.668 10.8 following
170.568 551.524 33.312 10.8 Article
206.904 551.524 11.268 10.8 4a
221.172 551.524 8.028 10.8 is
232.2 551.524 41.316 10.8 inserted:

70.86 678.414 6.48 5.832 33

106.86 680.496 43.9177 9.018 Regulation
155.146 680.496 19.9298 9.018 (EU)
179.425 680.496 12.2144 9.018 No
196.038 680.496 37.7353 9.018 909/2014
238.132 680.496 8.34666 9.018 of
250.837 680.496 12.2444 9.018 the
267.39 680.496 38.2964 9.018 European
310.026 680.496 43.3165 9.018 Parliament
357.711 680.496 14.4288 9.018 and
376.478 680.496 8.34666 9.018 of
389.234 680.496 12.1543 9.018 the
405.717 680.496 31.7333 9.018 Council
441.768 680.496 8.34666 9.018 of
454.414 680.496 10.02 9.018 23
468.802 680.496 16.6432 9.018 July
489.794 680.496 20.04 9.018 2014
514.143 680.496 10.02 9.018 on

106.86 691.956 41.6331 9.018 improving
153.673 691.956 37.7253 9.018 securities
196.549 691.956 41.092 9.018 settlement
242.791 691.956 7.79556 9.018 in
255.677 691.956 12.2444 9.018 the
273.012 691.956 38.3165 9.018 European
316.448 691.956 25.0099 9.018 Union
346.609 691.956 14.4288 9.018 and
366.158 691.956 10.02 9.018 on
381.328 691.956 27.1542 9.018 central
413.602 691.956 38.0009 9.018 securities
456.693 691.956 48.3465 9.018 depositories
510.19 691.956 14.3987 9.018 and

106.86 703.496 39.4187 9.018 amending
151.76 703.496 41.102 9.018 Directives
198.373 703.496 38.2964 9.018 98/26/EC
242.15 703.496 14.4288 9.018 and
262.12 703.496 48.8475 9.018 2014/65/EU
316.498 703.496 14.3987 9.018 and
336.408 703.496 43.9177 9.018 Regulation
385.777 703.496 20.03 9.018 (EU)
411.328 703.496 12.2144 9.018 No
429.023 703.496 37.7954 9.018 236/2012
472.329 703.496 14.4288 9.018 (OJ
492.239 703.496 6.12222 9.018 L
509.323 703.496 15.03 9.018 257

106.86 715.016 42.5249 9.018 28.8.2014,
151.89 715.016 7.515 9.018 p.
161.91 715.016 10.7915 9.018 1).

70.86 724.394 6.48 5.832 34

106.86 726.476 43.9177 9.018 Regulation
155.026 726.476 19.9899 9.018 (EU)
179.244 726.476 12.2444 9.018 No
195.727 726.476 37.7954 9.018 575/2013
237.761 726.476 8.34666 9.018 of
250.396 726.476 12.1543 9.018 the
266.819 726.476 38.2964 9.018 European
309.394 726.476 43.2563 9.018 Parliament
356.899 726.476 14.4288 9.018 and
375.606 726.476 8.34666 9.018 of
388.192 726.476 12.2444 9.018 the
404.624 726.476 31.7333 9.018 Council
440.556 726.476 8.34666 9.018 of
453.131 726.476 10.02 9.018 26
467.4 726.476 18.3667 9.018 June
489.945 726.476 20.04 9.018 2013
514.233 726.476 10.02 9.018 on

106.86 737.996 40.581 9.018 prudential
149.916 737.996 52.084 9.018 requirements
204.505 737.996 11.7134 9.018 for
218.763 737.996 22.7822 9.018 credit
244.051 737.996 44.4287 9.018 institutions
290.984 737.996 14.4689 9.018 and
307.958 737.996 43.8575 9.018 investment
354.321 737.996 21.062 9.018 firms
377.888 737.996 14.4689 9.018 (OJ
394.862 737.996 6.12222 9.018 L
403.489 737.996 17.535 9.018 176,
423.489 737.996 42.4848 9.018 27.6.2013,
468.479 737.996 7.515 9.018 p.
478.499 737.996 10.8116 9.018 1).

28.38 784.188 33.348 22.2 EN

291.62 793.224 12 10.8 26

533.62 784.188 33.348 22.2 EN

285.38 59.424 37.992 10.908 Article
326.396 59.544 12 10.8 4a

175.22 91.404 46.704 10.8 Financial
224.888 91.404 69.972 10.8 counterparties
297.86 91.404 33.996 10.8 subject
334.856 91.404 9.336 10.8 to
347.192 91.404 6 10.8 a
356.192 91.404 39.96 10.8 clearing
399.152 91.404 49.368 10.8 obligation

99.24 111.144 9 10.8 1.

127.58 111.144 8.664 10.8 A
143.408 111.144 42.012 10.8 financial
192.584 111.144 60.648 10.8 counterparty
260.408 111.144 30.024 10.8 taking
297.644 111.144 43.296 10.8 positions
348.14 111.144 9.336 10.8 in
364.688 111.144 24 10.8 OTC
395.816 111.144 48.072 10.8 derivative
451.088 111.144 43.284 10.8 contracts
501.596 111.144 22.704 10.8 shall

99.24 124.944 45.684 10.8 calculate,
149.952 124.944 44.304 10.8 annually,
199.368 124.944 11.34 10.8 its
215.736 124.944 46.668 10.8 aggregate
267.492 124.944 52.136 10.8 month-end
324.728 124.944 37.284 10.8 average
367.124 124.944 38.628 10.8 position
410.84 124.944 13.992 10.8 for
429.908 124.944 14.664 10.8 the
449.684 124.944 35.34 10.8 months
490.112 124.944 34.32 10.8 March,

99.24 138.764 25.332 10.8 April
127.608 138.764 17.328 10.8 and
147.936 138.764 21.96 10.8 May
172.896 138.764 9.36 10.8 in
185.256 138.764 53.972 10.8 accordance
242.228 138.764 21.36 10.8 with
266.588 138.764 47.976 10.8 paragraph
317.564 138.764 9 10.8 3.

99.24 158.564 31.956 10.8 Where
134.256 158.564 14.664 10.8 the
151.992 158.564 26.664 10.8 result
181.74 158.564 9.996 10.8 of
194.748 158.564 18 10.8 that
215.796 158.564 52.668 10.8 calculation
271.5 158.564 37.956 10.8 exceeds
312.516 158.564 14.664 10.8 the
330.204 158.564 38.628 10.8 clearing
371.88 158.564 49.284 10.8 thresholds
424.236 158.564 43.32 10.8 specified
470.604 158.564 41.352 10.8 pursuant
514.956 158.564 9.384 10.8 to

99.24 172.364 33.312 10.8 Article
135.576 172.364 42.984 10.8 10(4)(b),
181.56 172.364 14.664 10.8 the
199.224 172.364 41.952 10.8 financial
244.152 172.364 60.684 10.8 counterparty
307.776 172.364 26.004 10.8 shall:

99.24 192.164 13.344 10.8 (a)
127.58 192.164 59.964 10.8 immediately
190.544 192.164 28.704 10.8 notify
222.248 192.164 33.288 10.8 ESMA
258.536 192.164 17.328 10.8 and
278.864 192.164 14.664 10.8 the
296.528 192.164 38.664 10.8 relevant
338.192 192.164 49.956 10.8 competent
391.112 192.164 43.284 10.8 authority
437.396 192.164 37.296 10.8 thereof;

99.24 211.964 13.992 10.8 (b)
127.58 211.964 11.328 10.8 be
145.148 211.964 33.972 10.8 subject
185.312 211.964 9.336 10.8 to
200.84 211.964 14.748 10.8 the
221.828 211.964 38.58 10.8 clearing
266.624 211.964 48.636 10.8 obligation
321.488 211.964 37.956 10.8 referred
365.684 211.964 9.336 10.8 to
381.212 211.964 9.336 10.8 in
396.8 211.964 33.312 10.8 Article
433.18 211.964 6 10.8 4
445.408 211.964 13.992 10.8 for
465.616 211.964 28.656 10.8 future
500.524 211.964 24 10.8 OTC

127.58 225.764 48.012 10.8 derivative
179.816 225.764 46.308 10.8 contracts,
230.312 225.764 55.956 10.8 irrespective
290.528 225.764 9.996 10.8 of
304.616 225.764 14.664 10.8 the
323.492 225.764 23.352 10.8 asset
351.056 225.764 23.328 10.8 class
378.584 225.764 9.996 10.8 or
392.792 225.764 23.352 10.8 asset
420.296 225.764 33.324 10.8 classes
457.82 225.764 13.992 10.8 for
476.048 225.764 29.328 10.8 which
509.576 225.764 14.664 10.8 the

127.58 239.564 38.676 10.8 clearing
169.256 239.564 44.628 10.8 threshold
216.884 239.564 15.996 10.8 has
235.904 239.564 22.608 10.8 been
261.512 239.564 47.964 10.8 exceeded;

99.24 259.364 13.344 10.8 (c)
127.58 259.364 23.34 10.8 clear
154.196 259.364 14.664 10.8 the
172.172 259.364 43.308 10.8 contracts
218.768 259.364 37.956 10.8 referred
260.012 259.364 9.336 10.8 to
272.66 259.364 9.336 10.8 in
285.308 259.364 24.636 10.8 point
313.256 259.364 13.992 10.8 (b)
330.572 259.364 30.636 10.8 within
364.46 259.364 19.992 10.8 four
387.788 259.364 35.316 10.8 months
426.404 259.364 9.996 10.8 of
439.9 259.364 47.376 10.8 becoming
490.564 259.364 34.02 10.8 subject

127.58 273.164 9.336 10.8 to
139.916 273.164 14.7 10.8 the
157.616 273.164 38.592 10.8 clearing
199.208 273.164 51.624 10.8 obligation.

99.24 292.964 9 10.8 2.

127.58 292.964 8.664 10.8 A
141.668 292.964 42.012 10.8 financial
189.104 292.964 60.576 10.8 counterparty
255.128 292.964 18 10.8 that
278.576 292.964 15.996 10.8 has
299.924 292.964 37.248 10.8 become
342.632 292.964 34.02 10.8 subject
382.088 292.964 9.336 10.8 to
396.836 292.964 14.664 10.8 the
416.864 292.964 38.676 10.8 clearing
461 292.964 48.612 10.8 obligation
515.048 292.964 9.336 10.8 in

99.24 306.764 53.952 10.8 accordance
157.164 306.764 21.336 10.8 with
182.532 306.764 47.952 10.8 paragraph
234.468 306.764 6 10.8 1
244.476 306.764 17.328 10.8 and
265.824 306.764 62.604 10.8 subsequently
332.4 306.764 63.288 10.8 demonstrates
399.684 306.764 9.336 10.8 to
413.052 306.764 14.628 10.8 the
431.7 306.764 38.604 10.8 relevant
474.348 306.764 49.932 10.8 competent

99.24 320.564 43.356 10.8 authority
145.656 320.564 18 10.8 that
166.704 320.564 11.376 10.8 its
181.14 320.564 46.572 10.8 aggregate
230.784 320.564 52.064 10.8 month-end
285.908 320.564 37.38 10.8 average
326.348 320.564 38.736 10.8 position
368.132 320.564 13.992 10.8 for
385.16 320.564 14.628 10.8 the
402.908 320.564 35.244 10.8 months
441.284 320.564 34.356 10.8 March,
478.7 320.564 25.296 10.8 April
507.068 320.564 17.328 10.8 and

99.24 334.364 21.996 10.8 May
124.488 334.364 9.996 10.8 of
137.676 334.364 5.328 10.8 a
146.244 334.364 26.628 10.8 given
176.112 334.364 20.652 10.8 year
200.028 334.364 12 10.8 no
215.136 334.364 30.66 10.8 longer
249.072 334.364 37.932 10.8 exceeds
290.22 334.364 14.664 10.8 the
308.136 334.364 38.58 10.8 clearing
349.932 334.364 44.7 10.8 threshold
397.788 334.364 38.016 10.8 referred
438.972 334.364 9.336 10.8 to
451.5 334.364 9.336 10.8 in
464.028 334.364 48 10.8 paragraph
515.184 334.364 9 10.8 1,

99.24 348.164 22.704 10.8 shall
124.944 348.164 12 10.8 no
139.908 348.164 30.624 10.8 longer
173.556 348.164 11.328 10.8 be
187.884 348.164 33.936 10.8 subject
224.844 348.164 9.336 10.8 to
237.144 348.164 14.664 10.8 the
254.832 348.164 38.628 10.8 clearing
296.46 348.164 48.6 10.8 obligation
348.06 348.164 13.332 10.8 set
364.428 348.164 15.336 10.8 out
382.728 348.164 9.336 10.8 in
395.028 348.164 33.312 10.8 Article
431.364 348.164 9 10.8 4.

99.24 367.964 9 10.8 3.

127.58 367.964 9.996 10.8 In
141.728 367.964 52.656 10.8 calculating
198.476 367.964 14.664 10.8 the
217.292 367.964 43.296 10.8 positions
264.728 367.964 37.956 10.8 referred
306.764 367.964 9.336 10.8 to
320.252 367.964 9.336 10.8 in
333.86 367.964 47.916 10.8 paragraph
385.904 367.964 9 10.8 1,
399.032 367.964 14.628 10.8 the
417.8 367.964 41.988 10.8 financial
463.928 367.964 60.624 10.8 counterparty

99.24 381.764 22.704 10.8 shall
125.556 381.764 35.256 10.8 include
164.412 381.764 12.024 10.8 all
180.048 381.764 24 10.8 OTC
207.576 381.764 48.06 10.8 derivative
259.248 381.764 43.308 10.8 contracts
306.144 381.764 35.292 10.8 entered
345 381.764 18.708 10.8 into
367.296 381.764 12 10.8 by
382.884 381.764 17.964 10.8 that
404.46 381.764 41.964 10.8 financial
449.976 381.764 60.648 10.8 counterparty
514.2 381.764 9.996 10.8 or

99.24 395.564 35.34 10.8 entered
140.196 395.564 18.636 10.8 into
164.424 395.564 12 10.8 by
182.052 395.564 24.66 10.8 other
212.34 395.564 34.656 10.8 entities
252.576 395.564 30.672 10.8 within
288.864 395.564 14.664 10.8 the
309.18 395.564 27.936 10.8 group
342.708 395.564 9.336 10.8 to
357.696 395.564 29.328 10.8 which
392.604 395.564 17.964 10.8 that
416.22 395.564 41.94 10.8 financial
463.788 395.564 60.612 10.8 counterparty

99.24 409.364 48.588 10.8 belongs.";

70.86 429.184 13.992 10.8 (4)

113.34 429.184 9.996 10.8 In
126.336 429.184 33.36 10.8 Article
162.696 429.184 22.944 10.8 5(2),
188.64 429.184 24.672 10.8 point
216.276 429.184 13.344 10.8 (c)
232.62 429.184 8.004 10.8 is
243.68 429.184 37.992 10.8 deleted;

70.86 448.984 13.992 10.8 (5)

113.34 448.984 9.996 10.8 In
126.336 448.984 33.36 10.8 Article
162.696 448.984 22.944 10.8 6(2),
188.64 448.984 24.672 10.8 point
216.276 448.984 13.344 10.8 (e)
232.62 448.984 8.004 10.8 is
243.624 448.984 37.956 10.8 deleted;

70.86 468.784 13.992 10.8 (6)

113.34 468.784 18.66 10.8 The
135 468.784 46.668 10.8 following
184.668 468.784 33.312 10.8 Article
221.004 468.784 11.94 10.8 6b
235.944 468.784 8.004 10.8 is
246.948 468.784 41.328 10.8 inserted:

285.38 500.464 37.992 10.908 Article
326.396 500.584 12 10.8 6b

147.86 532.384 54.024 10.8 Suspension
204.848 532.384 9.336 10.8 of
217.184 532.384 39.984 10.8 clearing
260.168 532.384 49.344 10.8 obligation
312.512 532.384 9.36 10.8 in
324.812 532.384 46.692 10.8 situations
374.504 532.384 25.272 10.8 other
402.776 532.384 21.372 10.8 than
427.148 532.384 48.708 10.8 resolution

99.24 552.124 9 10.8 1.

127.58 552.124 9.996 10.8 In
141.068 552.124 67.92 10.8 circumstances
212.48 552.124 24.624 10.8 other
240.536 552.124 20.628 10.8 than
264.644 552.124 25.332 10.8 those
293.432 552.124 37.908 10.8 referred
334.748 552.124 9.336 10.8 to
347.576 552.124 9.336 10.8 in
360.284 552.124 33.312 10.8 Article
397.088 552.124 28.272 10.8 6a(1),
428.816 552.124 33.336 10.8 ESMA
465.584 552.124 20.664 10.8 may
489.692 552.124 34.62 10.8 request

99.24 565.924 18.024 10.8 that
122.22 565.924 14.628 10.8 the
141.768 565.924 60.648 10.8 Commission
207.324 565.924 38.664 10.8 suspend
250.932 565.924 14.664 10.8 the
270.468 565.924 38.676 10.8 clearing
314.064 565.924 48.66 10.8 obligation
367.62 565.924 37.956 10.8 referred
410.484 565.924 9.336 10.8 to
424.752 565.924 9.336 10.8 in
439.02 565.924 33.276 10.8 Article
475.54 565.924 19.932 10.8 4(1)
500.416 565.924 13.992 10.8 for
519.244 565.924 5.328 10.8 a

99.24 579.724 37.344 10.8 specific
140.136 579.724 23.268 10.8 class
166.944 579.724 9.996 10.8 of
180.492 579.724 24 10.8 OTC
208.02 579.724 48.012 10.8 derivative
259.584 579.724 9.996 10.8 or
273.132 579.724 13.992 10.8 for
290.64 579.724 5.328 10.8 a
299.508 579.724 37.344 10.8 specific
340.344 579.724 20.664 10.8 type
364.56 579.724 9.996 10.8 of
378.048 579.724 60.732 10.8 counterparty
442.332 579.724 29.316 10.8 where
475.2 579.724 17.328 10.8 one
496.068 579.724 9.996 10.8 of
509.616 579.724 14.664 10.8 the

99.24 593.524 46.668 10.8 following
148.908 593.524 50.028 10.8 conditions
201.888 593.524 8.004 10.8 is
212.892 593.524 21.24 10.8 met:

99.24 613.324 13.344 10.8 (a)
127.58 613.324 14.664 10.8 the
146.036 613.324 23.304 10.8 class
173.132 613.324 9.996 10.8 of
186.86 613.324 24 10.8 OTC
214.568 613.324 48.036 10.8 derivative
266.372 613.324 8.004 10.8 is
278.18 613.324 12 10.8 no
293.948 613.324 30.624 10.8 longer
328.364 613.324 37.356 10.8 suitable
369.44 613.324 14.156 10.8 for
387.388 613.324 32.688 10.8 central
423.844 613.324 38.628 10.8 clearing
466.24 613.324 12 10.8 on
482.008 613.324 14.628 10.8 the
500.416 613.324 24.036 10.8 basis

127.58 627.124 9.996 10.8 of
140.708 627.124 14.664 10.8 the
158.564 627.124 34.008 10.8 criteria
195.74 627.124 38.016 10.8 referred
236.864 627.124 9.336 10.8 to
249.332 627.124 9.336 10.8 in
261.86 627.124 14.664 10.8 the
279.716 627.124 19.332 10.8 first
302.192 627.124 64.62 10.8 subparagraph
369.908 627.124 9.996 10.8 of
383.036 627.124 47.976 10.8 paragraph
434.26 627.124 6 10.8 4
443.428 627.124 17.328 10.8 and
463.936 627.124 9.336 10.8 in
476.464 627.124 48 10.8 paragraph

127.58 640.924 6 10.8 5
136.58 640.924 9.996 10.8 of
149.576 640.924 33.324 10.8 Article
185.9 640.924 9.336 10.8 5;

99.24 660.724 13.992 10.8 (b)
127.58 660.724 5.328 10.8 a
135.908 660.724 22.644 10.8 CCP
161.552 660.724 8.004 10.8 is
172.556 660.724 27.396 10.8 likely
202.952 660.724 9.372 10.8 to
215.324 660.724 25.98 10.8 cease
244.244 660.724 38.676 10.8 clearing
285.92 660.724 17.964 10.8 that
306.884 660.724 37.344 10.8 specific
347.228 660.724 23.28 10.8 class
373.508 660.724 9.996 10.8 of
386.468 660.724 24 10.8 OTC
413.408 660.724 48.06 10.8 derivative
464.432 660.724 17.28 10.8 and
484.712 660.724 12 10.8 no
499.712 660.724 24.684 10.8 other

127.58 674.524 22.632 10.8 CCP
153.212 674.524 8.004 10.8 is
164.216 674.524 20.016 10.8 able
187.196 674.524 9.336 10.8 to
199.532 674.524 23.34 10.8 clear
225.872 674.524 17.964 10.8 that
246.8 674.524 37.428 10.8 specific
287.228 674.524 23.28 10.8 class
313.508 674.524 9.996 10.8 of
326.504 674.524 23.952 10.8 OTC
353.42 674.524 48.072 10.8 derivative
404.492 674.524 36.588 10.8 without
444.08 674.524 59.952 10.8 interruption;

99.24 694.344 13.344 10.8 (c)
127.58 694.344 14.664 10.8 the
145.796 694.344 52.632 10.8 suspension
201.944 694.344 9.996 10.8 of
215.432 694.344 14.664 10.8 the
233.648 694.344 38.628 10.8 clearing
275.804 694.344 48.576 10.8 obligation
327.908 694.344 13.992 10.8 for
345.356 694.344 5.328 10.8 a
354.224 694.344 37.308 10.8 specific
395 694.344 23.352 10.8 class
421.796 694.344 9.996 10.8 of
435.284 694.344 24 10.8 OTC
462.752 694.344 48.072 10.8 derivative
514.304 694.344 9.996 10.8 or

127.58 708.144 13.992 10.8 for
144.788 708.144 5.328 10.8 a
153.356 708.144 37.344 10.8 specific
193.952 708.144 20.664 10.8 type
217.868 708.144 9.996 10.8 of
231.056 708.144 60.732 10.8 counterparty
295.04 708.144 8.004 10.8 is
306.248 708.144 46.692 10.8 necessary
356.192 708.144 9.336 10.8 to
368.72 708.144 26.688 10.8 avoid
398.636 708.144 9.996 10.8 or
411.884 708.144 36.012 10.8 address
451.148 708.144 5.328 10.8 a
459.716 708.144 33.948 10.8 serious
496.904 708.144 27.36 10.8 threat

127.58 721.944 9.336 10.8 to
139.916 721.944 41.988 10.8 financial
184.868 721.944 38.676 10.8 stability
226.58 721.944 9.336 10.8 in
238.916 721.944 14.664 10.8 the
256.58 721.944 30 10.8 Union
289.58 721.944 17.328 10.8 and
309.908 721.944 18.024 10.8 that
330.956 721.944 52.584 10.8 suspension
386.564 721.944 8.004 10.8 is
397.568 721.944 64.62 10.8 proportionate
465.14 721.944 9.336 10.8 to
477.44 721.944 18.024 10.8 that
498.464 721.944 20.904 10.8 aim.

28.38 784.188 33.348 22.2 EN

291.62 793.224 12 10.8 27

533.62 784.188 33.348 22.2 EN

99.24 59.544 16.668 10.8 For
119.928 59.544 14.664 10.8 the
138.624 59.544 42.624 10.8 purposes
185.292 59.544 9.996 10.8 of
199.26 59.544 24.672 10.8 point
227.976 59.544 13.344 10.8 (c)
245.352 59.544 9.996 10.8 of
259.32 59.544 14.664 10.8 the
278.016 59.544 19.272 10.8 first
301.272 59.544 67.656 10.8 subparagraph,
372.936 59.544 33.336 10.8 ESMA
410.244 59.544 22.704 10.8 shall
436.98 59.544 34.632 10.8 consult
475.656 59.544 14.664 10.8 the
494.352 59.544 29.904 10.8 ESRB

99.24 73.344 23.364 10.8 prior
125.568 73.344 9.336 10.8 to
137.904 73.344 14.7 10.8 the
155.556 73.344 34.656 10.8 request
193.212 73.344 37.956 10.8 referred
234.168 73.344 9.336 10.8 to
246.504 73.344 36.288 10.8 therein.

99.24 93.144 31.956 10.8 Where
134.796 93.144 33.336 10.8 ESMA
171.684 93.144 39.348 10.8 requests
214.62 93.144 17.964 10.8 that
236.196 93.144 14.628 10.8 the
254.424 93.144 60.564 10.8 Commission
318.6 93.144 38.664 10.8 suspend
360.888 93.144 14.664 10.8 the
379.116 93.144 38.652 10.8 clearing
421.38 93.144 48.808 10.8 obligation
473.716 93.144 38.016 10.8 referred
515.26 93.144 9.336 10.8 to

99.24 106.944 9.336 10.8 in
113.568 106.944 33.312 10.8 Article
151.824 106.944 22.968 10.8 4(1),
179.7 106.944 6.672 10.8 it
191.376 106.944 22.62 10.8 shall
218.904 106.944 36.696 10.8 provide
260.52 106.944 36.012 10.8 reasons
301.476 106.944 17.328 10.8 and
323.784 106.944 32.532 10.8 submit
361.32 106.944 42.636 10.8 evidence
408.936 106.944 18 10.8 that
431.904 106.944 8.616 10.8 at
445.512 106.944 21.924 10.8 least
472.44 106.944 17.328 10.8 one
494.748 106.944 9.996 10.8 of
509.616 106.944 14.628 10.8 the

99.24 120.744 50.028 10.8 conditions
152.268 120.744 18 10.8 laid
173.268 120.744 26.664 10.8 down
202.932 120.744 9.336 10.8 in
215.208 120.744 14.664 10.8 the
232.896 120.744 19.284 10.8 first
255.18 120.744 64.644 10.8 subparagraph
322.824 120.744 8.004 10.8 is
333.828 120.744 41.652 10.8 fulfilled.

99.24 140.564 9 10.8 2.

127.58 140.564 18.66 10.8 The
149.24 140.564 34.68 10.8 request
186.848 140.564 38.016 10.8 referred
227.804 140.564 9.336 10.8 to
240.14 140.564 9.336 10.8 in
252.476 140.564 47.976 10.8 paragraph
303.404 140.564 6 10.8 1
312.404 140.564 22.704 10.8 shall
338.108 140.564 15.3 10.8 not
356.408 140.564 11.292 10.8 be
370.7 140.564 25.908 10.8 made
399.608 140.564 33.06 10.8 public.

99.24 160.364 9 10.8 3.

127.58 160.364 18.66 10.8 The
150.368 160.364 60.684 10.8 Commission
215.24 160.364 25.668 10.8 shall,
244.988 160.364 30.708 10.8 within
279.824 160.364 12 10.8 48
295.952 160.364 26.604 10.8 hours
326.708 160.364 9.996 10.8 of
340.796 160.364 14.664 10.8 the
359.552 160.364 34.68 10.8 request
398.336 160.364 37.944 10.8 referred
440.42 160.364 9.336 10.8 to
453.848 160.364 9.336 10.8 in
467.336 160.364 47.94 10.8 paragraph
518.5 160.364 6 10.8 1

99.24 174.164 17.328 10.8 and
120.228 174.164 27.348 10.8 based
151.224 174.164 12 10.8 on
166.872 174.164 14.664 10.8 the
185.208 174.164 36.012 10.8 reasons
224.844 174.164 17.328 10.8 and
245.832 174.164 42.624 10.8 evidence
292.128 174.164 42.696 10.8 provided
338.424 174.164 12 10.8 by
354.072 174.164 36.336 10.8 ESMA,
394.02 174.164 27.372 10.8 either
425.064 174.164 38.664 10.8 suspend
467.352 174.164 14.664 10.8 the
485.688 174.164 38.628 10.8 clearing

99.24 187.964 48.696 10.8 obligation
155.544 187.964 13.896 10.8 for
177.072 187.964 14.664 10.8 the
199.32 187.964 37.236 10.8 specific
244.188 187.964 23.304 10.8 class
275.064 187.964 9.936 10.8 of
292.572 187.964 24 10.8 OTC
324.12 187.964 48.036 10.8 derivative
379.764 187.964 9.936 10.8 or
397.272 187.964 13.992 10.8 for
418.86 187.964 14.664 10.8 the
441.156 187.964 37.248 10.8 specific
485.952 187.964 20.664 10.8 type
514.188 187.964 10.044 10.8 of

99.24 201.764 60.66 10.8 counterparty
162.864 201.764 38.016 10.8 referred
203.82 201.764 9.336 10.8 to
216.156 201.764 9.336 10.8 in
228.56 201.764 48 10.8 paragraph
279.488 201.764 9 10.8 1,
291.488 201.764 9.996 10.8 or
304.484 201.764 26.688 10.8 reject
334.172 201.764 14.592 10.8 the
351.764 201.764 46.008 10.8 requested
400.724 201.764 55.716 10.8 suspension.

99.24 221.564 9 10.8 4.

127.58 221.444 18.66 10.908 The
155.648 221.444 69.36 10.908 Commissions
234.44 221.444 39.972 10.908 decision
283.856 221.444 9.336 10.908 to
302.564 221.444 38.664 10.908 suspend
350.672 221.444 14.628 10.908 the
374.72 221.444 38.676 10.908 clearing
422.756 221.444 48.708 10.908 obligation
480.812 221.444 22.704 10.908 shall
512.948 221.444 11.328 10.908 be

99.24 235.364 70.644 10.8 communicated
173.484 235.364 9.336 10.8 to
186.432 235.364 33.336 10.8 ESMA
223.32 235.364 17.328 10.8 and
244.248 235.364 22.668 10.8 shall
270.516 235.364 11.268 10.8 be
285.384 235.364 46.656 10.8 published
335.58 235.364 9.336 10.8 in
348.528 235.364 14.664 10.8 the
366.804 235.364 37.224 10.8 Official
407.64 235.364 35.292 10.8 Journal
446.544 235.364 9.996 10.8 of
460.092 235.364 14.664 10.8 the
478.368 235.364 45.984 10.8 European

99.24 249.044 33 10.908 Union,
135.24 249.044 12 10.908 on
150.24 249.044 14.664 10.908 the
167.928 249.044 69.312 10.908 Commissions
240.24 249.044 36.684 10.908 website
279.84 249.044 17.328 10.908 and
300.168 249.044 9.336 10.908 in
312.504 249.044 14.712 10.908 the
330.216 249.044 30.08 10.908 public
363.248 249.164 35.964 10.8 register
402.212 249.164 38.004 10.8 referred
443.216 249.164 9.336 10.8 to
455.504 249.164 9.336 10.8 in
467.84 249.164 33.36 10.8 Article
504.28 249.164 9 10.8 6.

99.24 268.964 9 10.8 5.

127.58 268.964 8.664 10.8 A
139.448 268.964 52.668 10.8 suspension
195.344 268.964 9.996 10.8 of
208.532 268.964 14.664 10.8 the
226.448 268.964 38.616 10.8 clearing
268.292 268.964 48.6 10.8 obligation
320.108 268.964 41.304 10.8 pursuant
364.604 268.964 9.336 10.8 to
377.192 268.964 17.304 10.8 this
397.76 268.964 33.252 10.8 Article
434.216 268.964 22.668 10.8 shall
460.124 268.964 11.268 10.8 be
474.632 268.964 23.988 10.8 valid
501.848 268.964 13.992 10.8 for
518.996 268.964 5.328 10.8 a

99.24 282.764 30.684 10.8 period
133.056 282.764 9.996 10.8 of
146.124 282.764 23.988 10.8 three
173.232 282.764 35.244 10.8 months
211.608 282.764 23.412 10.8 from
238.032 282.764 14.664 10.8 the
255.828 282.764 20.016 10.8 date
278.904 282.764 9.996 10.8 of
291.972 282.764 14.664 10.8 the
309.768 282.764 54.012 10.8 publication
366.912 282.764 9.996 10.8 of
379.98 282.764 18 10.8 that
401.028 282.764 52.704 10.8 suspension
456.804 282.764 9.336 10.8 in
469.212 282.764 14.664 10.8 the
487.008 282.764 37.26 10.8 Official

99.24 296.564 35.352 10.8 Journal
137.616 296.564 9.996 10.8 of
150.612 296.564 14.592 10.8 the
168.204 296.564 46.008 10.8 European
217.164 296.564 33 10.8 Union.

99.24 316.364 9 10.8 6.

127.58 316.364 18.648 10.8 The
150.128 316.364 63.684 10.8 Commission,
217.7 316.364 21.984 10.8 after
243.536 316.364 50.04 10.8 consulting
297.452 316.364 36.264 10.8 ESMA,
337.64 316.364 20.568 10.8 may
362.168 316.364 32.016 10.8 extend
398.084 316.364 14.628 10.8 the
416.612 316.364 52.644 10.8 suspension
473.168 316.364 37.908 10.8 referred
514.964 316.364 9.336 10.8 to

99.24 330.164 9.336 10.8 in
114.288 330.164 47.916 10.8 paragraph
167.892 330.164 6 10.8 5
179.58 330.164 13.992 10.8 for
199.248 330.164 48 10.8 additional
252.96 330.164 35.256 10.8 periods
293.916 330.164 9.996 10.8 of
309.564 330.164 24.024 10.8 three
339.24 330.164 38.268 10.8 months,
383.196 330.164 21.384 10.8 with
410.292 330.164 14.628 10.8 the
430.62 330.164 21.324 10.8 total
457.596 330.164 30.684 10.8 period
493.992 330.164 9.996 10.8 of
509.64 330.164 14.628 10.8 the

99.24 343.964 52.704 10.8 suspension
157.896 343.964 15.336 10.8 not
179.304 343.964 48.6 10.8 exceeding
233.952 343.964 32.016 10.8 twelve
271.908 343.964 38.34 10.8 months.
316.296 343.964 14.664 10.8 An
336.984 343.964 45.972 10.8 extension
388.98 343.964 9.996 10.8 of
404.988 343.964 14.664 10.8 the
425.724 343.964 52.668 10.8 suspension
484.44 343.964 22.62 10.8 shall
513.048 343.964 11.328 10.8 be

99.24 357.764 46.704 10.8 published
148.908 357.764 9.336 10.8 in
161.208 357.764 53.996 10.8 accordance
218.168 357.764 21.336 10.8 with
242.504 357.764 33.36 10.8 Article
278.84 357.764 9 10.8 4.

99.24 377.564 16.668 10.8 For
120.408 377.564 14.664 10.8 the
139.584 377.564 42.6 10.8 purposes
186.672 377.564 9.996 10.8 of
201.12 377.564 14.664 10.8 the
220.248 377.564 19.332 10.8 first
244.104 377.564 67.596 10.8 subparagraph,
316.152 377.564 14.664 10.8 the
335.268 377.564 60.612 10.8 Commission
400.392 377.564 22.704 10.8 shall
427.548 377.564 28.632 10.8 notify
460.656 377.564 33.336 10.8 ESMA
498.444 377.564 9.996 10.8 of
512.892 377.564 11.376 10.8 its

99.24 391.364 42.696 10.8 intention
144.984 391.364 9.336 10.8 to
157.392 391.364 32.016 10.8 extend
192.528 391.364 5.328 10.8 a
200.916 391.364 52.668 10.8 suspension
256.692 391.364 9.996 10.8 of
269.76 391.364 14.628 10.8 the
287.508 391.364 38.652 10.8 clearing
329.172 391.364 51.696 10.8 obligation.
383.916 391.364 33.336 10.8 ESMA
420.324 391.364 22.704 10.8 shall
446.1 391.364 24.036 10.8 issue
473.196 391.364 11.328 10.8 an
487.644 391.364 36.636 10.8 opinion

99.24 405.164 12 10.8 on
114.24 405.164 14.664 10.8 the
131.928 405.164 45.924 10.8 extension
180.852 405.164 10.02 10.8 of
193.872 405.164 14.664 10.8 the
211.536 405.164 52.644 10.8 suspension
267.18 405.164 30.648 10.8 within
300.828 405.164 12 10.8 48
315.828 405.164 26.664 10.8 hours
345.492 405.164 9.996 10.8 of
358.452 405.164 18.024 10.8 that
379.476 405.164 66.604 10.8 notification.";

70.86 424.984 13.992 10.8 (7)
99.24 424.984 33.312 10.8 Article
135.62 424.984 6 10.8 9
144.62 424.984 8.004 10.8 is
155.624 424.984 43.212 10.8 amended
201.836 424.984 10.02 10.8 as
214.856 424.984 39.336 10.8 follows:

99.24 444.784 13.344 10.8 (a)
127.58 444.784 48 10.8 paragraph
178.58 444.784 6 10.8 1
187.52 444.784 8.004 10.8 is
198.524 444.784 40.668 10.8 replaced
242.192 444.784 12 10.8 by
257.192 444.784 14.664 10.8 the
274.856 444.784 49.956 10.8 following:

127.58 464.464 14.328 10.908 1.
154.256 464.464 70.632 10.908 Counterparties
231.02 464.464 17.328 10.908 and
254.468 464.464 27.3 10.908 CCPs
287.936 464.464 22.704 10.908 shall
316.832 464.464 31.32 10.908 ensure
354.32 464.464 17.964 10.908 that
378.476 464.464 14.628 10.908 the
399.284 464.464 31.284 10.908 details
436.772 464.464 9.996 10.908 of
452.9 464.464 17.328 10.908 any
476.408 464.464 47.952 10.908 derivative

155.96 478.324 38.676 10.8 contract
198.356 478.324 20.664 10.8 they
222.764 478.324 22.656 10.8 have
249.212 478.324 49.248 10.8 concluded
302.228 478.324 17.328 10.8 and
323.336 478.324 9.936 10.8 of
337.004 478.324 17.328 10.8 any
358.112 478.324 61.332 10.8 modification
423.176 478.324 9.996 10.8 or
436.904 478.324 55.284 10.8 termination
495.956 478.324 9.996 10.8 of
509.684 478.324 14.664 10.8 the

155.96 492.124 38.676 10.8 contract
198.656 492.124 14.604 10.8 are
217.232 492.124 40.08 10.8 reported
261.296 492.124 9.336 10.8 in
274.604 492.124 53.952 10.8 accordance
332.528 492.124 21.336 10.8 with
357.896 492.124 47.952 10.8 paragraph
409.832 492.124 11.328 10.8 1a
425.18 492.124 9.336 10.8 to
438.548 492.124 5.328 10.8 a
447.836 492.124 23.988 10.8 trade
475.844 492.124 48.612 10.8 repository

155.96 505.924 47.34 10.8 registered
207.776 505.924 9.336 10.8 in
221.564 505.924 53.952 10.8 accordance
279.968 505.924 21.336 10.8 with
305.816 505.924 33.252 10.8 Article
343.532 505.924 12 10.8 55
360.02 505.924 9.996 10.8 or
374.468 505.924 51.948 10.8 recognised
430.844 505.924 9.336 10.8 in
444.692 505.924 53.892 10.8 accordance
503.048 505.924 21.276 10.8 with

155.96 519.724 33.312 10.8 Article
195.164 519.724 15 10.8 77.
215.972 519.724 18.66 10.8 The
240.5 519.724 31.344 10.8 details
277.664 519.724 22.668 10.8 shall
306.212 519.724 11.328 10.8 be
323.36 519.724 40.008 10.8 reported
369.236 519.724 12 10.8 no
387.044 519.724 21.324 10.8 later
414.212 519.724 20.688 10.8 than
440.708 519.724 14.628 10.8 the
461.216 519.724 39.996 10.8 working
507.044 519.724 17.328 10.8 day

155.96 533.524 46.668 10.8 following
205.628 533.524 14.628 10.8 the
223.256 533.524 54.96 10.8 conclusion,
281.264 533.524 61.248 10.8 modification
345.512 533.524 9.996 10.8 or
358.508 533.524 55.4 10.8 termination
416.908 533.524 9.996 10.8 of
429.868 533.524 14.664 10.8 the
447.556 533.524 41.64 10.8 contract.

127.58 553.324 18.66 10.8 The
149.24 553.324 43.968 10.8 reporting
196.208 553.324 48.696 10.8 obligation
247.844 553.324 22.704 10.8 shall
273.512 553.324 26.688 10.8 apply
303.2 553.324 9.3 10.8 to
315.5 553.324 48.012 10.8 derivative
366.476 553.324 43.344 10.8 contracts
412.82 553.324 32.628 10.8 which:

127.58 573.124 13.344 10.8 (a)
155.96 573.124 23.316 10.8 were
183.488 573.124 35.292 10.8 entered
222.944 573.124 18.708 10.8 into
245.78 573.124 30.588 10.8 before
280.568 573.124 12 10.8 12
295.64 573.124 43.32 10.8 February
343.148 573.124 24 10.8 2014
371.276 573.124 17.328 10.8 and
392.744 573.124 33.276 10.8 remain
430.208 573.124 56.004 10.8 outstanding
490.364 573.124 12 10.8 on
506.492 573.124 18 10.8 that

155.96 586.924 23.352 10.8 date;

127.58 606.724 13.992 10.8 (b)
155.96 606.724 23.316 10.8 were
182.276 606.724 35.292 10.8 entered
220.568 606.724 18.708 10.8 into
242.276 606.724 12 10.8 on
257.276 606.724 9.996 10.8 or
270.236 606.724 21.984 10.8 after
295.244 606.724 12 10.8 12
310.28 606.724 43.284 10.8 February
356.564 606.724 27 10.8 2014.

130.58 626.524 18.66 10.8 The
153.308 626.524 43.968 10.8 reporting
201.344 626.524 48.636 10.8 obligation
254.048 626.524 22.728 10.8 shall
280.868 626.524 15.336 10.8 not
300.236 626.524 26.688 10.8 apply
330.992 626.524 9.336 10.8 to
344.36 626.524 49.968 10.8 intragroup
398.396 626.524 57.276 10.8 transactions
459.752 626.524 37.956 10.8 referred
501.776 626.524 9.336 10.8 to
515.144 626.524 9.336 10.8 in

127.58 640.324 33.312 10.8 Article
163.916 640.324 6 10.8 3
172.916 640.324 29.316 10.8 where
205.232 640.324 17.328 10.8 one
225.56 640.324 9.996 10.8 of
238.556 640.324 14.628 10.8 the
256.184 640.324 67.992 10.8 counterparties
327.14 640.324 8.004 10.8 is
338.144 640.324 5.328 10.8 a
346.508 640.324 63.984 10.8 non-financial
413.456 640.204 72.288 10.908 counterparty.;

99.24 660.124 13.992 10.8 (b)
127.58 660.124 14.664 10.8 the
145.268 660.124 46.608 10.8 following
194.876 660.124 48 10.8 paragraph
245.84 660.124 11.328 10.8 1a
260.168 660.124 8.004 10.8 is
271.208 660.124 41.28 10.8 inserted:

127.58 679.804 19.656 10.908 1a.
155.96 679.924 18.66 10.8 The
181.208 679.924 31.356 10.8 details
219.104 679.924 9.996 10.8 of
235.652 679.924 48.036 10.8 derivative
290.276 679.924 43.344 10.8 contracts
340.172 679.924 38.016 10.8 referred
384.776 679.924 9.336 10.8 to
400.664 679.924 9.336 10.8 in
416.612 679.924 47.928 10.8 paragraph
471.128 679.924 6 10.8 1
483.716 679.924 22.704 10.8 shall
512.972 679.924 11.328 10.8 be

127.58 693.744 40.008 10.8 reported
170.6 693.744 9.996 10.8 as
183.596 693.744 39.3 10.8 follows:

141.74 713.544 13.344 10.8 (a)
170.06 713.544 27.3 10.8 CCPs
201.248 713.544 22.704 10.8 shall
227.864 713.544 11.328 10.8 be
243.092 713.544 54.66 10.8 responsible
301.664 713.544 13.992 10.8 for
319.532 713.544 44.016 10.8 reporting
367.448 713.544 12 10.8 on
383.336 713.544 29.988 10.8 behalf
417.164 713.544 10.044 10.8 of
431.06 713.544 21.336 10.8 both
456.308 713.544 67.98 10.8 counterparties

170.06 727.344 14.664 10.8 the
187.796 727.344 31.344 10.8 details
222.2 727.344 9.936 10.8 of
235.136 727.344 48.072 10.8 derivative
286.232 727.344 43.344 10.8 contracts
332.636 727.344 18 10.8 that
353.684 727.344 14.676 10.8 are
371.42 727.344 15.336 10.8 not
389.828 727.344 24 10.8 OTC
416.816 727.344 48.012 10.8 derivative
467.828 727.344 43.32 10.8 contracts
514.232 727.344 9.996 10.8 as

170.06 741.144 20.664 10.8 well
193.748 741.144 9.996 10.8 as
206.744 741.144 13.992 10.8 for
223.736 741.144 41.328 10.8 ensuring
268.064 741.144 14.64 10.8 the
285.656 741.144 42.66 10.8 accuracy
331.316 741.144 9.996 10.8 of
344.264 741.144 14.664 10.8 the
361.952 741.144 31.332 10.8 details
396.284 741.144 43.32 10.8 reported;

28.38 784.188 33.348 22.2 EN

291.62 793.224 12 10.8 28

533.62 784.188 33.348 22.2 EN

141.74 59.544 13.992 10.8 (b)
170.06 59.544 42.012 10.8 financial
217.124 59.544 67.956 10.8 counterparties
290.12 59.544 22.704 10.8 shall
317.936 59.544 11.268 10.8 be
334.4 59.544 54.696 10.8 responsible
394.196 59.544 13.896 10.8 for
413.204 59.544 44.016 10.8 reporting
462.26 59.544 12 10.8 on
479.348 59.544 30.024 10.8 behalf
514.424 59.544 9.996 10.8 of

170.06 73.344 21.336 10.8 both
196.988 73.344 67.932 10.8 counterparties
270.452 73.344 14.664 10.8 the
290.66 73.344 31.344 10.8 details
327.584 73.344 9.996 10.8 of
343.052 73.344 24 10.8 OTC
372.56 73.344 48.072 10.8 derivative
426.152 73.344 43.272 10.8 contracts
475.028 73.344 49.26 10.8 concluded

170.06 87.144 21.336 10.8 with
196.808 87.144 5.328 10.8 a
207.536 87.144 63.936 10.8 non-financial
276.836 87.144 60.624 10.8 counterparty
342.812 87.144 17.964 10.8 that
366.188 87.144 8.004 10.8 is
379.556 87.144 15.336 10.8 not
400.244 87.144 33.972 10.8 subject
439.58 87.144 9.336 10.8 to
454.268 87.144 14.628 10.8 the
474.296 87.144 50.076 10.8 conditions

170.06 100.944 38.016 10.8 referred
213.104 100.944 9.336 10.8 to
227.552 100.944 9.336 10.8 in
241.94 100.944 14.664 10.8 the
261.716 100.944 33.288 10.8 second
300.092 100.944 64.68 10.8 subparagraph
369.848 100.944 9.996 10.8 of
384.896 100.944 33.384 10.8 Article
423.38 100.944 25.992 10.8 10(1)
454.448 100.944 9.996 10.8 as
469.496 100.944 20.664 10.8 well
495.272 100.944 9.996 10.8 as
510.38 100.944 13.992 10.8 for

170.06 114.744 41.388 10.8 ensuring
214.388 114.744 14.664 10.8 the
232.052 114.744 42.612 10.8 accuracy
277.664 114.744 9.996 10.8 of
290.66 114.744 14.664 10.8 the
308.324 114.744 31.332 10.8 details
342.656 114.744 43.32 10.8 reported;

141.74 134.564 13.344 10.8 (c)
170.06 134.564 14.664 10.8 the
188.516 134.564 61.152 10.8 management
253.46 134.564 44.016 10.8 company
301.244 134.564 9.996 10.8 of
314.972 134.564 5.328 10.8 a
324.08 134.564 34.692 10.8 UCITS
362.516 134.564 22.704 10.8 shall
389.012 134.564 11.328 10.8 be
404.06 134.564 54.66 10.8 responsible
462.452 134.564 13.992 10.8 for
480.2 134.564 44.016 10.8 reporting

170.06 148.364 14.664 10.8 the
191.876 148.364 31.332 10.8 details
230.264 148.364 9.996 10.8 of
247.352 148.364 24 10.8 OTC
278.48 148.364 48.012 10.8 derivative
333.644 148.364 43.308 10.8 contracts
384.08 148.364 9.336 10.8 to
400.568 148.364 29.268 10.8 which
436.964 148.364 18 10.8 that
462.032 148.364 34.62 10.8 UCITS
503.78 148.364 8.004 10.8 is
518.948 148.364 5.328 10.8 a

170.06 162.164 60.66 10.8 counterparty
233.684 162.164 9.996 10.8 as
246.68 162.164 20.688 10.8 well
270.368 162.164 9.996 10.8 as
283.4 162.164 13.896 10.8 for
300.296 162.164 41.352 10.8 ensuring
344.648 162.164 14.664 10.8 the
362.312 162.164 42.636 10.8 accuracy
407.888 162.164 9.996 10.8 of
420.848 162.164 14.664 10.8 the
438.536 162.164 31.296 10.8 details
472.832 162.164 43.356 10.8 reported;

141.74 181.964 13.992 10.8 (d)
170.06 181.964 14.664 10.8 the
189.38 181.964 41.244 10.8 manager
235.196 181.964 9.996 10.8 of
249.764 181.964 11.328 10.8 an
265.712 181.964 19.332 10.8 AIF
289.58 181.964 22.704 10.8 shall
316.856 181.964 11.328 10.8 be
332.744 181.964 54.66 10.8 responsible
391.988 181.964 13.992 10.8 for
410.576 181.964 44.016 10.8 reporting
459.152 181.964 14.628 10.8 the
478.4 181.964 31.308 10.8 details
514.316 181.964 9.996 10.8 of

170.06 195.764 24 10.8 OTC
198.008 195.764 48.072 10.8 derivative
250.1 195.764 43.296 10.8 contracts
297.416 195.764 9.336 10.8 to
310.784 195.764 29.328 10.8 which
344.132 195.764 18.024 10.8 that
366.188 195.764 19.332 10.8 AIF
389.516 195.764 8.004 10.8 is
401.564 195.764 5.328 10.8 a
410.912 195.764 60.648 10.8 counterparty
475.556 195.764 9.996 10.8 as
489.584 195.764 20.664 10.8 well
514.28 195.764 9.996 10.8 as

170.06 209.564 13.992 10.8 for
187.052 209.564 41.352 10.8 ensuring
231.368 209.564 14.664 10.8 the
249.056 209.564 42.624 10.8 accuracy
294.632 209.564 9.996 10.8 of
307.628 209.564 14.664 10.8 the
325.292 209.564 31.296 10.8 details
359.588 209.564 43.356 10.8 reported;

141.74 229.364 13.344 10.8 (e)
170.06 229.364 67.92 10.8 counterparties
242.372 229.364 17.328 10.8 and
264.08 229.364 27.336 10.8 CCPs
295.796 229.364 22.704 10.8 shall
322.892 229.364 31.224 10.8 ensure
358.508 229.364 18 10.8 that
380.876 229.364 14.664 10.8 the
399.932 229.364 31.296 10.8 details
435.608 229.364 9.996 10.8 of
449.936 229.364 21.996 10.8 their
476.324 229.364 48.2 10.8 derivative

170.06 243.164 43.344 10.8 contracts
216.404 243.164 14.652 10.8 are
234.008 243.164 40.008 10.8 reported
277.016 243.164 49.308 10.8 accurately
329.324 243.164 17.328 10.8 and
349.616 243.164 36.672 10.8 without
389.324 243.164 56.976 10.8 duplication.

127.58 262.964 70.644 10.8 Counterparties
205.676 262.964 17.328 10.8 and
230.444 262.964 27.3 10.8 CCPs
265.172 262.964 34.02 10.8 subject
306.548 262.964 9.336 10.8 to
323.336 262.964 14.664 10.8 the
345.392 262.964 43.992 10.8 reporting
396.836 262.964 48.636 10.8 obligation
452.9 262.964 37.932 10.8 referred
498.236 262.964 9.336 10.8 to
515.024 262.964 9.336 10.8 in

127.58 276.764 48 10.8 paragraph
178.58 276.764 6 10.8 1
187.508 276.764 20.568 10.8 may
211.076 276.764 40.056 10.8 delegate
254.132 276.764 18.024 10.8 that
275.12 276.764 43.968 10.8 reporting
322.088 276.764 59.868 10.8 obligation.";

99.24 296.564 13.344 10.8 (c)
127.58 296.564 48 10.8 paragraph
178.58 296.564 6 10.8 6
187.508 296.564 8.004 10.8 is
198.512 296.564 40.668 10.8 replaced
242.18 296.564 12 10.8 by
257.18 296.564 14.664 10.8 the
274.844 296.564 49.956 10.8 following:

127.58 316.244 14.328 10.908 6.
155.96 316.364 13.332 10.8 To
173.228 316.364 31.356 10.8 ensure
208.544 316.364 38.664 10.8 uniform
251.048 316.364 50.1 10.8 conditions
305.132 316.364 9.996 10.8 of
319.04 316.364 53.316 10.8 application
376.316 316.364 9.996 10.8 of
390.224 316.364 52.668 10.8 paragraphs
446.78 316.364 6 10.8 1
456.728 316.364 17.328 10.8 and
478.016 316.364 9 10.8 3,
490.964 316.364 33.372 10.8 ESMA

127.58 330.164 22.704 10.8 shall
153.284 330.164 37.932 10.8 develop
194.216 330.164 22.68 10.8 draft
219.896 330.164 66.54 10.8 implementing
289.436 330.164 43.392 10.8 technical
335.828 330.164 45.324 10.8 standards
384.152 330.164 53.316 10.8 specifying:

127.58 349.964 13.344 10.8 (a)
155.96 349.964 14.664 10.8 the
175.736 349.964 20.016 10.8 data
200.852 349.964 45.276 10.8 standards
251.228 349.964 17.328 10.8 and
273.656 349.964 36.624 10.8 formats
315.38 349.964 13.992 10.8 for
334.508 349.964 14.664 10.8 the
354.284 349.964 56.604 10.8 information
416 349.964 9.336 10.8 to
430.448 349.964 11.328 10.8 be
446.876 349.964 43.008 10.8 reported,
494.972 349.964 29.268 10.8 which

155.96 363.764 22.704 10.8 shall
181.628 363.764 35.316 10.8 include
219.896 363.764 8.664 10.8 at
231.56 363.764 21.996 10.8 least
256.532 363.764 14.664 10.8 the
274.22 363.764 50.004 10.8 following:

155.96 383.564 11.376 10.8 (i)
184.28 383.564 30 10.8 global
217.268 383.564 23.352 10.8 legal
243.584 383.564 27.372 10.8 entity
273.956 383.444 48.624 10.908 identifiers
325.604 383.444 42.624 10.908 (LEIs);

155.96 403.364 14.7 10.8 (ii)
184.28 403.364 60.672 10.8 international
247.952 403.364 45.324 10.8 securities
296.276 403.364 63.996 10.8 identification
363.236 403.364 41.304 10.8 numbers
407.54 403.364 43.584 10.8 ('ISINs');

155.96 423.184 18.036 10.8 (iii)
184.28 423.184 32.664 10.8 unique
219.968 423.184 23.976 10.8 trade
246.896 423.184 48.684 10.8 identifiers
298.532 423.184 40.212 10.8 ('UTIs');

127.58 442.984 13.992 10.8 (b)
155.96 442.984 14.664 10.8 the
173.648 442.984 40.596 10.8 methods
217.244 442.984 17.328 10.8 and
237.572 442.984 64.548 10.8 arrangements
305.12 442.984 13.992 10.8 for
322.112 442.984 47.352 10.8 reporting;

127.58 462.784 13.344 10.8 (c)
155.96 462.784 14.664 10.8 the
173.648 462.784 47.928 10.8 frequency
224.576 462.784 9.996 10.8 of
237.572 462.784 14.664 10.8 the
255.236 462.784 36.66 10.8 reports;

127.58 482.584 13.992 10.8 (d)
155.96 482.584 14.664 10.8 the
176.156 482.584 19.944 10.8 date
201.584 482.584 12 10.8 by
219.032 482.584 29.328 10.8 which
253.88 482.584 47.976 10.8 derivative
307.316 482.584 43.296 10.8 contracts
356.072 482.584 14.676 10.8 are
376.208 482.584 9.336 10.8 to
390.956 482.584 11.328 10.8 be
407.804 482.584 43.172 10.8 reported,
456.436 482.584 45.336 10.8 including
507.184 482.584 17.328 10.8 any

155.96 496.324 40.716 10.8 phase-in
199.676 496.324 13.992 10.8 for
216.62 496.324 43.344 10.8 contracts
262.964 496.324 35.28 10.8 entered
301.244 496.324 18.636 10.8 into
322.88 496.324 30.672 10.8 before
356.552 496.324 14.664 10.8 the
374.18 496.324 44.016 10.8 reporting
421.196 496.324 48.612 10.8 obligation
472.808 496.324 37.02 10.8 applies.

127.58 516.124 9.996 10.8 In
143.768 516.124 53.328 10.8 developing
203.264 516.124 25.332 10.8 those
234.8 516.124 22.68 10.8 draft
263.636 516.124 43.368 10.8 technical
313.16 516.124 48.336 10.8 standards,
367.604 516.124 33.336 10.8 ESMA
407.072 516.124 22.752 10.8 shall
436.016 516.124 19.956 10.8 take
462.152 516.124 18.672 10.8 into
486.98 516.124 37.344 10.8 account

127.58 529.924 60.672 10.8 international
192.824 529.924 66.624 10.8 developments
264.068 529.924 17.328 10.8 and
286.016 529.924 45.264 10.8 standards
335.9 529.924 31.908 10.8 agreed
372.416 529.924 24 10.8 upon
401.024 529.924 8.664 10.8 at
414.32 529.924 29.916 10.8 Union
448.868 529.924 9.996 10.8 or
463.496 529.924 29.904 10.8 global
498.032 529.924 26.328 10.8 level,

127.58 543.724 17.328 10.8 and
149.54 543.724 22.02 10.8 their
176.204 543.724 55.944 10.8 consistency
236.768 543.724 21.336 10.8 with
262.736 543.724 14.664 10.8 the
282.032 543.724 44.016 10.8 reporting
330.668 543.724 62.532 10.8 requirements
397.82 543.724 18.024 10.8 laid
420.476 543.724 26.664 10.8 down
451.724 543.724 9.336 10.8 in
465.692 543.724 33.384 10.8 Article
503.696 543.724 6 10.8 4
514.304 543.724 9.996 10.8 of

127.58 557.524 52.704 10.8 Regulation
183.248 557.524 23.94 10.8 (EU)
210.188 557.524 14.664 10.8 No
227.852 557.524 57.36 10.8 2015/2365*
288.212 557.524 17.352 10.8 and
308.504 557.524 33.312 10.8 Article
344.84 557.524 12 10.8 26
359.84 557.524 9.936 10.8 of
372.776 557.524 52.656 10.8 Regulation
428.396 557.524 23.988 10.8 (EU)
455.384 557.524 14.664 10.8 No
473.14 557.524 48.336 10.8 600/2014.

127.58 577.324 33.336 10.8 ESMA
169.868 577.324 22.704 10.8 shall
201.584 577.324 32.592 10.8 submit
243.2 577.324 25.296 10.8 those
277.508 577.324 22.68 10.8 draft
309.104 577.324 66.612 10.8 implementing
384.728 577.324 43.296 10.8 technical
437.024 577.324 45.264 10.8 standards
491.288 577.324 9.336 10.8 to
509.636 577.324 14.664 10.8 the

127.58 591.124 60.612 10.8 Commission
192.104 591.124 12 10.8 by
208.1 591.124 20.616 10.8 [PO
232.628 591.124 30.684 10.8 please
267.224 591.124 27.372 10.8 insert
298.58 591.124 14.628 10.8 the
317.108 591.124 20.664 10.8 date
341.684 591.124 6 10.8 9
351.572 591.124 34.692 10.8 months
390.188 591.124 22.704 10.8 after
416.804 591.124 14.628 10.8 the
435.332 591.124 24.684 10.8 entry
463.928 591.124 18.708 10.8 into
486.464 591.124 24.696 10.8 force
515.06 591.124 9.336 10.8 of

127.58 604.984 17.376 10.8 this
147.956 604.984 60.408 10.8 Regulation].

127.58 624.724 30.66 10.8 Power
164.648 624.724 8.004 10.8 is
179.096 624.724 45.996 10.8 conferred
231.512 624.724 12 10.8 on
249.92 624.724 14.664 10.8 the
271.016 624.724 60.672 10.8 Commission
338.12 624.724 9.336 10.8 to
353.888 624.724 26.616 10.8 adopt
386.936 624.724 14.664 10.8 the
408.032 624.724 66.552 10.8 implementing
481.016 624.724 43.32 10.8 technical

127.58 638.524 45.324 10.8 standards
177.584 638.524 37.956 10.8 referred
220.208 638.524 9.336 10.8 to
234.236 638.524 9.336 10.8 in
248.204 638.524 14.664 10.8 the
267.56 638.524 19.332 10.8 first
291.596 638.524 64.62 10.8 subparagraph
360.872 638.524 9.336 10.8 in
374.9 638.524 53.952 10.8 accordance
433.544 638.524 21.336 10.8 with
459.572 638.524 33.324 10.8 Article
497.6 638.524 12 10.8 15
514.268 638.524 9.996 10.8 of

127.58 652.324 52.704 10.8 Regulation
183.248 652.324 23.94 10.8 (EU)
210.188 652.324 14.664 10.8 No
227.84 652.324 62.652 10.8 1095/2010.";

127.58 672.124 396 10.8 __________________________________________________________________

127.58 691.416 5.01 9.018 *

155.96 691.416 43.9177 9.018 Regulation
202.383 691.416 19.9498 9.018 (EU)
224.837 691.416 42.8054 9.018 2015/2365
270.078 691.416 8.34666 9.018 of
280.97 691.416 12.1743 9.018 the
295.679 691.416 38.2463 9.018 European
336.46 691.416 43.1962 9.018 Parliament
382.161 691.416 14.519 9.018 and
399.185 691.416 8.34666 9.018 of
410.037 691.416 12.2444 9.018 the
424.746 691.416 31.6632 9.018 Council
458.915 691.416 8.34666 9.018 of
469.756 691.416 10.02 9.018 25
482.281 691.416 42.084 9.018 November

155.96 702.956 20.04 9.018 2015
181.271 702.956 10.02 9.018 on
196.561 702.956 51.0719 9.018 transparency
252.893 702.956 8.34666 9.018 of
266.501 702.956 37.7253 9.018 securities
309.496 702.956 37.7654 9.018 financing
352.552 702.956 47.7152 9.018 transactions
405.558 702.956 14.4288 9.018 and
425.227 702.956 8.34666 9.018 of
438.825 702.956 21.1422 9.018 reuse
465.217 702.956 14.4689 9.018 and
484.997 702.956 39.3686 9.018 amending

155.96 714.476 43.9177 9.018 Regulation
202.343 714.476 19.9899 9.018 (EU)
224.837 714.476 12.2144 9.018 No
239.557 714.476 37.7785 9.018 648/2012
279.8 714.476 14.509 9.018 (OJ
296.754 714.476 6.12222 9.018 L
305.351 714.476 17.535 9.018 337,
325.331 714.476 47.5148 9.018 23.12.2015,
375.351 714.476 7.515 9.018 p.
385.371 714.476 10.7915 9.018 1).

70.86 732.444 13.992 10.8 (8)
99.24 732.444 9.996 10.8 In
112.236 732.444 33.36 10.8 Article
148.596 732.444 14.952 10.8 10,
166.548 732.444 52.668 10.8 paragraphs
222.156 732.444 6 10.8 1
231.156 732.444 17.328 10.8 and
251.484 732.444 6 10.8 2
260.484 732.444 14.688 10.8 are
278.124 732.444 40.668 10.8 replaced
321.792 732.444 12 10.8 by
336.732 732.444 14.664 10.8 the
354.42 732.444 49.944 10.8 following:

28.38 784.188 33.348 22.2 EN

291.62 793.224 12 10.8 29

533.62 784.188 33.348 22.2 EN

99.24 59.424 14.328 10.908 1.
127.58 59.544 8.664 10.8 A
141.008 59.544 64.044 10.8 non-financial
209.816 59.544 60.624 10.8 counterparty
275.192 59.544 30.024 10.8 taking
309.968 59.544 43.368 10.8 positions
358.064 59.544 9.336 10.8 in
372.152 59.544 24 10.8 OTC
400.88 59.544 48 10.8 derivative
453.644 59.544 43.296 10.8 contracts
501.68 59.544 22.668 10.8 shall

99.24 73.344 45.684 10.8 calculate,
149.952 73.344 44.304 10.8 annually,
199.368 73.344 11.34 10.8 its
215.736 73.344 46.668 10.8 aggregate
267.492 73.344 52.136 10.8 month-end
324.728 73.344 37.284 10.8 average
367.124 73.344 38.628 10.8 position
410.84 73.344 13.992 10.8 for
429.908 73.344 14.664 10.8 the
449.8 73.344 35.34 10.8 months
490.228 73.344 34.32 10.8 March,

99.24 87.144 25.332 10.8 April
127.608 87.144 17.328 10.8 and
147.936 87.144 21.96 10.8 May
172.896 87.144 9.36 10.8 in
185.256 87.144 53.928 10.8 accordance
242.184 87.144 21.336 10.8 with
266.52 87.144 48.012 10.8 paragraph
317.532 87.144 9 10.8 3.

99.24 106.944 31.956 10.8 Where
134.256 106.944 14.664 10.8 the
151.992 106.944 26.664 10.8 result
181.74 106.944 9.996 10.8 of
194.748 106.944 18 10.8 that
215.796 106.944 52.668 10.8 calculation
271.5 106.944 37.956 10.8 exceeds
312.516 106.944 14.664 10.8 the
330.204 106.944 38.628 10.8 clearing
371.88 106.944 49.284 10.8 thresholds
424.236 106.944 43.32 10.8 specified
470.604 106.944 41.352 10.8 pursuant
514.956 106.944 9.384 10.8 to

99.24 120.744 48 10.8 paragraph
150.24 120.744 22.944 10.8 4(b),
176.184 120.744 17.988 10.8 that
197.172 120.744 64.04 10.8 non-financial
264.176 120.744 60.624 10.8 counterparty
327.8 120.744 26.004 10.8 shall:

99.24 140.564 13.344 10.8 (a)
127.58 140.564 59.964 10.8 immediately
194.612 140.564 28.704 10.8 notify
230.348 140.564 33.336 10.8 ESMA
270.716 140.564 17.328 10.8 and
295.124 140.564 14.664 10.8 the
316.88 140.564 43.356 10.8 authority
367.256 140.564 51.512 10.8 designated
425.776 140.564 9.336 10.8 in
442.204 140.564 53.928 10.8 accordance
503.2 140.564 21.336 10.8 with

127.58 154.364 48 10.8 paragraph
178.58 154.364 6 10.8 5
187.52 154.364 37.332 10.8 thereof;

99.24 174.164 13.992 10.8 (b)
127.58 174.164 11.328 10.8 be
144.908 174.164 33.972 10.8 subject
184.832 174.164 9.336 10.8 to
200.12 174.164 14.664 10.8 the
220.736 174.164 38.628 10.8 clearing
265.352 174.164 48.636 10.8 obligation
319.976 174.164 37.956 10.8 referred
363.932 174.164 9.336 10.8 to
379.22 174.164 9.336 10.8 in
394.568 174.164 33.252 10.8 Article
433.784 174.164 6 10.8 4
445.772 174.164 13.992 10.8 for
465.74 174.164 28.608 10.8 future
500.348 174.164 24 10.8 OTC

127.58 187.964 48.012 10.8 derivative
181.556 187.964 43.308 10.8 contracts
230.792 187.964 9.336 10.8 in
246.08 187.964 14.664 10.8 the
266.756 187.964 23.328 10.8 asset
296.024 187.964 23.328 10.8 class
325.352 187.964 9.996 10.8 or
341.3 187.964 23.304 10.8 asset
370.556 187.964 33.348 10.8 classes
409.892 187.964 13.992 10.8 for
429.8 187.964 29.328 10.8 which
465.128 187.964 14.628 10.8 the
485.696 187.964 38.676 10.8 clearing

127.58 201.764 44.7 10.8 threshold
175.28 201.764 15.936 10.8 has
194.216 201.764 22.68 10.8 been
219.896 201.764 47.904 10.8 exceeded;

99.24 221.564 13.344 10.8 (c)
127.58 221.564 23.34 10.8 clear
154.196 221.564 14.664 10.8 the
172.172 221.564 43.308 10.8 contracts
218.768 221.564 38.04 10.8 referred
260.096 221.564 9.336 10.8 to
272.744 221.564 9.336 10.8 in
285.392 221.564 24.636 10.8 point
313.34 221.564 13.992 10.8 (b)
330.656 221.564 30.636 10.8 within
364.544 221.564 19.992 10.8 four
387.872 221.564 35.316 10.8 months
426.488 221.564 9.996 10.8 of
439.736 221.564 47.376 10.8 becoming
490.4 221.564 34.02 10.8 subject

127.58 235.364 9.336 10.8 to
139.916 235.364 14.7 10.8 the
157.616 235.364 38.592 10.8 clearing
199.208 235.364 51.624 10.8 obligation.

99.24 255.164 9 10.8 2.

127.58 255.164 8.664 10.8 A
139.628 255.164 64.044 10.8 non-financial
207.104 255.164 60.624 10.8 counterparty
271.16 255.164 17.964 10.8 that
292.556 255.164 15.948 10.8 has
311.924 255.164 37.248 10.8 become
352.592 255.164 34.08 10.8 subject
390.044 255.164 9.336 10.8 to
402.812 255.164 14.664 10.8 the
420.848 255.164 38.676 10.8 clearing
462.944 255.164 48.624 10.8 obligation
515 255.164 9.336 10.8 in

99.24 268.964 53.952 10.8 accordance
156.156 268.964 21.336 10.8 with
180.492 268.964 14.7 10.8 the
198.192 268.964 33.3 10.8 second
234.492 268.964 64.656 10.8 subparagraph
302.148 268.964 9.996 10.8 of
315.108 268.964 48.024 10.8 paragraph
366.132 268.964 6 10.8 1
375.132 268.964 17.328 10.8 and
395.46 268.964 62.652 10.8 subsequently
461.112 268.964 63.472 10.8 demonstrates

99.24 282.764 9.336 10.8 to
111.948 282.764 14.664 10.8 the
129.984 282.764 43.296 10.8 authority
176.64 282.764 51.276 10.8 designated
231.264 282.764 9.336 10.8 in
243.972 282.764 53.988 10.8 accordance
301.308 282.764 21.336 10.8 with
326.016 282.764 47.976 10.8 paragraph
377.2 282.764 6 10.8 5
386.548 282.764 18 10.8 that
407.896 282.764 11.376 10.8 its
422.632 282.764 46.572 10.8 aggregate
472.576 282.764 52.032 10.8 month-end

99.24 296.564 37.344 10.8 average
142.356 296.564 38.664 10.8 position
186.792 296.564 13.992 10.8 for
206.52 296.564 14.628 10.8 the
226.968 296.564 35.244 10.8 months
268.044 296.564 34.356 10.8 March,
308.16 296.564 25.272 10.8 April
339.216 296.564 17.328 10.8 and
362.364 296.564 21.996 10.8 May
390.132 296.564 9.996 10.8 of
405.9 296.564 5.328 10.8 a
417.048 296.564 26.628 10.8 given
449.424 296.564 20.652 10.8 year
475.872 296.564 12 10.8 no
493.62 296.564 30.624 10.8 longer

99.24 310.364 38.004 10.8 exceeds
141.396 310.364 14.664 10.8 the
160.212 310.364 38.676 10.8 clearing
203.088 310.364 44.628 10.8 threshold
251.916 310.364 37.908 10.8 referred
294.012 310.364 9.336 10.8 to
307.5 310.364 9.336 10.8 in
321.048 310.364 47.976 10.8 paragraph
373.212 310.364 6 10.8 1
383.4 310.364 22.644 10.8 shall
410.256 310.364 12 10.8 no
426.384 310.364 30.624 10.8 longer
461.22 310.364 11.328 10.8 be
476.748 310.364 33.924 10.8 subject
515.2 310.364 9.336 10.8 to

99.24 324.044 14.664 10.908 the
116.928 324.044 38.616 10.908 clearing
158.508 324.044 48.696 10.908 obligation
210.204 324.044 13.284 10.908 set
226.512 324.044 15.336 10.908 out
244.812 324.044 9.336 10.908 in
257.148 324.044 33.36 10.908 Article
293.508 324.044 17.616 10.908 4.;

70.86 343.964 13.992 10.8 (9)
99.24 343.964 48.696 10.8 Paragraph
150.936 343.964 11.94 10.8 15
165.876 343.964 9.996 10.8 of
178.872 343.964 33.324 10.8 Article
215.16 343.964 12 10.8 11
230.16 343.964 8.004 10.8 is
241.188 343.964 43.236 10.8 amended
287.424 343.964 10.02 10.8 as
300.444 343.964 39.336 10.8 follows:

99.24 363.764 13.344 10.8 (a)
127.58 363.764 25.344 10.8 Point
155.948 363.764 13.32 10.8 (a)
172.268 363.764 8.004 10.8 is
183.236 363.764 40.668 10.8 replaced
226.904 363.764 12 10.8 by
241.844 363.764 14.628 10.8 the
259.472 363.764 50.004 10.8 following:

127.58 383.444 18.672 10.908 (a)
155.96 383.564 14.664 10.8 the
174.476 383.564 83.196 10.8 risk-management
261.524 383.564 55.692 10.8 procedures,
321.008 383.564 45.336 10.8 including
370.136 383.564 14.664 10.8 the
388.592 383.564 27.996 10.8 levels
420.38 383.564 17.328 10.8 and
441.548 383.564 20.628 10.8 type
466.016 383.564 9.996 10.8 of
479.804 383.564 44.628 10.8 collateral

155.96 397.364 17.328 10.8 and
177.308 397.364 55.284 10.8 segregation
236.624 397.364 64.512 10.8 arrangements
305.24 397.364 38.016 10.8 referred
347.264 397.364 9.336 10.8 to
360.632 397.364 9.336 10.8 in
374 397.364 47.976 10.8 paragraph
426.008 397.364 9 10.8 3,
439.016 397.364 9.996 10.8 as
452.984 397.364 20.664 10.8 well
477.68 397.364 9.996 10.8 as
491.708 397.364 32.676 10.8 related

155.96 411.164 56.028 10.8 supervisory
217.616 411.164 52.644 10.8 procedures
275.9 411.164 9.336 10.8 to
290.948 411.164 31.356 10.8 ensure
327.944 411.164 28.008 10.8 initial
361.64 411.164 17.328 10.8 and
384.668 411.164 39.276 10.8 ongoing
429.656 411.164 48.012 10.8 validation
483.38 411.164 9.996 10.8 of
499.028 411.164 25.296 10.8 those

155.96 424.984 83.184 10.8 risk-management
242.168 424.864 64.68 10.908 procedures;;

99.24 444.784 13.992 10.8 (b)
127.58 444.784 18.66 10.8 The
149.24 444.784 19.332 10.8 first
171.572 444.784 41.328 10.8 sentence
215.9 444.784 9.996 10.8 of
228.896 444.784 64.608 10.8 subparagraph
296.504 444.784 6 10.8 2
305.432 444.784 8.004 10.8 is
316.436 444.784 40.668 10.8 replaced
360.104 444.784 12 10.8 by
375.104 444.784 14.664 10.8 the
392.768 444.784 49.956 10.8 following:

127.58 464.584 23.556 10.8 "The
154.688 464.584 27.288 10.8 ESAs
185.516 464.584 22.704 10.8 shall
211.712 464.584 32.592 10.8 submit
247.868 464.584 25.332 10.8 those
276.764 464.584 41.916 10.8 common
322.172 464.584 22.8 10.8 draft
348.488 464.584 49.284 10.8 regulatory
401.324 464.584 43.272 10.8 technical
448.1 464.584 45.324 10.8 standards
496.964 464.584 9.336 10.8 to
509.792 464.584 14.664 10.8 the

127.58 478.324 60.612 10.8 Commission
192.104 478.324 12 10.8 by
208.1 478.324 20.616 10.8 [PO
232.628 478.324 30.684 10.8 please
267.224 478.324 27.372 10.8 insert
298.52 478.324 14.628 10.8 the
317.048 478.324 20.664 10.8 date
341.624 478.324 6 10.8 9
351.512 478.324 34.692 10.8 months
390.128 478.324 22.704 10.8 after
416.744 478.324 14.628 10.8 the
435.272 478.324 24.684 10.8 entry
463.868 478.324 18.708 10.8 into
486.404 478.324 24.696 10.8 force
515 478.324 9.336 10.8 of

127.58 492.124 17.376 10.8 this
147.956 492.124 69 10.8 Regulation].;

70.86 511.924 19.992 10.8 (10)
99.24 511.924 9.996 10.8 In
112.236 511.924 33.36 10.8 Article
148.64 511.924 14.94 10.8 38,
166.58 511.924 14.664 10.8 the
184.268 511.924 46.608 10.8 following
233.876 511.924 52.596 10.8 paragraphs
289.472 511.924 6 10.8 6
298.472 511.924 17.328 10.8 and
318.8 511.924 6 10.8 7
327.8 511.924 14.652 10.8 are
345.452 511.924 31.992 10.8 added:

99.24 531.604 14.328 10.908 6.
127.58 531.724 8.664 10.8 A
139.388 531.724 22.632 10.8 CCP
165.176 531.724 22.704 10.8 shall
191.012 531.724 36.636 10.8 provide
230.828 531.724 11.34 10.8 its
245.276 531.724 38.676 10.8 clearing
287.132 531.724 43.896 10.8 members
334.22 531.724 21.336 10.8 with
358.628 531.724 5.328 10.8 a
367.136 531.724 50.84 10.8 simulation
421.084 531.724 18.672 10.8 tool
442.912 531.724 41.94 10.8 allowing
488.02 531.724 24.024 10.8 them
515.116 531.724 9.336 10.8 to

99.24 545.524 47.94 10.8 determine
151.332 545.524 14.628 10.8 the
170.1 545.524 38.916 10.8 amount,
213.228 545.524 12 10.8 on
229.356 545.524 5.328 10.8 a
238.824 545.524 25.356 10.8 gross
268.32 545.524 26.976 10.8 basis,
299.436 545.524 9.996 10.8 of
313.524 545.524 48 10.8 additional
365.652 545.524 28.008 10.8 initial
397.8 545.524 33.924 10.8 margin
435.876 545.524 18.024 10.8 that
457.992 545.524 14.664 10.8 the
476.808 545.524 22.632 10.8 CCP
503.616 545.524 20.664 10.8 may

99.24 559.324 34.008 10.8 require
137.316 559.324 23.94 10.8 upon
165.324 559.324 14.664 10.8 the
184.08 559.324 38.568 10.8 clearing
226.716 559.324 9.996 10.8 of
240.744 559.324 5.328 10.8 a
250.152 559.324 19.992 10.8 new
274.2 559.324 55.644 10.8 transaction.
333.876 559.324 21.996 10.8 That
359.964 559.324 18.636 10.8 tool
382.692 559.324 22.644 10.8 shall
409.428 559.324 21.276 10.8 only
434.796 559.324 11.328 10.8 be
450.144 559.324 48.672 10.8 accessible
502.8 559.324 12 10.8 on
518.868 559.324 5.328 10.8 a

99.24 573.124 36.696 10.8 secured
138.876 573.124 30.624 10.8 access
172.5 573.124 24.024 10.8 basis
199.5 573.124 17.328 10.8 and
219.78 573.124 14.664 10.8 the
237.468 573.124 31.308 10.8 results
271.776 573.124 9.936 10.8 of
284.712 573.124 14.664 10.8 the
302.376 573.124 50.804 10.8 simulation
356.18 573.124 22.668 10.8 shall
381.848 573.124 15.336 10.8 not
400.184 573.124 11.328 10.8 be
414.512 573.124 39.696 10.8 binding.

99.24 592.924 9 10.8 7.

127.58 592.924 8.664 10.8 A
139.988 592.924 22.704 10.8 CCP
166.424 592.924 22.704 10.8 shall
192.92 592.924 36.696 10.8 provide
233.396 592.924 11.34 10.8 its
248.444 592.924 38.676 10.8 clearing
290.9 592.924 43.956 10.8 members
338.636 592.924 21.336 10.8 with
363.764 592.924 56.604 10.8 information
424.22 592.924 12 10.8 on
439.988 592.924 14.664 10.8 the
458.444 592.924 27.984 10.8 initial
490.28 592.924 33.924 10.8 margin

99.24 606.724 34.668 10.8 models
136.908 606.724 6.696 10.8 it
146.604 606.724 23.664 10.8 uses.
173.268 606.724 21.996 10.8 That
198.264 606.724 56.556 10.8 information
257.82 606.724 22.692 10.8 shall
283.512 606.724 23.232 10.8 meet
309.78 606.724 12 10.8 all
324.828 606.724 9.996 10.8 of
337.824 606.724 14.664 10.8 the
355.488 606.724 46.608 10.8 following
405.096 606.724 53.304 10.8 conditions:

99.24 626.524 13.344 10.8 (a)
127.58 626.524 6.672 10.8 it
137.288 626.524 32.628 10.8 clearly
172.916 626.524 39.972 10.8 explains
215.888 626.524 14.664 10.8 the
233.552 626.524 31.296 10.8 design
267.848 626.524 10.02 10.8 of
280.868 626.524 14.664 10.8 the
298.532 626.524 28.008 10.8 initial
329.54 626.524 33.924 10.8 margin
366.536 626.524 29.904 10.8 model
399.464 626.524 17.328 10.8 and
419.792 626.524 20.664 10.8 how
443.456 626.524 6.8 10.8 it
453.256 626.524 43.344 10.8 operates;

99.24 646.324 13.992 10.8 (b)
127.58 646.324 6.672 10.8 it
137.288 646.324 32.676 10.8 clearly
172.952 646.324 44.664 10.8 describes
220.616 646.324 14.628 10.8 the
238.304 646.324 17.28 10.8 key
258.632 646.324 59.304 10.8 assumptions
320.996 646.324 17.328 10.8 and
341.324 646.324 51.336 10.8 limitations
395.66 646.324 9.996 10.8 of
408.668 646.324 14.664 10.8 the
426.356 646.324 28.008 10.8 initial
457.424 646.324 33.924 10.8 margin
494.42 646.324 29.904 10.8 model

127.58 660.124 17.328 10.8 and
147.908 660.124 14.688 10.8 the
165.596 660.124 67.92 10.8 circumstances
236.54 660.124 27.264 10.8 under
266.828 660.124 29.328 10.8 which
299.156 660.124 25.332 10.8 those
327.488 660.124 59.364 10.8 assumptions
389.852 660.124 14.616 10.8 are
407.492 660.124 12 10.8 no
422.432 660.124 30.66 10.8 longer
456.14 660.124 23.988 10.8 valid

99.24 679.924 13.344 10.8 (c)
127.58 679.924 6.672 10.8 it
137.288 679.924 8.004 10.8 is
148.292 679.924 69.864 10.8 documented.";

70.86 699.744 19.992 10.8 (11)
99.24 699.744 9.996 10.8 In
112.236 699.744 33.36 10.8 Article
148.64 699.744 14.94 10.8 39,
166.58 699.744 14.664 10.8 the
184.268 699.744 46.608 10.8 following
233.876 699.744 47.928 10.8 paragraph
284.804 699.744 12 10.8 11
299.804 699.744 8.004 10.8 is
310.832 699.744 31.956 10.8 added:

99.24 719.424 20.328 10.908 11.
125.688 719.424 31.928 10.908 Where
163.676 719.544 14.664 10.8 the
184.412 719.544 57.84 10.8 requirement
248.324 719.544 38.016 10.8 referred
292.388 719.544 9.336 10.8 to
307.796 719.544 9.336 10.8 in
323.204 719.544 47.976 10.8 paragraph
377.228 719.544 6 10.8 9
389.216 719.544 8.004 10.8 is
403.244 719.544 42.996 10.8 satisfied,
452.228 719.544 14.664 10.8 the
472.964 719.544 27.972 10.8 assets
507.02 719.544 17.28 10.8 and

99.24 733.344 43.344 10.8 positions
145.584 733.344 41.988 10.8 recorded
190.572 733.344 9.336 10.8 in
202.98 733.344 25.296 10.8 those
231.348 733.344 41.988 10.8 accounts
276.288 733.344 22.704 10.8 shall
301.992 733.344 15.336 10.8 not
320.364 733.344 11.328 10.8 be
334.692 733.344 52.032 10.8 considered
389.76 733.344 18.624 10.8 part
411.384 733.344 9.996 10.8 of
424.416 733.344 14.664 10.8 the
442.104 733.344 51.996 10.8 insolvency
497.1 733.344 27.3 10.8 estate

99.24 747.024 9.996 10.908 of
112.2 747.024 14.664 10.908 the
129.888 747.024 22.632 10.908 CCP
155.556 747.024 9.996 10.908 or
168.552 747.024 14.7 10.908 the
186.252 747.024 38.592 10.908 clearing
227.88 747.024 50.88 10.908 member.;

28.38 784.188 33.348 22.2 EN

291.62 793.224 12 10.8 30

533.62 784.188 33.348 22.2 EN

70.86 59.544 19.992 10.8 (12)
99.24 59.544 33.312 10.8 Article
135.62 59.544 12 10.8 56
150.62 59.544 8.004 10.8 is
161.624 59.544 43.212 10.8 amended
207.836 59.544 10.02 10.8 as
220.856 59.544 39.336 10.8 follows:

99.24 79.344 13.344 10.8 (a)
127.58 79.344 48 10.8 paragraph
178.58 79.344 6 10.8 1
187.52 79.344 8.004 10.8 is
198.56 79.344 40.632 10.8 replaced
242.192 79.344 12 10.8 by
257.192 79.344 14.664 10.8 the
274.856 79.344 49.956 10.8 following:

127.58 99.024 14.328 10.908 1.
155.96 99.144 16.668 10.8 For
176.948 99.144 14.664 10.8 the
195.944 99.144 42.6 10.8 purposes
242.852 99.144 9.996 10.8 of
257.12 99.144 33.312 10.8 Article
294.716 99.144 29.028 10.8 55(1),
327.992 99.144 5.328 10.8 a
337.58 99.144 23.976 10.8 trade
365.876 99.144 48.612 10.8 repository
418.76 99.144 22.668 10.8 shall
445.748 99.144 32.58 10.8 submit
482.672 99.144 27.324 10.8 either
514.28 99.144 9.996 10.8 of

127.58 112.944 14.664 10.8 the
145.268 112.944 46.608 10.8 following
194.876 112.944 9.336 10.8 to
207.212 112.944 36.672 10.8 ESMA:

127.58 132.764 13.344 10.8 (a)
155.96 132.764 11.328 10.8 an
170.288 132.764 53.28 10.8 application
226.568 132.764 13.992 10.8 for
243.56 132.764 58.032 10.8 registration;

127.58 152.564 13.992 10.8 (b)
155.96 152.564 11.328 10.8 an
170.648 152.564 53.292 10.8 application
227.276 152.564 13.992 10.8 for
244.604 152.564 11.328 10.8 an
259.292 152.564 45.972 10.8 extension
308.588 152.564 9.996 10.8 of
321.896 152.564 14.628 10.8 the
339.884 152.564 54.576 10.8 registration
397.808 152.564 29.316 10.8 where
430.436 152.564 14.664 10.8 the
448.412 152.564 24.024 10.8 trade
475.748 152.564 48.636 10.8 repository

155.96 166.364 8.004 10.8 is
166.964 166.364 35.352 10.8 already
205.268 166.364 47.328 10.8 registered
255.596 166.364 27.264 10.8 under
285.884 166.364 37.992 10.8 Chapter
326.9 166.364 11.988 10.8 III
341.888 166.364 9.996 10.8 of
354.884 166.364 52.632 10.8 Regulation
410.516 166.364 23.988 10.8 (EU)
437.504 166.364 14.664 10.8 No
455.2 166.244 63 10.908 2015/2365.;

99.24 186.164 13.992 10.8 (b)
127.58 186.164 48 10.8 paragraph
178.58 186.164 6 10.8 3
187.52 186.164 8.004 10.8 is
198.524 186.164 40.668 10.8 replaced
242.192 186.164 12 10.8 by
257.192 186.164 14.664 10.8 the
274.856 186.164 49.956 10.8 following:

127.58 205.844 14.328 10.908 3.
155.96 205.964 13.332 10.8 To
172.628 205.964 31.356 10.8 ensure
207.344 205.964 5.328 10.8 a
215.972 205.964 48.036 10.8 consistent
267.368 205.964 53.316 10.8 application
324.044 205.964 9.996 10.8 of
337.292 205.964 17.376 10.8 this
358.028 205.964 36.312 10.8 Article,
397.604 205.964 33.336 10.8 ESMA
434.252 205.964 22.704 10.8 shall
460.328 205.964 38.028 10.8 develop
501.704 205.964 22.536 10.8 draft

127.58 219.764 49.344 10.8 regulatory
179.888 219.764 43.32 10.8 technical
226.208 219.764 45.324 10.8 standards
274.532 219.764 49.968 10.8 specifying
327.5 219.764 14.688 10.8 the
345.188 219.764 49.944 10.8 following:

127.58 239.564 13.344 10.8 (a)
155.96 239.564 14.664 10.8 the
181.136 239.564 31.284 10.8 details
222.884 239.564 10.032 10.8 of
243.368 239.564 14.664 10.8 the
268.496 239.564 53.316 10.8 application
332.192 239.564 13.992 10.8 for
356.66 239.564 14.664 10.8 the
381.776 239.564 54.624 10.8 registration
446.912 239.564 37.956 10.8 referred
495.296 239.564 9.336 10.8 to
515.084 239.564 9.336 10.8 in

155.96 253.364 48 10.8 paragraph
206.96 253.364 22.644 10.8 1(a);

127.58 273.164 13.992 10.8 (b)
155.96 273.164 14.664 10.8 the
175.316 273.164 31.308 10.8 details
211.292 273.164 9.936 10.8 of
225.86 273.164 5.328 10.8 a
235.868 273.164 48.648 10.8 simplified
289.184 273.164 53.268 10.8 application
347.12 273.164 13.992 10.8 for
365.768 273.164 14.664 10.8 the
385.124 273.164 45.972 10.8 extension
435.788 273.164 9.996 10.8 of
450.416 273.164 14.628 10.8 the
469.724 273.164 54.588 10.8 registration

155.96 286.964 38.016 10.8 referred
196.916 286.964 9.336 10.8 to
209.252 286.964 9.336 10.8 in
221.588 286.964 47.976 10.8 paragraph
272.516 286.964 23.028 10.8 1(b).

127.58 306.764 33.336 10.8 ESMA
164.648 306.764 22.704 10.8 shall
191.084 306.764 32.592 10.8 submit
227.48 306.764 25.332 10.8 those
256.568 306.764 22.68 10.8 draft
282.944 306.764 49.332 10.8 regulatory
336.008 306.764 43.296 10.8 technical
383.084 306.764 45.252 10.8 standards
432.08 306.764 9.336 10.8 to
445.208 306.764 14.628 10.8 the
463.616 306.764 60.884 10.8 Commission

127.58 320.564 12 10.8 by
146.6 320.564 20.616 10.8 [PO
174.248 320.564 30.684 10.8 please
211.964 320.564 27.324 10.8 insert
246.32 320.564 14.628 10.8 the
267.968 320.564 20.664 10.8 date
295.664 320.564 6 10.8 9
308.612 320.564 34.668 10.8 months
350.3 320.564 22.656 10.8 after
379.976 320.564 14.664 10.8 the
401.672 320.564 24.66 10.8 entry
433.28 320.564 18.708 10.8 into
458.996 320.564 24.66 10.8 force
490.604 320.564 9.336 10.8 of
506.972 320.564 17.376 10.8 this

127.58 334.424 60.396 10.8 Regulation].

127.58 354.164 30.66 10.8 Power
161.768 354.164 8.004 10.8 is
173.336 354.164 45.984 10.8 delegated
222.884 354.164 9.336 10.8 to
235.712 354.164 14.628 10.8 the
253.88 354.164 60.612 10.8 Commission
318.044 354.164 9.336 10.8 to
330.932 354.164 26.664 10.8 adopt
361.088 354.164 14.664 10.8 the
379.304 354.164 49.272 10.8 regulatory
432.128 354.164 43.272 10.8 technical
478.952 354.164 45.324 10.8 standards

127.58 367.964 38.016 10.8 referred
171.344 367.964 9.336 10.8 to
186.452 367.964 9.336 10.8 in
201.62 367.964 14.664 10.8 the
222.116 367.964 19.296 10.8 first
247.184 367.964 64.608 10.8 subparagraph
317.6 367.964 9.336 10.8 in
332.768 367.964 53.952 10.8 accordance
392.552 367.964 21.336 10.8 with
419.66 367.964 38.004 10.8 Articles
463.484 367.964 12 10.8 10
481.232 367.964 9.336 10.8 to
496.4 367.964 12 10.8 14
514.208 367.964 10.044 10.8 of

127.58 381.764 52.716 10.8 Regulation
183.26 381.764 23.94 10.8 (EU)
210.2 381.764 14.664 10.8 No
227.84 381.764 62.652 10.8 1095/2010.";

99.24 401.564 13.344 10.8 (c)
127.58 401.564 48 10.8 paragraph
178.58 401.564 6 10.8 4
187.508 401.564 8.004 10.8 is
198.512 401.564 40.668 10.8 replaced
242.18 401.564 12 10.8 by
257.18 401.564 14.664 10.8 the
274.844 401.564 49.956 10.8 following:

127.58 421.264 14.328 10.908 4.
155.96 421.384 13.332 10.8 To
174.368 421.384 31.356 10.8 ensure
210.824 421.384 38.664 10.8 uniform
254.552 421.384 50.064 10.8 conditions
309.716 421.384 9.996 10.8 of
324.764 421.384 53.316 10.8 application
383.18 421.384 9.996 10.8 of
398.228 421.384 48.024 10.8 paragraph
449.38 421.384 9 10.8 1,
463.468 421.384 33.336 10.8 ESMA
501.856 421.384 22.728 10.8 shall

127.58 435.184 38.028 10.8 develop
168.608 435.184 22.62 10.8 draft
194.228 435.184 66.576 10.8 implementing
263.804 435.184 43.344 10.8 technical
310.112 435.184 45.324 10.8 standards
358.436 435.184 49.992 10.8 specifying
411.428 435.184 14.664 10.8 the
429.056 435.184 50.004 10.8 following:

127.58 454.984 13.344 10.8 (a)
155.96 454.984 14.664 10.8 the
173.648 454.984 31.884 10.8 format
208.556 454.984 9.996 10.8 of
221.552 454.984 14.664 10.8 the
239.216 454.984 53.316 10.8 application
295.532 454.984 13.956 10.8 for
312.488 454.984 54.72 10.8 registration
370.148 454.984 38.016 10.8 referred
411.164 454.984 9.336 10.8 to
423.464 454.984 9.336 10.8 in
435.8 454.984 48 10.8 paragraph
486.8 454.984 22.632 10.8 1(a);

127.58 474.784 13.992 10.8 (b)
155.96 474.784 14.664 10.8 the
174.476 474.784 31.884 10.8 format
210.212 474.784 9.996 10.8 of
224 474.784 14.664 10.8 the
242.516 474.784 53.316 10.8 application
299.66 474.784 13.992 10.8 for
317.468 474.784 11.328 10.8 an
332.636 474.784 45.972 10.8 extension
382.46 474.784 9.996 10.8 of
396.188 474.784 14.664 10.8 the
414.704 474.784 54.576 10.8 registration
473.108 474.784 38.016 10.8 referred
514.892 474.784 9.336 10.8 to

155.96 488.584 9.336 10.8 in
168.296 488.584 47.988 10.8 paragraph
219.26 488.584 23.028 10.8 1(b).

127.58 508.324 23.928 10.8 With
158.456 508.324 30.672 10.8 regard
196.052 508.324 9.336 10.8 to
212.36 508.324 24.636 10.8 point
243.908 508.324 13.992 10.8 (b)
264.884 508.324 9.996 10.8 of
281.792 508.324 14.664 10.8 the
303.32 508.324 19.332 10.8 first
329.636 508.324 67.608 10.8 subparagraph,
404.204 508.324 33.252 10.8 ESMA
444.392 508.324 22.704 10.8 shall
474.008 508.324 38.028 10.8 develop
518.984 508.324 5.328 10.8 a

127.58 522.124 48.648 10.8 simplified
179.228 522.124 34.956 10.8 format.

127.58 541.924 33.336 10.8 ESMA
169.868 541.924 22.704 10.8 shall
201.584 541.924 32.592 10.8 submit
243.2 541.924 25.296 10.8 those
277.508 541.924 22.68 10.8 draft
309.2 541.924 66.612 10.8 implementing
384.824 541.924 43.296 10.8 technical
437.12 541.924 45.264 10.8 standards
491.384 541.924 9.336 10.8 to
509.732 541.924 14.664 10.8 the

127.58 555.724 60.612 10.8 Commission
192.104 555.724 12 10.8 by
208.1 555.724 20.616 10.8 [PO
232.628 555.724 30.684 10.8 please
267.224 555.724 27.372 10.8 insert
298.52 555.724 14.628 10.8 the
317.048 555.724 20.664 10.8 date
341.624 555.724 6 10.8 9
351.512 555.724 34.692 10.8 months
390.128 555.724 22.704 10.8 after
416.744 555.724 14.628 10.8 the
435.272 555.724 24.684 10.8 entry
463.868 555.724 18.708 10.8 into
486.404 555.724 24.696 10.8 force
515 555.724 9.336 10.8 of

127.58 569.584 17.376 10.8 this
147.956 569.584 60.408 10.8 Regulation].

127.58 589.324 30.66 10.8 Power
164.648 589.324 8.004 10.8 is
179.096 589.324 45.996 10.8 conferred
231.512 589.324 12 10.8 on
249.92 589.324 14.664 10.8 the
271.016 589.324 60.672 10.8 Commission
338.12 589.324 9.336 10.8 to
353.888 589.324 26.616 10.8 adopt
386.936 589.324 14.664 10.8 the
408.032 589.324 66.552 10.8 implementing
481.016 589.324 43.32 10.8 technical

127.58 603.124 45.324 10.8 standards
177.584 603.124 37.956 10.8 referred
220.208 603.124 9.336 10.8 to
234.236 603.124 9.336 10.8 in
248.204 603.124 14.664 10.8 the
267.56 603.124 19.332 10.8 first
291.596 603.124 64.752 10.8 subparagraph
361.028 603.124 9.336 10.8 in
375.056 603.124 53.952 10.8 accordance
433.7 603.124 21.336 10.8 with
459.728 603.124 33.324 10.8 Article
497.756 603.124 12 10.8 15
514.424 603.124 9.996 10.8 of

127.58 616.924 52.704 10.8 Regulation
183.248 616.924 23.94 10.8 (EU)
210.188 616.924 14.664 10.8 No
227.852 616.924 62.628 10.8 1095/2010.";

70.86 636.724 19.992 10.8 (13)
99.24 636.724 33.312 10.8 Article
135.576 636.724 25.956 10.8 65(2)
164.532 636.724 8.04 10.8 is
175.572 636.724 43.248 10.8 amended
221.82 636.724 10.02 10.8 as
234.84 636.724 39.336 10.8 follows:

99.24 656.524 13.344 10.8 (a)
127.58 656.524 9.336 10.8 in
139.916 656.524 24.708 10.8 point
167.6 656.404 16.344 10.908 (a),
186.944 656.404 29.268 10.908 EUR
219.2 656.524 12 10.8 20
234.2 656.404 23.376 10.908 000
260.576 656.404 8.004 10.908 is
271.616 656.404 40.536 10.908 replaced
315.152 656.404 12 10.908 by
330.152 656.404 29.328 10.908 EUR
362.54 656.524 18 10.8 200
383.56 656.404 26.664 10.908 000;

99.24 676.324 13.992 10.8 (b)
127.58 676.324 9.336 10.8 in
139.916 676.324 24.708 10.8 point
167.6 676.204 17.028 10.908 (b),
187.568 676.204 29.328 10.908 EUR
219.86 676.324 12 10.8 10
234.86 676.204 23.376 10.908 000
261.236 676.204 8.004 10.908 is
272.276 676.204 40.536 10.908 replaced
315.812 676.204 12 10.908 by
330.812 676.204 29.328 10.908 EUR
363.2 676.324 18 10.8 100
384.22 676.204 26.664 10.908 000;

99.24 696.144 13.344 10.8 (c)
127.58 696.144 14.664 10.8 the
145.268 696.144 46.608 10.8 following
194.876 696.144 24.672 10.8 point
222.62 696.144 13.32 10.8 (c)
238.94 696.144 7.968 10.8 is
249.86 696.144 31.992 10.8 added:

127.58 715.824 18.684 10.908 (c)
155.96 715.944 13.992 10.8 for
173.048 715.944 14.664 10.8 the
190.844 715.944 66.576 10.8 infringements
260.54 715.944 38.016 10.8 referred
301.664 715.944 9.336 10.8 to
314.132 715.944 9.336 10.8 in
326.54 715.944 36.024 10.8 Section
365.696 715.944 12.66 10.8 IV
381.464 715.944 9.936 10.8 of
394.472 715.944 31.992 10.8 Annex
429.56 715.944 6.996 10.8 I,
439.688 715.944 14.664 10.8 the
457.484 715.944 35.916 10.8 amount
496.532 715.944 10.044 10.8 of
509.648 715.944 14.664 10.8 the

155.96 729.744 23.328 10.8 fines
182.288 729.744 22.692 10.8 shall
207.98 729.744 11.256 10.8 be
222.236 729.744 8.664 10.8 at
233.936 729.744 21.984 10.8 least
258.92 729.744 23.928 10.8 EUR
285.86 729.744 6 10.8 5
294.86 729.744 18 10.8 000
315.86 729.744 17.328 10.8 and
336.188 729.744 22.716 10.8 shall
361.904 729.744 15.3 10.8 not
380.204 729.744 33.312 10.8 exceed
416.516 729.744 24 10.8 EUR
443.5 729.744 12 10.8 10
458.56 729.624 29.664 10.908 000.;

70.86 749.544 19.992 10.8 (14)
99.24 749.544 9.996 10.8 In
112.236 749.544 33.36 10.8 Article
148.596 749.544 14.952 10.8 72,
166.548 749.544 48 10.8 paragraph
217.476 749.544 6 10.8 2
226.476 749.544 8.004 10.8 is
237.48 749.544 40.668 10.8 replaced
281.112 749.544 12 10.8 by
296.112 749.544 14.664 10.8 the
313.8 749.544 49.944 10.8 following:

28.38 784.188 33.348 22.2 EN

291.62 793.224 12 10.8 31

533.62 784.188 33.348 22.2 EN

99.24 59.544 13.896 10.8 "2.
127.58 59.544 18.66 10.8 The
150.608 59.544 35.916 10.8 amount
190.964 59.544 9.996 10.8 of
205.292 59.544 5.328 10.8 a
215.06 59.544 14.652 10.8 fee
234.068 59.544 38.016 10.8 charged
276.464 59.544 9.336 10.8 to
290.192 59.544 5.328 10.8 a
299.9 59.544 23.988 10.8 trade
328.268 59.544 48.78 10.8 repository
381.428 59.544 22.704 10.8 shall
408.464 59.544 26.604 10.8 cover
439.46 59.544 12 10.8 all
455.828 59.544 68.64 10.8 administrative

99.24 73.344 24.036 10.8 costs
131.556 73.344 39.948 10.8 incurred
179.772 73.344 12 10.8 by
200.04 73.344 33.372 10.8 ESMA
241.656 73.344 13.992 10.8 for
263.904 73.344 11.376 10.8 its
283.56 73.344 54.684 10.8 registration
346.476 73.344 17.328 10.8 and
372.084 73.344 55.368 10.8 supervision
435.72 73.344 43.356 10.8 activities
487.356 73.344 17.328 10.8 and
512.904 73.344 11.328 10.8 be

99.24 87.144 64.692 10.8 proportionate
171.156 87.144 9.336 10.8 to
187.704 87.144 14.664 10.8 the
209.592 87.144 40.644 10.8 turnover
257.448 87.144 9.996 10.8 of
274.656 87.144 14.628 10.8 the
296.544 87.144 23.988 10.8 trade
327.732 87.144 48.684 10.8 repository
383.628 87.144 49.296 10.8 concerned
440.124 87.144 17.28 10.8 and
464.652 87.144 14.664 10.8 the
486.54 87.144 20.664 10.8 type
514.428 87.144 9.996 10.8 of

99.24 100.944 54.684 10.8 registration
156.924 100.944 17.328 10.8 and
177.252 100.944 55.272 10.8 supervision
235.524 100.944 56.568 10.8 exercised.";

70.86 120.744 19.992 10.8 (15)
99.24 120.744 18.66 10.8 The
120.9 120.744 46.668 10.8 following
170.568 120.744 33.356 10.8 Article
206.948 120.744 17.268 10.8 76a
227.216 120.744 8.004 10.8 is
238.256 120.744 41.28 10.8 inserted:

282.38 152.444 37.992 10.908 Article
323.396 152.564 18 10.8 76a

243.56 184.424 34.704 10.8 Mutual
281.264 184.424 27.948 10.8 direct
312.236 184.424 31.32 10.8 access
346.556 184.424 9.336 10.8 to
358.892 184.424 21.336 10.8 data

99.24 204.164 9 10.8 1.

127.58 204.164 31.956 10.8 Where
165.416 204.164 46.668 10.8 necessary
217.952 204.164 13.992 10.8 for
237.8 204.164 14.628 10.8 the
258.308 204.164 39.3 10.8 exercise
303.452 204.164 9.996 10.8 of
319.28 204.164 22.02 10.8 their
347.204 204.164 31.656 10.8 duties,
384.74 204.164 38.616 10.8 relevant
429.188 204.164 50.664 10.8 authorities
485.672 204.164 9.996 10.8 of
501.5 204.164 22.704 10.8 third

99.24 217.964 44.016 10.8 countries
146.256 217.964 9.36 10.8 in
158.616 217.964 29.328 10.8 which
191.004 217.964 17.328 10.8 one
211.392 217.964 9.936 10.8 or
224.4 217.964 24.564 10.8 more
252.036 217.964 23.976 10.8 trade
279.012 217.964 55.98 10.8 repositories
337.992 217.964 14.676 10.8 are
355.692 217.964 53.292 10.8 established
412.02 217.964 22.668 10.8 shall
437.748 217.964 22.548 10.8 have
463.356 217.964 27.324 10.8 direct
493.704 217.964 30.564 10.8 access

99.24 231.764 9.336 10.8 to
112.368 231.764 56.604 10.8 information
172.764 231.764 9.336 10.8 in
185.892 231.764 24.104 10.8 trade
213.728 231.764 55.944 10.8 repositories
273.452 231.764 53.316 10.8 established
330.536 231.764 9.336 10.8 in
343.604 231.764 14.664 10.8 the
362.06 231.764 33 10.8 Union,
398.828 231.764 42.696 10.8 provided
445.304 231.764 14.628 10.8 the
463.652 231.764 60.612 10.8 Commission

99.24 245.564 15.996 10.8 has
118.236 245.564 38.016 10.8 adopted
159.252 245.564 11.328 10.8 an
173.58 245.564 66.672 10.8 implementing
243.252 245.564 13.956 10.8 act
260.208 245.564 9.372 10.8 in
272.52 245.564 53.952 10.8 accordance
329.436 245.564 21.336 10.8 with
353.772 245.564 47.964 10.8 paragraph
404.736 245.564 6 10.8 2
413.736 245.564 9.336 10.8 to
426.072 245.564 18 10.8 that
447.012 245.564 30.288 10.8 effect.

99.24 265.364 9 10.8 2.

127.58 265.364 26.664 10.8 Upon
158.888 265.364 54.012 10.8 submission
217.592 265.364 9.996 10.8 of
232.22 265.364 5.328 10.8 a
242.228 265.364 34.656 10.8 request
281.576 265.364 12 10.8 by
298.184 265.364 14.628 10.8 the
317.492 265.364 50.664 10.8 authorities
372.776 265.364 38.016 10.8 referred
415.4 265.364 9.336 10.8 to
429.368 265.364 9.336 10.8 in
443.396 265.364 47.916 10.8 paragraph
495.98 265.364 9 10.8 1,
509.648 265.364 14.664 10.8 the

99.24 279.164 60.612 10.8 Commission
167.724 279.164 20.568 10.8 may
196.092 279.164 26.724 10.8 adopt
230.628 279.164 66.776 10.8 implementing
305.192 279.164 21.66 10.8 acts,
334.64 279.164 9.336 10.8 in
351.728 279.164 53.952 10.8 accordance
413.492 279.164 21.336 10.8 with
442.64 279.164 14.628 10.8 the
465.22 279.164 59.316 10.8 examination

99.24 292.964 48 10.8 procedure
151.116 292.964 37.908 10.8 referred
192.852 292.964 9.336 10.8 to
206.1 292.964 9.336 10.8 in
219.228 292.964 33.312 10.8 Article
256.452 292.964 28.932 10.8 86(2),
289.4 292.964 57.936 10.8 determining
351.224 292.964 38.652 10.8 whether
393.692 292.964 14.664 10.8 the
412.208 292.964 23.352 10.8 legal
439.424 292.964 52.548 10.8 framework
495.86 292.964 9.996 10.8 of
509.708 292.964 14.664 10.8 the

99.24 306.764 22.704 10.8 third
124.944 306.764 36.66 10.8 country
164.604 306.764 9.996 10.8 of
177.528 306.764 14.664 10.8 the
195.216 306.764 49.992 10.8 requesting
248.172 306.764 43.332 10.8 authority
294.504 306.764 28.668 10.8 fulfils
326.172 306.764 11.952 10.8 all
341.124 306.764 9.996 10.8 of
354.12 306.764 14.664 10.8 the
371.784 306.764 46.632 10.8 following
421.416 306.764 53.34 10.8 conditions:

99.24 326.564 13.344 10.8 (a)
127.58 326.564 24.024 10.8 trade
154.604 326.564 55.968 10.8 repositories
213.572 326.564 53.328 10.8 established
269.9 326.564 9.336 10.8 in
282.236 326.564 17.976 10.8 that
303.176 326.564 22.704 10.8 third
328.88 326.564 36.66 10.8 country
368.54 326.564 14.652 10.8 are
386.192 326.564 21.36 10.8 duly
410.492 326.564 53.316 10.8 authorised;

99.24 346.364 13.992 10.8 (b)
127.58 346.364 41.952 10.8 effective
176.024 346.364 55.308 10.8 supervision
237.8 346.364 9.996 10.8 of
254.228 346.364 24.024 10.8 trade
284.744 346.364 55.992 10.8 repositories
347.216 346.364 17.328 10.8 and
370.964 346.364 41.952 10.8 effective
419.408 346.364 59.904 10.8 enforcement
485.864 346.364 9.996 10.8 of
502.292 346.364 22.02 10.8 their

127.58 360.164 53.364 10.8 obligations
183.896 360.164 24.66 10.8 takes
211.556 360.164 25.32 10.8 place
239.876 360.164 9.336 10.8 in
252.212 360.164 18 10.8 that
273.212 360.164 22.692 10.8 third
298.844 360.164 36.648 10.8 country
338.492 360.164 12 10.8 on
353.492 360.164 11.328 10.8 an
367.772 360.164 39.336 10.8 ongoing
410.108 360.164 27.336 10.8 basis;

99.24 379.964 13.344 10.8 (c)
127.58 379.964 51.336 10.8 guarantees
186.776 379.964 9.996 10.8 of
204.644 379.964 58.692 10.8 professional
271.268 379.964 35.976 10.8 secrecy
315.116 379.964 22.692 10.8 exist
345.692 379.964 17.28 10.8 and
370.88 379.964 25.332 10.8 those
404.156 379.964 51.464 10.8 guarantees
463.528 379.964 14.604 10.8 are
486.016 379.964 8.664 10.8 at
502.552 379.964 22.02 10.8 least

127.58 393.764 50.016 10.8 equivalent
183.656 393.764 9.336 10.8 to
199.004 393.764 25.332 10.8 those
230.42 393.764 17.94 10.8 laid
254.408 393.764 26.664 10.8 down
287.096 393.764 9.336 10.8 in
302.504 393.764 17.376 10.8 this
325.94 393.764 55.62 10.8 Regulation,
387.608 393.764 45.336 10.8 including
438.956 393.764 14.664 10.8 the
459.692 393.764 48.684 10.8 protection
514.448 393.764 9.996 10.8 of

127.58 407.564 40.692 10.8 business
171.296 407.564 32.604 10.8 secrets
206.924 407.564 31.296 10.8 shared
241.172 407.564 21.336 10.8 with
265.508 407.564 22.668 10.8 third
291.176 407.564 31.992 10.8 parties
326.168 407.564 12 10.8 by
341.168 407.564 14.688 10.8 the
358.808 407.564 54.024 10.8 authorities;

99.24 427.384 13.992 10.8 (d)
127.58 427.384 24.024 10.8 trade
155.576 427.384 55.944 10.8 repositories
215.492 427.384 49.98 10.8 authorised
269.408 427.384 9.336 10.8 in
282.716 427.384 18.024 10.8 that
304.652 427.384 22.668 10.8 third
331.268 427.384 36.66 10.8 country
371.816 427.384 14.676 10.8 are
390.452 427.384 34.02 10.8 subject
428.348 427.384 9.336 10.8 to
441.656 427.384 5.328 10.8 a
450.944 427.384 32.688 10.8 legally
487.52 427.384 36.708 10.8 binding

127.58 441.184 17.328 10.8 and
147.908 441.184 55.956 10.8 enforceable
206.864 441.184 48.612 10.8 obligation
258.476 441.184 9.336 10.8 to
270.812 441.184 24.696 10.8 grant
298.472 441.184 9.336 10.8 to
310.772 441.184 14.664 10.8 the
328.46 441.184 34.668 10.8 entities
366.08 441.184 38.016 10.8 referred
407.096 441.184 9.336 10.8 to
419.396 441.184 9.336 10.8 in
431.696 441.184 33.36 10.8 Article
468.16 441.184 25.992 10.8 81(3)
497.152 441.184 27.3 10.8 direct

127.58 454.864 17.328 10.908 and
147.908 454.864 50.664 10.908 immediate
201.572 454.864 30.648 10.908 access
235.184 454.864 9.336 10.908 to
247.484 454.864 14.664 10.908 the
265.172 454.864 31.656 10.908 data.;

70.86 474.784 19.992 10.8 (16)
99.24 474.784 9.996 10.8 In
112.236 474.784 33.36 10.8 Article
148.64 474.784 14.94 10.8 78,
166.58 474.784 14.664 10.8 the
184.268 474.784 46.608 10.8 following
233.876 474.784 47.928 10.8 paragraph
284.804 474.784 6 10.8 9
293.804 474.784 17.328 10.8 and
314.132 474.784 12 10.8 10
329.132 474.784 14.688 10.8 are
346.82 474.784 31.956 10.8 added:

99.24 494.464 19.344 10.908 (9)
127.58 494.584 8.664 10.8 A
139.244 494.584 24.012 10.8 trade
166.256 494.584 48.636 10.8 repository
217.892 494.584 22.62 10.8 shall
243.512 494.584 42 10.8 establish
288.512 494.584 14.64 10.8 the
306.152 494.584 46.668 10.8 following
355.82 494.584 52.668 10.8 procedures
411.488 494.584 17.244 10.8 and
431.732 494.584 40.68 10.8 policies:

99.24 514.324 13.356 10.8 (a)
127.58 514.324 52.668 10.8 procedures
183.248 514.324 13.992 10.8 for
200.24 514.324 14.664 10.8 the
217.904 514.324 41.928 10.8 effective
262.832 514.324 65.964 10.8 reconciliation
331.796 514.324 9.996 10.8 of
344.792 514.324 19.992 10.8 data
367.784 514.324 39.984 10.8 between
410.768 514.324 23.94 10.8 trade
437.708 514.324 59.292 10.8 repositories;

99.24 534.124 13.992 10.8 (b)
127.58 534.124 52.668 10.8 procedures
183.248 534.124 9.336 10.8 to
195.584 534.124 31.32 10.8 ensure
229.904 534.124 14.64 10.8 the
247.496 534.124 64.62 10.8 completeness
315.14 534.124 17.328 10.8 and
335.468 534.124 42.612 10.8 accuracy
381.08 534.124 9.996 10.8 of
394.028 534.124 14.664 10.8 the
411.716 534.124 39.984 10.8 reported
454.7 534.124 23.316 10.8 data;

99.24 553.924 13.344 10.8 (c)
127.58 553.924 37.344 10.8 policies
168.284 553.924 13.992 10.8 for
185.612 553.924 14.628 10.8 the
203.6 553.924 34.68 10.8 orderly
241.616 553.924 36.648 10.8 transfer
281.624 553.924 9.996 10.8 of
294.932 553.924 20.016 10.8 data
318.308 553.924 9.336 10.8 to
331.016 553.924 24.684 10.8 other
359.012 553.924 23.988 10.8 trade
386.36 553.924 55.98 10.8 repositories
445.712 553.924 29.268 10.8 where
478.34 553.924 46.008 10.8 requested

99.24 567.724 12 10.8 by
114.24 567.724 14.664 10.8 the
131.96 567.724 67.956 10.8 counterparties
202.916 567.724 9.996 10.8 or
215.876 567.724 27.3 10.8 CCPs
246.176 567.724 38.016 10.8 referred
287.192 567.724 9.336 10.8 to
299.528 567.724 9.372 10.8 in
311.9 567.724 33.264 10.8 Article
348.188 567.724 6 10.8 9
357.188 567.724 9.996 10.8 or
370.184 567.724 29.268 10.8 where
402.476 567.724 46.656 10.8 otherwise
452.132 567.724 49.644 10.8 necessary.

99.24 587.524 19.992 10.8 (10)
127.58 587.524 13.332 10.8 To
146.828 587.524 31.356 10.8 ensure
184.064 587.524 5.328 10.8 a
195.332 587.524 48.012 10.8 consistent
249.236 587.524 53.376 10.8 application
308.48 587.524 9.996 10.8 of
324.368 587.524 17.376 10.8 this
347.684 587.524 36.336 10.8 Article,
389.948 587.524 33.336 10.8 ESMA
429.116 587.524 22.704 10.8 shall
457.772 587.524 37.944 10.8 develop
501.62 587.524 22.68 10.8 draft

99.24 601.324 49.344 10.8 regulatory
151.548 601.324 43.32 10.8 technical
197.868 601.324 45.324 10.8 standards
246.192 601.324 53.304 10.8 specifying:

99.24 621.124 13.344 10.8 (a)
127.58 621.124 14.664 10.8 the
145.268 621.124 52.596 10.8 procedures
200.864 621.124 13.992 10.8 for
217.856 621.124 14.688 10.8 the
235.544 621.124 65.916 10.8 reconciliation
304.424 621.124 9.996 10.8 of
317.384 621.124 20.016 10.8 data
340.4 621.124 39.996 10.8 between
383.396 621.124 24.024 10.8 trade
410.42 621.124 59.328 10.8 repositories;

99.24 640.924 13.992 10.8 (b)
127.58 640.924 14.664 10.8 the
146.456 640.924 52.608 10.8 procedures
203.264 640.924 9.336 10.8 to
216.752 640.924 11.328 10.8 be
232.28 640.924 35.316 10.8 applied
271.796 640.924 12 10.8 by
287.924 640.924 14.664 10.8 the
306.752 640.924 23.976 10.8 trade
334.928 640.924 48.612 10.8 repository
387.692 640.924 9.336 10.8 to
401.24 640.924 28.56 10.8 verify
433.988 640.924 14.664 10.8 the
452.864 640.924 55.32 10.8 compliance
512.348 640.924 12 10.8 by

127.58 654.724 14.664 10.8 the
147.416 654.724 43.908 10.8 reporting
196.472 654.724 60.624 10.8 counterparty
262.244 654.724 9.996 10.8 or
277.352 654.724 51.348 10.8 submitting
333.86 654.724 27.324 10.8 entity
366.296 654.724 21.336 10.8 with
392.804 654.724 14.664 10.8 the
412.58 654.724 44.028 10.8 reporting
461.696 654.724 62.592 10.8 requirements

127.58 668.524 17.328 10.8 and
149.768 668.524 9.336 10.8 to
163.976 668.524 28.68 10.8 verify
197.492 668.524 14.664 10.8 the
217.028 668.524 64.668 10.8 completeness
286.568 668.524 17.328 10.8 and
308.696 668.524 42.684 10.8 accuracy
356.24 668.524 9.936 10.8 of
370.988 668.524 14.664 10.8 the
390.524 668.524 56.724 10.8 information
452.12 668.524 40.22 10.8 reported
497.188 668.524 27.324 10.8 under

127.58 682.324 33.312 10.8 Article
163.916 682.324 9 10.8 9.

99.24 702.144 33.336 10.8 ESMA
137.448 702.144 22.704 10.8 shall
165.024 702.144 32.592 10.8 submit
202.56 702.144 25.332 10.8 those
232.836 702.144 22.68 10.8 draft
260.352 702.144 49.272 10.8 regulatory
314.556 702.144 43.272 10.8 technical
362.7 702.144 45.252 10.8 standards
412.884 702.144 9.336 10.8 to
427.092 702.144 14.664 10.8 the
446.688 702.144 60.552 10.8 Commission
512.172 702.144 12 10.8 by

99.24 716.004 20.616 10.8 [PO
122.856 716.004 30.648 10.8 please
156.504 716.004 27.396 10.8 insert
186.9 716.004 14.64 10.8 the
204.54 716.004 20.664 10.8 date
228.204 716.004 6 10.8 9
237.204 716.004 34.668 10.8 months
274.872 716.004 22.704 10.8 after
300.576 716.004 14.664 10.8 the
318.24 716.004 24.612 10.8 entry
345.852 716.004 18.696 10.8 into
367.488 716.004 24.696 10.8 force
395.136 716.004 9.336 10.8 of
407.472 716.004 17.376 10.8 this
427.848 716.004 60.384 10.8 Regulation].

28.38 784.188 33.348 22.2 EN

291.62 793.224 12 10.8 32

533.62 784.188 33.348 22.2 EN

99.24 59.544 30.66 10.8 Power
136.008 59.544 8.004 10.8 is
150.156 59.544 46.008 10.8 delegated
202.272 59.544 9.336 10.8 to
217.68 59.544 14.664 10.8 the
238.476 59.544 60.696 10.8 Commission
305.22 59.544 9.336 10.8 to
320.688 59.544 26.616 10.8 adopt
353.436 59.544 14.664 10.8 the
374.232 59.544 49.224 10.8 regulatory
429.588 59.544 43.564 10.8 technical
479.284 59.544 45.252 10.8 standards

99.24 73.344 38.016 10.8 referred
140.844 73.344 9.336 10.8 to
153.852 73.344 9.336 10.8 in
166.8 73.344 14.664 10.8 the
185.136 73.344 19.332 10.8 first
208.152 73.344 64.62 10.8 subparagraph
276.348 73.344 9.336 10.8 in
289.356 73.344 53.952 10.8 accordance
346.98 73.344 21.336 10.8 with
371.988 73.344 37.992 10.8 Articles
413.664 73.344 12 10.8 10
429.312 73.344 9.336 10.8 to
442.32 73.344 11.94 10.8 14
457.908 73.344 9.996 10.8 of
471.516 73.344 52.704 10.8 Regulation

99.24 87.144 23.988 10.8 (EU)
126.228 87.144 14.664 10.8 No
143.9 87.144 62.604 10.8 1095/2010.";

70.86 106.944 19.992 10.8 (17)
99.24 106.944 33.312 10.8 Article
135.576 106.944 12 10.8 81
150.576 106.944 8.004 10.8 is
161.58 106.944 43.212 10.8 amended
207.792 106.944 10.02 10.8 as
220.812 106.944 39.336 10.8 follows:

99.24 126.744 13.344 10.8 (a)
127.58 126.744 14.664 10.8 the
145.268 126.744 46.608 10.8 following
194.876 126.744 24.672 10.8 point
222.584 126.744 13.956 10.8 (q)
239.54 126.744 8.004 10.8 is
250.544 126.744 28.656 10.8 added
282.2 126.744 9.372 10.8 to
294.572 126.744 47.94 10.8 paragraph
345.512 126.744 9.336 10.8 3:

127.58 146.444 19.344 10.908 (q)
155.96 146.564 14.664 10.8 the
179.336 146.564 38.592 10.8 relevant
226.7 146.564 50.556 10.8 authorities
286.016 146.564 9.996 10.8 of
304.724 146.564 5.328 10.8 a
318.752 146.564 22.668 10.8 third
350.18 146.564 36.648 10.8 country
395.68 146.564 9.336 10.8 in
413.728 146.564 34.008 10.8 respect
456.424 146.564 9.996 10.8 of
475.132 146.564 29.328 10.8 which
513.16 146.564 11.328 10.8 an

155.96 160.244 66.612 10.908 implementing
225.572 160.244 14.016 10.908 act
242.612 160.244 41.244 10.908 pursuant
286.856 160.244 9.372 10.908 to
299.228 160.244 33.312 10.908 Article
335.456 160.244 25.344 10.908 76(a)
363.8 160.244 16.02 10.908 has
382.82 160.244 22.56 10.908 been
408.38 160.244 49.98 10.908 adopted;;

99.24 180.164 13.992 10.8 (b)
127.58 180.164 14.664 10.8 the
145.268 180.164 46.608 10.8 following
194.876 180.164 48 10.8 paragraph
245.804 180.164 11.328 10.8 3a
260.132 180.164 8.004 10.8 is
271.172 180.164 41.28 10.8 inserted:

127.58 199.844 19.656 10.908 3a.
155.96 199.964 8.664 10.8 A
168.608 199.964 24.024 10.8 trade
196.604 199.964 48.672 10.8 repository
249.248 199.964 22.668 10.8 shall
275.876 199.964 36.696 10.8 provide
316.532 199.964 67.956 10.8 counterparties
388.448 199.964 17.328 10.8 and
409.796 199.964 27.3 10.8 CCPs
441.104 199.964 38.016 10.8 referred
483.068 199.964 9.336 10.8 to
496.436 199.964 9.336 10.8 in
509.744 199.964 14.628 10.8 the

127.58 213.764 33.348 10.8 second
167.636 213.764 64.68 10.8 subparagraph
239.012 213.764 9.996 10.8 of
255.74 213.764 33.36 10.8 Article
292.16 213.764 25.284 10.8 9(1a)
324.176 213.764 21.336 10.8 with
352.244 213.764 14.628 10.8 the
373.592 213.764 56.684 10.8 information
436.984 213.764 40.044 10.8 reported
483.688 213.764 12 10.8 on
502.396 213.764 22.02 10.8 their

127.58 227.444 41.688 10.908 behalf.;

99.24 247.364 13.344 10.8 (c)
127.58 247.364 48 10.8 paragraph
178.58 247.364 6 10.8 5
187.508 247.364 8.004 10.8 is
198.512 247.364 40.668 10.8 replaced
242.18 247.364 12 10.8 by
257.18 247.364 14.664 10.8 the
274.844 247.364 49.956 10.8 following:

127.58 267.044 14.328 10.908 5.
146.948 267.044 9.996 10.908 In
161.996 267.044 25.344 10.908 order
192.332 267.044 9.336 10.908 to
206.72 267.044 31.356 10.908 ensure
243.116 267.044 47.952 10.908 consistent
296.12 267.044 53.316 10.908 application
354.476 267.044 9.996 10.908 of
369.464 267.044 17.376 10.908 this
391.88 267.044 36.312 10.908 Article,
433.196 267.044 33.336 10.908 ESMA
471.524 267.044 25.752 10.908 shall,
502.328 267.044 21.984 10.908 after

127.58 280.964 50.04 10.8 consulting
180.776 280.964 14.628 10.8 the
198.644 280.964 43.884 10.8 members
245.708 280.964 9.996 10.8 of
258.836 280.964 14.664 10.8 the
276.692 280.964 33.048 10.8 ESCB,
312.908 280.964 38.028 10.8 develop
354.104 280.964 22.68 10.8 draft
379.94 280.964 49.284 10.8 regulatory
432.416 280.964 43.344 10.8 technical
478.892 280.964 45.324 10.8 standards

127.58 294.764 50.016 10.8 specifying
180.596 294.764 14.664 10.8 the
198.26 294.764 49.956 10.8 following:

127.58 314.564 13.344 10.8 (a)
155.96 314.564 14.664 10.8 the
177.236 314.564 56.604 10.8 information
240.452 314.564 9.336 10.8 to
256.4 314.564 11.328 10.8 be
274.268 314.564 46.704 10.8 published
327.584 314.564 9.936 10.8 or
344.132 314.564 25.896 10.8 made
376.64 314.564 43.32 10.8 available
426.572 314.564 9.336 10.8 in
442.52 314.564 53.892 10.8 accordance
503.024 314.564 21.288 10.8 with

155.96 328.364 52.668 10.8 paragraphs
211.568 328.364 6 10.8 1
220.568 328.364 17.328 10.8 and
240.896 328.364 9.336 10.8 3;

127.58 348.164 13.992 10.8 (b)
155.96 348.164 14.664 10.8 the
173.648 348.164 47.928 10.8 frequency
224.576 348.164 9.996 10.8 of
237.572 348.164 54 10.8 publication
294.572 348.164 9.996 10.8 of
307.568 348.164 14.664 10.8 the
325.232 348.164 56.592 10.8 information
384.824 348.164 37.98 10.8 referred
425.804 348.164 9.336 10.8 to
438.104 348.164 9.336 10.8 in
450.404 348.164 48 10.8 paragraph
501.404 348.164 9.336 10.8 1;

127.58 367.964 13.344 10.8 (c)
155.96 367.964 14.664 10.8 the
176.216 367.964 53.892 10.8 operational
235.7 367.964 45.264 10.8 standards
286.544 367.964 39.984 10.8 required
332.048 367.964 9.336 10.8 to
346.916 367.964 46.668 10.8 aggregate
399.092 367.964 17.328 10.8 and
422 367.964 41.256 10.8 compare
468.836 367.964 19.944 10.8 data
494.372 367.964 30.2 10.8 across

155.96 381.764 56.004 10.8 repositories
217.184 381.764 17.328 10.8 and
239.792 381.764 13.992 10.8 for
259.04 381.764 14.664 10.8 the
278.948 381.764 34.692 10.8 entities
318.884 381.764 38.016 10.8 referred
362.108 381.764 9.336 10.8 to
376.736 381.764 9.336 10.8 in
391.304 381.764 48 10.8 paragraph
444.56 381.764 6 10.8 3
455.828 381.764 9.336 10.8 to
470.456 381.764 30.672 10.8 access
506.372 381.764 17.964 10.8 that

155.96 395.564 59.94 10.8 information;

127.58 415.384 13.992 10.8 (d)
155.96 415.384 14.664 10.8 the
174.476 415.384 26.568 10.8 terms
204.884 415.384 17.328 10.8 and
226.052 415.384 52.968 10.8 conditions,
282.848 415.384 14.664 10.8 the
301.304 415.384 64.524 10.8 arrangements
369.668 415.384 17.328 10.8 and
390.836 415.384 14.628 10.8 the
409.304 415.384 39.984 10.8 required
453.008 415.384 71.292 10.8 documentation

155.96 429.184 27.324 10.8 under
188.876 429.184 29.28 10.8 which
223.724 429.184 24.024 10.8 trade
253.28 429.184 55.992 10.8 repositories
314.852 429.184 24.6 10.8 grant
345.02 429.184 30.648 10.8 access
381.248 429.184 9.336 10.8 to
396.116 429.184 14.664 10.8 the
416.372 429.184 34.632 10.8 entities
456.56 429.184 37.956 10.8 referred
500.036 429.184 9.336 10.8 to
514.964 429.184 9.336 10.8 in

155.96 442.984 48 10.8 paragraph
206.96 442.984 9 10.8 3.

127.58 462.784 33.336 10.8 ESMA
164.648 462.784 22.704 10.8 shall
191.084 462.784 32.592 10.8 submit
227.48 462.784 25.332 10.8 those
256.568 462.784 22.68 10.8 draft
282.944 462.784 49.332 10.8 regulatory
336.008 462.784 43.296 10.8 technical
383.084 462.784 45.252 10.8 standards
432.08 462.784 9.336 10.8 to
445.208 462.784 14.628 10.8 the
463.616 462.784 60.636 10.8 Commission

127.58 476.584 12 10.8 by
146.648 476.584 19.968 10.8 [PO
173.648 476.584 30.684 10.8 please
211.424 476.584 27.336 10.8 insert
245.792 476.584 14.628 10.8 the
267.5 476.584 20.664 10.8 date
295.256 476.584 6 10.8 9
308.264 476.584 34.668 10.8 months
350.012 476.584 22.656 10.8 after
379.748 476.584 14.664 10.8 the
401.504 476.584 24.612 10.8 entry
433.172 476.584 18.708 10.8 into
458.888 476.584 24.696 10.8 force
490.604 476.584 9.336 10.8 of
507.032 476.584 17.304 10.8 this

127.58 490.324 59.7 10.8 Regulation].

127.58 510.124 9.996 10.8 In
144.968 510.124 53.328 10.8 developing
205.664 510.124 25.332 10.8 those
238.4 510.124 22.68 10.8 draft
268.436 510.124 43.272 10.8 technical
319.1 510.124 48.312 10.8 standards,
374.756 510.124 33.336 10.8 ESMA
415.424 510.124 22.752 10.8 shall
445.568 510.124 31.32 10.8 ensure
484.196 510.124 18.024 10.8 that
509.612 510.124 14.664 10.8 the

127.58 523.924 54.036 10.8 publication
185.12 523.924 9.996 10.8 of
198.608 523.924 14.664 10.8 the
216.824 523.924 56.604 10.8 information
276.98 523.924 38.016 10.8 referred
318.524 523.924 9.336 10.8 to
331.412 523.924 47.916 10.8 paragraph
382.856 523.924 6 10.8 1
392.384 523.924 21.996 10.8 does
417.872 523.924 15.336 10.8 not
436.76 523.924 29.292 10.8 reveal
469.544 523.924 14.628 10.8 the
487.712 523.924 36.66 10.8 identity

127.58 537.724 9.996 10.8 of
140.54 537.724 17.328 10.8 any
160.868 537.724 24.696 10.8 party
188.528 537.724 9.336 10.8 to
200.864 537.724 17.352 10.8 any
221.216 537.724 41.628 10.8 contract.

127.58 557.524 30.66 10.8 Power
161.768 557.524 8.004 10.8 is
173.336 557.524 45.984 10.8 delegated
222.884 557.524 9.336 10.8 to
235.712 557.524 14.628 10.8 the
253.88 557.524 60.612 10.8 Commission
318.044 557.524 9.336 10.8 to
330.932 557.524 26.664 10.8 adopt
361.088 557.524 14.664 10.8 the
379.304 557.524 49.272 10.8 regulatory
432.128 557.524 43.272 10.8 technical
478.952 557.524 45.324 10.8 standards

127.58 571.324 38.016 10.8 referred
171.344 571.324 9.336 10.8 to
186.452 571.324 9.336 10.8 in
201.62 571.324 14.664 10.8 the
222.116 571.324 19.296 10.8 first
247.184 571.324 64.608 10.8 subparagraph
317.6 571.324 9.336 10.8 in
332.768 571.324 53.952 10.8 accordance
392.552 571.324 21.336 10.8 with
419.66 571.324 38.004 10.8 Articles
463.484 571.324 12 10.8 10
481.232 571.324 9.336 10.8 to
496.4 571.324 12.26 10.8 14
514.468 571.324 10.044 10.8 of

127.58 585.004 52.704 10.908 Regulation
183.248 585.004 23.94 10.908 (EU)
210.188 585.004 14.664 10.908 No
227.852 585.004 63.048 10.908 1095/2010.;

70.86 604.924 19.992 10.8 (18)
99.24 604.924 33.312 10.8 Article
135.576 604.924 25.956 10.8 82(2)
164.532 604.924 8.04 10.8 is
175.572 604.924 40.608 10.8 replaced
219.144 604.924 12 10.8 by
234.144 604.924 14.664 10.8 the
251.832 604.924 49.944 10.8 following:

99.24 624.604 14.328 10.908 2.
127.58 624.724 18.66 10.8 The
151.868 624.724 49.944 10.8 delegation
207.464 624.724 9.996 10.8 of
223.052 624.724 30.012 10.8 power
258.716 624.724 37.956 10.8 referred
302.24 624.724 9.336 10.8 to
317.228 624.724 9.336 10.8 in
332.216 624.724 33.312 10.8 Article
368.66 624.724 23.028 10.8 1(6),
397.316 624.724 33.288 10.8 Article
433.66 624.724 19.956 10.8 4(3)
459.268 624.724 33.312 10.8 Article
495.64 624.724 28.968 10.8 64(7),

99.24 638.524 33.312 10.8 Article
135.62 638.524 15 10.8 70,
158.528 638.524 33.312 10.8 Article
194.9 638.524 28.992 10.8 72(3),
231.788 638.524 33.312 10.8 Article
268.16 638.524 17.268 10.8 76a
293.348 638.524 17.328 10.8 and
318.596 638.524 33.384 10.8 Article
355.04 638.524 25.932 10.8 85(2)
388.916 638.524 22.644 10.8 shall
419.492 638.524 11.328 10.8 be
438.74 638.524 45.936 10.8 conferred
492.584 638.524 9.336 10.8 to
509.792 638.524 14.664 10.8 the

99.24 652.324 60.656 10.8 Commission
162.896 652.204 13.992 10.908 for
179.888 652.204 11.328 10.908 an
194.216 652.204 65.964 10.908 indeterminate
263.204 652.204 30.66 10.908 period
296.864 652.204 9.996 10.908 of
309.86 652.204 32.916 10.908 time.;

70.86 672.124 19.992 10.8 (19)
99.24 672.124 33.312 10.8 Article
135.62 672.124 12 10.8 85
150.62 672.124 8.004 10.8 is
161.624 672.124 43.212 10.8 amended
207.836 672.124 10.02 10.8 as
220.856 672.124 39.336 10.8 follows:

99.24 691.924 13.344 10.8 (a)
127.58 691.924 48 10.8 paragraph
178.58 691.924 6 10.8 1
187.508 691.924 8.004 10.8 is
198.512 691.924 40.668 10.8 replaced
242.18 691.924 12 10.8 by
257.18 691.924 14.664 10.8 the
274.844 691.924 49.956 10.8 following:

127.58 711.624 14.328 10.908 1.
155.96 711.744 14.004 10.8 By
173.84 711.744 20.616 10.8 [PO
198.248 711.744 30.744 10.8 please
232.844 711.744 18 10.8 add
254.672 711.744 14.664 10.8 the
273.188 711.744 20.664 10.8 date
297.704 711.744 9.336 10.8 of
310.892 711.744 14.664 10.8 the
329.408 711.744 25.992 10.8 latest
359.264 711.744 20.628 10.8 date
383.732 711.744 9.336 10.8 of
396.86 711.744 24.684 10.8 entry
425.396 711.744 18.708 10.8 into
447.932 711.744 54.636 10.8 application
506.396 711.744 8.1 10.8 +
518.264 711.744 6 10.8 3

127.58 725.544 30.516 10.8 years]
161.72 725.544 14.628 10.8 the
179.768 725.544 60.612 10.8 Commission
243.812 725.544 22.704 10.8 shall
269.948 725.544 29.328 10.8 assess
302.696 725.544 14.628 10.8 the
320.744 725.544 53.268 10.8 application
377.42 725.544 9.996 10.8 of
390.788 725.544 17.54 10.8 this
411.748 725.544 52.668 10.8 Regulation
467.836 725.544 17.28 10.8 and
488.524 725.544 36.024 10.8 prepare

28.38 784.188 33.348 22.2 EN

291.62 793.224 12 10.8 33

533.62 784.188 33.348 22.2 EN

127.58 59.544 5.328 10.8 a
139.568 59.544 35.304 10.8 general
181.544 59.544 31.656 10.8 report.
219.872 59.544 18.66 10.8 The
245.12 59.544 60.612 10.8 Commission
312.404 59.544 22.704 10.8 shall
341.78 59.544 32.532 10.8 submit
380.996 59.544 18.024 10.8 that
405.692 59.544 28.656 10.8 report
441.02 59.544 9.336 10.8 to
457.028 59.544 14.628 10.8 the
478.256 59.544 46.008 10.8 European

127.58 73.344 51.912 10.8 Parliament
182.516 73.344 17.328 10.8 and
202.844 73.344 14.664 10.8 the
220.544 73.344 41.028 10.8 Council,
264.512 73.344 39.348 10.8 together
306.8 73.344 21.336 10.8 with
331.136 73.344 17.352 10.8 any
351.488 73.344 54.636 10.8 appropriate
409.124 73.344 48.948 10.8 proposals.

99.24 93.144 13.992 10.8 (b)
127.58 93.144 48 10.8 paragraph
178.58 93.144 6 10.8 2
187.508 93.144 8.004 10.8 is
198.512 93.144 40.668 10.8 replaced
242.18 93.144 12 10.8 by
257.18 93.144 14.664 10.8 the
274.844 93.144 49.956 10.8 following:

127.58 112.824 14.328 10.908 2.
155.96 112.944 14.004 10.8 By
174.92 112.944 20.616 10.8 [PO
200.408 112.944 30.744 10.8 please
236.084 112.944 18 10.8 add
258.992 112.944 20.664 10.8 date
284.588 112.944 9.336 10.8 of
298.856 112.944 24.684 10.8 entry
328.472 112.944 18.636 10.8 into
352.04 112.944 24.696 10.8 force
381.82 112.944 8.1 10.8 +
394.768 112.944 6 10.8 2
405.676 112.944 33.816 10.8 years],
444.34 112.944 14.628 10.8 the
463.888 112.944 60.66 10.8 Commission

127.58 126.744 22.704 10.8 shall
156.236 126.744 35.94 10.8 prepare
198.152 126.744 5.328 10.8 a
209.42 126.744 28.68 10.8 report
244.016 126.744 44.688 10.8 assessing
294.692 126.744 38.592 10.8 whether
339.248 126.744 29.292 10.8 viable
374.504 126.744 43.32 10.8 technical
423.752 126.744 43.356 10.8 solutions
473.108 126.744 22.608 10.8 have
501.716 126.744 22.656 10.8 been

127.58 140.564 49.356 10.8 developed
181.436 140.564 13.992 10.8 for
199.964 140.564 14.628 10.8 the
219.152 140.564 36.564 10.8 transfer
260.288 140.564 12 10.8 by
276.776 140.564 26.628 10.8 PSAs
307.964 140.564 9.996 10.8 of
322.472 140.564 21.348 10.8 cash
348.308 140.564 17.28 10.8 and
370.136 140.564 43.532 10.8 non-cash
418.096 140.564 44.676 10.8 collateral
467.272 140.564 9.996 10.8 as
481.78 140.564 42.66 10.8 variation

127.58 154.364 38.592 10.8 margins
169.172 154.364 17.364 10.8 and
189.536 154.364 14.664 10.8 the
207.224 154.364 22.656 10.8 need
232.88 154.364 13.992 10.8 for
249.824 154.364 17.328 10.8 any
270.152 154.364 44.616 10.8 measures
317.768 154.364 9.336 10.8 to
330.104 154.364 41.928 10.8 facilitate
375.056 154.364 25.332 10.8 those
403.388 154.364 43.32 10.8 technical
449.684 154.364 46.424 10.8 solutions.

127.58 174.164 33.336 10.8 ESMA
167.048 174.164 25.704 10.8 shall,
198.944 174.164 12 10.8 by
217.16 174.164 20.652 10.8 [PO
244.016 174.164 30.684 10.8 please
280.892 174.164 18 10.8 add
305.06 174.164 20.664 10.8 date
331.916 174.164 9.336 10.8 of
347.444 174.164 24.66 10.8 entry
378.272 174.164 18.708 10.8 into
403.148 174.164 24.66 10.8 force
433.976 174.164 8.1 10.8 +
448.244 174.164 12 10.8 18
466.412 174.164 42.668 10.8 months],
515.2 174.164 9.336 10.8 in

127.58 187.964 56.676 10.8 cooperation
187.304 187.964 21.336 10.8 with
211.772 187.964 38.28 10.8 EIOPA,
253.16 187.964 23.964 10.8 EBA
280.208 187.964 17.328 10.8 and
300.656 187.964 14.664 10.8 the
318.452 187.964 32.964 10.8 ESRB,
354.5 187.964 32.64 10.8 submit
390.284 187.964 5.328 10.8 a
398.732 187.964 28.596 10.8 report
430.46 187.964 9.336 10.8 to
442.868 187.964 14.664 10.8 the
460.664 187.964 63.564 10.8 Commission,

127.58 201.764 44.688 10.8 assessing
175.268 201.764 14.664 10.8 the
192.932 201.764 49.98 10.8 following:

127.58 221.564 13.344 10.8 (a)
155.96 221.564 38.652 10.8 whether
197.816 221.564 30.24 10.8 CCPs,
231.224 221.564 38.652 10.8 clearing
272.948 221.564 43.956 10.8 members
320.084 221.564 17.28 10.8 and
340.532 221.564 26.628 10.8 PSAs
370.34 221.564 22.656 10.8 have
396.188 221.564 49.308 10.8 developed
448.604 221.564 29.352 10.8 viable
481.3 221.564 43.272 10.8 technical

155.96 235.364 43.356 10.8 solutions
202.676 235.364 51.924 10.8 facilitating
257.912 235.364 14.664 10.8 the
275.888 235.364 60.684 10.8 participation
339.884 235.364 9.996 10.8 of
353.192 235.364 26.628 10.8 PSAs
383.18 235.364 9.336 10.8 in
395.828 235.364 32.688 10.8 central
431.804 235.364 38.628 10.8 clearing
473.78 235.364 12 10.8 by
489.128 235.364 35.28 10.8 posting

155.96 249.164 21.348 10.8 cash
180.476 249.164 17.328 10.8 and
200.924 249.164 43.344 10.8 non-cash
247.376 249.164 44.652 10.8 collateral
295.184 249.164 9.996 10.8 as
308.312 249.164 42.648 10.8 variation
354.128 249.164 41.592 10.8 margins,
398.864 249.164 45.336 10.8 including
447.332 249.164 14.628 10.8 the
465.14 249.164 59.256 10.8 implications

155.96 262.964 9.996 10.8 of
168.92 262.964 25.332 10.8 those
197.288 262.964 43.344 10.8 solutions
243.632 262.964 12 10.8 on
258.632 262.964 33.264 10.8 market
294.92 262.964 40.644 10.8 liquidity
338.528 262.964 17.328 10.8 and
358.856 262.964 69.336 10.8 procyclicality;

127.58 282.764 13.992 10.8 (b)
155.96 282.764 14.664 10.8 the
174.536 282.764 35.928 10.8 volume
214.364 282.764 17.328 10.8 and
235.592 282.764 14.664 10.8 the
254.168 282.764 29.904 10.8 nature
288.08 282.764 9.996 10.8 of
301.928 282.764 14.664 10.8 the
320.504 282.764 35.964 10.8 activity
360.38 282.764 9.996 10.8 of
374.228 282.764 26.628 10.8 PSAs
404.756 282.764 9.336 10.8 in
418.004 282.764 34.608 10.8 cleared
456.5 282.764 17.328 10.8 and
477.728 282.764 46.644 10.8 uncleared

155.96 296.564 24 10.8 OTC
184.388 296.564 52.704 10.8 derivatives
241.592 296.564 40.92 10.8 markets,
286.988 296.564 15.324 10.8 per
306.824 296.564 23.304 10.8 asset
334.52 296.564 26.376 10.8 class,
365.324 296.564 17.328 10.8 and
387.152 296.564 17.28 10.8 any
408.92 296.564 32.676 10.8 related
446.036 296.564 41.892 10.8 systemic
492.44 296.564 18.036 10.8 risk
514.916 296.564 9.336 10.8 to

155.96 310.364 14.664 10.8 the
173.648 310.364 41.976 10.8 financial
218.576 310.364 36.624 10.8 system;

127.58 330.164 13.344 10.8 (c)
155.96 330.164 14.664 10.8 the
177.656 330.164 65.964 10.8 consequences
250.64 330.164 9.996 10.8 of
267.608 330.164 26.712 10.8 PSAs
301.304 330.164 42.708 10.8 fulfilling
351.02 330.164 14.664 10.8 the
372.716 330.164 38.676 10.8 clearing
418.412 330.164 57.84 10.8 requirement
483.284 330.164 12 10.8 on
502.34 330.164 22.02 10.8 their

155.96 343.964 52.632 10.8 investment
213.284 343.964 48.312 10.8 strategies,
266.288 343.964 45.324 10.8 including
316.304 343.964 17.376 10.8 any
338.348 343.964 21.336 10.8 shift
364.376 343.964 9.336 10.8 in
378.404 343.964 22.02 10.8 their
405.128 343.964 21.348 10.8 cash
431.144 343.964 17.328 10.8 and
453.092 343.964 43.496 10.8 non-cash
501.256 343.964 23.304 10.8 asset

155.96 357.764 50.652 10.8 allocation;

127.58 377.564 13.992 10.8 (d)
155.96 377.564 14.664 10.8 the
175.556 377.564 59.232 10.8 implications
239.732 377.564 9.996 10.8 of
254.6 377.564 14.664 10.8 the
274.136 377.564 38.676 10.8 clearing
317.672 377.564 49.356 10.8 thresholds
371.888 377.564 37.944 10.8 referred
414.692 377.564 9.336 10.8 to
428.96 377.564 9.336 10.8 in
443.168 377.564 33.324 10.8 Article
479.74 377.564 25.932 10.8 10(4)
510.556 377.564 13.992 10.8 for

155.96 391.364 29.964 10.8 PSAs;

127.58 411.164 13.344 10.8 (e)
155.96 411.164 14.664 10.8 the
176.756 411.164 32.592 10.8 impact
215.492 411.164 9.996 10.8 of
231.56 411.164 24.684 10.8 other
262.376 411.164 23.352 10.8 legal
291.86 411.164 62.544 10.8 requirements
360.524 411.164 12 10.8 on
378.632 411.164 14.736 10.8 the
399.488 411.164 19.332 10.8 cost
424.964 411.164 53.292 10.8 differential
484.388 411.164 39.876 10.8 between

155.96 424.984 34.668 10.8 cleared
198.296 424.984 17.328 10.8 and
223.244 424.984 46.668 10.8 uncleared
277.52 424.984 24 10.8 OTC
309.128 424.984 48.072 10.8 derivative
364.82 424.984 60.416 10.8 transactions,
432.916 424.984 45.336 10.8 including
485.944 424.984 38.592 10.8 margins

155.96 438.784 62.604 10.8 requirements
223.304 438.784 13.992 10.8 for
242.012 438.784 46.668 10.8 uncleared
293.408 438.784 52.596 10.8 derivatives
350.756 438.784 17.328 10.8 and
372.824 438.784 14.664 10.8 the
392.192 438.784 52.716 10.8 calculation
449.576 438.784 9.996 10.8 of
464.264 438.784 14.664 10.8 the
483.68 438.784 40.692 10.8 leverage

155.96 452.584 22.02 10.8 ratio
180.98 452.584 33.336 10.8 carried
217.256 452.584 15.336 10.8 out
235.592 452.584 41.364 10.8 pursuant
279.884 452.584 9.336 10.8 to
292.22 452.584 52.632 10.8 Regulation
347.852 452.584 23.988 10.8 (EU)
374.84 452.584 14.664 10.8 No
392.56 452.584 48.672 10.8 575/2013;

127.58 472.324 11.988 10.8 (f)
155.96 472.324 38.652 10.8 whether
198.656 472.324 17.328 10.8 any
219.944 472.324 32.652 10.8 further
256.64 472.324 44.604 10.8 measures
305.264 472.324 14.604 10.8 are
323.9 472.324 46.656 10.8 necessary
374.504 472.324 9.336 10.8 to
387.872 472.324 41.892 10.8 facilitate
433.736 472.324 5.328 10.8 a
443.084 472.324 38.688 10.8 clearing
485.72 472.324 38.64 10.8 solution

155.96 486.124 13.992 10.8 for
172.952 486.124 29.616 10.8 PSAs.

127.58 505.924 18.648 10.8 The
151.568 505.924 60.696 10.8 Commission
217.592 505.924 22.62 10.8 shall
245.48 505.924 26.664 10.8 adopt
277.496 505.924 5.328 10.8 a
288.104 505.924 45.936 10.8 delegated
339.332 505.924 13.992 10.8 act
358.64 505.924 9.336 10.8 in
373.268 505.924 53.904 10.8 accordance
432.512 505.924 21.336 10.8 with
459.14 505.924 33.324 10.8 Article
497.828 505.924 12 10.8 82
515.096 505.924 9.336 10.8 to

127.58 519.724 32.016 10.8 extend
162.836 519.724 14.628 10.8 the
180.704 519.724 48.648 10.8 three-year
232.616 519.724 30.588 10.8 period
266.432 519.724 37.956 10.8 referred
307.556 519.724 9.336 10.8 to
320.144 519.724 9.336 10.8 in
332.732 519.724 33.252 10.8 Article
369.08 519.724 25.992 10.8 89(1)
398.336 519.724 25.56 10.8 once,
427.124 519.724 12 10.8 by
442.352 519.724 18 10.8 two
463.58 519.724 28.308 10.8 years,
495.116 519.724 29.316 10.8 where

127.58 533.524 6.672 10.8 it
139.496 533.524 47.976 10.8 concludes
192.692 533.524 18 10.8 that
215.96 533.524 12 10.8 no
233.228 533.524 29.268 10.8 viable
267.716 533.524 43.284 10.8 technical
316.292 533.524 38.676 10.8 solution
360.2 533.524 15.936 10.8 has
381.428 533.524 22.656 10.8 been
409.316 533.524 49.296 10.8 developed
463.832 533.524 17.328 10.8 and
486.38 533.524 18.024 10.8 that
509.636 533.524 14.664 10.8 the

127.58 547.324 36.684 10.8 adverse
167.936 547.324 27.252 10.8 effect
198.932 547.324 9.996 10.8 of
212.6 547.324 42.06 10.8 centrally
258.368 547.324 38.628 10.8 clearing
300.704 547.324 47.952 10.8 derivative
352.34 547.324 43.308 10.8 contracts
399.356 547.324 12 10.8 on
415.004 547.324 14.628 10.8 the
433.352 547.324 49.272 10.8 retirement
486.308 547.324 38.016 10.8 benefits

127.58 561.004 9.996 10.908 of
140.54 561.004 28.656 10.908 future
172.196 561.004 51.372 10.908 pensioners
226.532 561.004 37.896 10.908 remains
267.428 561.004 63.684 10.908 unchanged.;

99.24 580.924 13.344 10.8 (c)
127.58 580.924 48 10.8 paragraph
178.58 580.924 6 10.8 3
187.508 580.924 8.004 10.8 is
198.512 580.924 40.668 10.8 replaced
242.18 580.924 12 10.8 by
257.18 580.924 14.664 10.8 the
274.844 580.924 49.956 10.8 following:

127.58 600.604 14.328 10.908 3.
155.96 600.724 14.004 10.8 By
174.44 600.724 20.664 10.8 [PO
199.568 600.724 30.684 10.8 please
234.764 600.724 18 10.8 add
257.252 600.724 6 10.8 6
267.74 600.724 34.668 10.8 months
306.908 600.724 30.624 10.8 before
342.044 600.724 14.664 10.8 the
361.22 600.724 20.664 10.8 date
386.336 600.724 39.36 10.8 referred
430.172 600.724 9.336 10.8 to
444.02 600.724 9.336 10.8 in
457.808 600.724 51.336 10.8 paragraph
513.536 600.724 10.548 10.8 1]

127.58 614.524 33.336 10.8 ESMA
163.916 614.524 22.668 10.8 shall
189.584 614.524 28.68 10.8 report
221.228 614.524 9.336 10.8 to
233.564 614.524 14.64 10.8 the
251.204 614.524 60.66 10.8 Commission
314.864 614.524 12.024 10.8 on
329.888 614.524 14.664 10.8 the
347.576 614.524 49.932 10.8 following:

127.58 634.324 13.344 10.8 (a)
155.96 634.324 38.652 10.8 whether
199.616 634.324 29.244 10.8 viable
233.852 634.324 43.236 10.8 technical
282.08 634.324 43.344 10.8 solutions
330.368 634.324 22.656 10.8 have
358.016 634.324 22.656 10.8 been
385.664 634.324 49.296 10.8 developed
439.88 634.324 17.964 10.8 that
462.836 634.324 41.976 10.8 facilitate
509.732 634.324 14.664 10.8 the

127.58 648.124 60.684 10.8 participation
191.996 648.124 9.996 10.8 of
205.724 648.124 26.628 10.8 PSAs
236.132 648.124 9.336 10.8 in
249.26 648.124 32.688 10.8 central
285.716 648.124 38.58 10.8 clearing
328.052 648.124 17.328 10.8 and
349.16 648.124 14.628 10.8 the
367.508 648.124 32.592 10.8 impact
403.904 648.124 9.996 10.8 of
417.632 648.124 25.332 10.8 those
446.768 648.124 43.308 10.8 solutions
493.856 648.124 12 10.8 on
509.624 648.124 14.664 10.8 the

127.58 661.924 23.352 10.8 level
155.924 661.924 9.996 10.8 of
170.852 661.924 32.604 10.8 central
208.448 661.924 38.652 10.8 clearing
252.032 661.924 12 10.8 by
269 661.924 29.628 10.8 PSAs,
303.608 661.924 30.024 10.8 taking
338.624 661.924 18.636 10.8 into
362.252 661.924 37.272 10.8 account
404.528 661.924 14.628 10.8 the
424.136 661.924 28.656 10.8 report
457.784 661.924 38.168 10.8 referred
500.896 661.924 9.336 10.8 to
515.224 661.924 9.336 10.8 in

127.58 675.724 48 10.8 paragraph
178.58 675.724 9.336 10.8 2;

127.58 695.544 13.992 10.8 (b)
155.96 695.544 14.664 10.8 the
176.696 695.544 32.592 10.8 impact
215.372 695.544 9.996 10.8 of
231.38 695.544 17.376 10.8 this
254.816 695.544 52.668 10.8 Regulation
313.544 695.544 12 10.8 on
331.592 695.544 14.628 10.8 the
352.28 695.544 23.304 10.8 level
381.656 695.544 9.996 10.8 of
397.664 695.544 38.676 10.8 clearing
442.4 695.544 11.94 10.8 by
460.388 695.544 64.196 10.8 non-financial

127.58 709.344 67.92 10.8 counterparties
205.952 709.344 17.328 10.8 and
233.72 709.344 14.664 10.8 the
258.836 709.344 55.308 10.8 distribution
324.572 709.344 9.996 10.8 of
344.96 709.344 38.712 10.8 clearing
394.124 709.344 30.636 10.8 within
435.152 709.344 14.664 10.8 the
460.268 709.344 64.196 10.8 non-financial

127.58 723.144 60.66 10.8 counterparty
192.932 723.144 26.376 10.8 class,
224.036 723.144 47.94 10.8 especially
276.704 723.144 21.336 10.8 with
302.732 723.144 30.696 10.8 regard
338.096 723.144 9.336 10.8 to
352.184 723.144 14.628 10.8 the
371.552 723.144 75.336 10.8 appropriateness
451.628 723.144 9.996 10.8 of
466.316 723.144 14.664 10.8 the
485.684 723.144 38.676 10.8 clearing

127.58 736.944 49.368 10.8 thresholds
179.948 736.944 37.956 10.8 referred
220.904 736.944 9.36 10.8 to
233.204 736.944 9.336 10.8 in
245.504 736.944 33.312 10.8 Article
281.84 736.944 29.292 10.8 10(4);

28.38 784.188 33.348 22.2 EN

291.62 793.224 12 10.8 34

533.62 784.188 33.348 22.2 EN

127.58 59.544 13.344 10.8 (c)
155.96 59.544 14.664 10.8 the
178.676 59.544 32.592 10.8 impact
219.332 59.544 9.996 10.8 of
237.32 59.544 17.376 10.8 this
262.736 59.544 52.716 10.8 Regulation
323.48 59.544 12 10.8 on
343.508 59.544 14.664 10.8 the
366.224 59.544 23.352 10.8 level
397.58 59.544 9.996 10.8 of
415.568 59.544 38.676 10.8 clearing
462.272 59.544 12 10.8 by
482.3 59.544 42.012 10.8 financial

127.58 73.344 67.92 10.8 counterparties
200.852 73.344 24.684 10.8 other
230.888 73.344 20.664 10.8 than
256.856 73.344 25.332 10.8 those
287.552 73.344 34.02 10.8 subject
326.936 73.344 9.336 10.8 to
341.624 73.344 33.288 10.8 Article
380.252 73.344 25.344 10.8 4a(2)
410.948 73.344 17.28 10.8 and
433.556 73.344 14.664 10.8 the
453.572 73.344 55.356 10.8 distribution
514.256 73.344 9.996 10.8 of

127.58 87.144 38.676 10.8 clearing
171.956 87.144 30.576 10.8 within
208.244 87.144 17.964 10.8 that
231.92 87.144 41.904 10.8 financial
279.536 87.144 60.6 10.8 counterparty
345.824 87.144 26.256 10.8 class,
377.78 87.144 47.964 10.8 especially
431.56 87.144 21.336 10.8 with
458.548 87.144 30.624 10.8 regard
494.824 87.144 9.336 10.8 to
509.812 87.144 14.664 10.8 the

127.58 100.944 75.3 10.8 appropriateness
205.904 100.944 9.996 10.8 of
218.9 100.944 14.664 10.8 the
236.564 100.944 38.688 10.8 clearing
278.192 100.944 49.272 10.8 thresholds
330.488 100.944 37.932 10.8 referred
371.42 100.944 9.336 10.8 to
383.756 100.944 9.336 10.8 in
396.092 100.944 33.324 10.8 Article
432.416 100.944 29.328 10.8 10(4);

127.58 120.744 13.992 10.8 (d)
155.96 120.744 14.664 10.8 the
178.256 120.744 63.852 10.8 improvement
249.74 120.744 9.996 10.8 of
267.308 120.744 14.664 10.8 the
289.604 120.744 33.336 10.8 quality
330.512 120.744 9.996 10.8 of
348.08 120.744 52.668 10.8 transaction
408.344 120.744 20.016 10.8 data
435.92 120.744 40.008 10.8 reported
483.476 120.744 9.336 10.8 to
500.444 120.744 23.928 10.8 trade

127.58 134.564 59.004 10.8 repositories,
192.164 134.564 14.664 10.8 the
212.48 134.564 59.328 10.8 accessibility
277.448 134.564 9.996 10.8 of
293.036 134.564 25.296 10.8 those
323.984 134.564 20.016 10.8 data
349.58 134.564 17.28 10.8 and
372.488 134.564 14.664 10.8 the
392.804 134.564 33.336 10.8 quality
431.732 134.564 9.996 10.8 of
447.32 134.564 14.664 10.8 the
467.636 134.564 56.604 10.8 information

127.58 148.364 40.668 10.8 received
171.248 148.364 23.304 10.8 from
197.48 148.364 24.024 10.8 trade
224.504 148.364 56.016 10.8 repositories
283.472 148.364 9.336 10.8 in
295.808 148.364 53.964 10.8 accordance
352.796 148.364 21.276 10.8 with
377.072 148.364 33.36 10.8 Article
413.432 148.364 15.288 10.8 81;

127.58 168.164 13.344 10.8 (e)
155.96 168.044 14.664 10.908 the
173.648 168.044 59.316 10.908 accessibility
235.964 168.044 9.996 10.908 of
248.96 168.044 38.544 10.908 clearing
290.504 168.044 12 10.908 by
305.504 168.044 79.644 10.908 counterparties.;

70.86 187.964 19.992 10.8 (20)
99.24 187.964 9.996 10.8 In
112.236 187.964 33.36 10.8 Article
148.596 187.964 14.952 10.8 89,
166.548 187.964 14.664 10.8 the
184.236 187.964 19.284 10.8 first
206.52 187.964 64.644 10.8 subparagraph
274.104 187.964 9.996 10.8 of
287.064 187.964 48.024 10.8 paragraph
338.04 187.964 6 10.8 1
347.04 187.964 8.004 10.8 is
358.044 187.964 40.668 10.8 replaced
401.676 187.964 12 10.8 by
416.676 187.964 14.664 10.8 the
434.364 187.964 49.968 10.8 following:

99.24 207.644 14.328 10.908 1.
127.58 207.764 24.672 10.8 Until
156.26 207.764 20.616 10.8 [PO
180.788 207.764 30.684 10.8 please
215.444 207.764 18 10.8 add
237.332 207.764 20.604 10.8 date
261.908 207.764 9.336 10.8 of
275.156 207.764 24.636 10.8 entry
303.692 207.764 18.708 10.8 into
326.288 207.764 24.696 10.8 force
354.944 207.764 8.1 10.8 +
366.932 207.764 6 10.8 3
376.88 207.764 33.756 10.8 years],
414.7 207.764 14.628 10.8 the
433.288 207.764 38.652 10.8 clearing
475.852 207.764 48.636 10.8 obligation

99.24 221.564 13.332 10.8 set
117.816 221.564 15.276 10.8 out
138.264 221.564 9.336 10.8 in
152.772 221.564 33.312 10.8 Article
191.316 221.564 6 10.8 4
202.464 221.564 22.644 10.8 shall
230.28 221.564 15.336 10.8 not
250.788 221.564 26.664 10.8 apply
282.636 221.564 9.336 10.8 to
297.204 221.564 24 10.8 OTC
326.352 221.564 47.952 10.8 derivative
379.488 221.564 43.308 10.8 contracts
427.944 221.564 18.024 10.8 that
451.08 221.564 14.676 10.8 are
470.976 221.564 53.244 10.8 objectively

99.24 235.364 54.6 10.8 measurable
158.532 235.364 9.996 10.8 as
173.22 235.364 41.964 10.8 reducing
219.816 235.364 52.632 10.8 investment
277.14 235.364 22.668 10.8 risks
304.488 235.364 36.636 10.8 directly
345.732 235.364 36.684 10.8 relating
387.048 235.364 9.336 10.8 to
401.016 235.364 14.664 10.8 the
420.372 235.364 41.988 10.8 financial
466.98 235.364 42.696 10.8 solvency
514.356 235.364 9.936 10.8 of

99.24 249.164 29.628 10.8 PSAs,
132.588 249.164 17.328 10.8 and
153.636 249.164 9.336 10.8 to
166.704 249.164 34.692 10.8 entities
205.08 249.164 53.328 10.8 established
262.116 249.164 9.336 10.8 to
275.124 249.164 36.696 10.8 provide
315.54 249.164 66.6 10.8 compensation
385.836 249.164 9.336 10.8 to
399.1 249.164 43.884 10.8 members
446.704 249.164 9.996 10.8 of
460.372 249.164 26.628 10.8 PSAs
490.72 249.164 9.336 10.8 in
503.788 249.164 20.712 10.8 case

99.24 262.844 9.996 10.908 of
112.2 262.844 5.328 10.908 a
120.528 262.844 33.324 10.908 default
156.888 262.844 9.996 10.908 of
169.884 262.844 5.328 10.908 a
178.212 262.844 33.624 10.908 PSA.;

70.86 282.764 19.992 10.8 (21)

113.34 282.764 31.992 10.8 Annex
148.332 282.764 3.996 10.8 I
155.328 282.764 8.028 10.8 is
166.356 282.764 43.188 10.8 amended
212.544 282.764 9.372 10.8 in
224.916 282.764 53.964 10.8 accordance
281.88 282.764 21.36 10.8 with
306.24 282.764 14.628 10.8 the
323.868 282.764 31.992 10.8 Annex
358.86 282.764 9.336 10.8 to
371.196 282.764 17.376 10.8 this
391.572 282.764 55.656 10.8 Regulation.

276.86 314.624 32.652 10.8 Article
312.536 314.624 6 10.8 2

99.24 334.364 21.336 10.8 This
127.248 334.364 52.644 10.8 Regulation
186.564 334.364 22.668 10.8 shall
215.832 334.364 24.012 10.8 enter
246.456 334.364 18.708 10.8 into
271.812 334.364 24.648 10.8 force
303.12 334.364 12 10.8 on
321.768 334.364 14.664 10.8 the
343.056 334.364 44.688 10.8 twentieth
394.392 334.364 17.328 10.8 day
418.38 334.364 46.668 10.8 following
471.708 334.364 18.024 10.8 that
496.404 334.364 9.996 10.8 of
513.012 334.364 11.34 10.8 its

99.24 348.164 54.036 10.8 publication
156.228 348.164 9.336 10.8 in
168.528 348.164 14.664 10.8 the
186.26 348.164 36.624 10.8 Official
225.884 348.164 37.368 10.8 Journal
266.252 348.164 9.336 10.8 of
278.516 348.164 14.664 10.8 the
296.204 348.164 47.316 10.8 European
346.52 348.164 33.02 10.8 Union.

99.24 367.964 33.312 10.8 Article
135.62 367.964 22.956 10.8 1(3),
162.248 367.964 33.312 10.8 Article
198.62 367.964 36.948 10.8 1(7)(d),
239.288 367.964 17.328 10.8 and
260.276 367.964 52.644 10.8 paragraphs
316.664 367.964 9 10.8 8,
329.312 367.964 14.94 10.8 10,
347.96 367.964 17.328 10.8 and
369.008 367.964 12 10.8 11
384.716 367.964 9.996 10.8 of
398.324 367.964 33.312 10.8 Article
434.8 367.964 6 10.8 1
444.448 367.964 22.644 10.8 shall
470.764 367.964 26.688 10.8 apply
501.16 367.964 23.328 10.8 from

99.24 381.764 20.616 10.8 [PO
125.988 381.764 30.684 10.8 please
162.864 381.764 18 10.8 add
187.032 381.764 14.664 10.8 the
207.84 381.764 20.604 10.8 date
234.636 381.764 6 10.8 6
246.804 381.764 34.608 10.8 months
287.592 381.764 22.668 10.8 after
316.38 381.764 14.664 10.8 the
337.188 381.764 24.684 10.8 entry
368.004 381.764 18.636 10.8 into
392.772 381.764 29.196 10.8 force]
428.5 381.764 17.328 10.8 and
451.96 381.764 33.312 10.8 Article
488.32 381.764 36.288 10.8 1(2)(c),

99.24 395.564 33.312 10.8 Article
135.62 395.564 36.276 10.8 1(7)(e),
176.408 395.564 33.288 10.8 Article
212.72 395.564 22.968 10.8 1(9),
240.176 395.564 29.316 10.8 points
273.932 395.564 13.992 10.8 (b)
292.4 395.564 17.328 10.8 and
314.168 395.564 13.344 10.8 (c)
331.964 395.564 9.936 10.8 of
346.352 395.564 33.36 10.8 Article
382.84 395.564 25.956 10.8 1(12)
413.308 395.564 17.328 10.8 and
435.16 395.564 33.252 10.8 Article
471.46 395.564 25.992 10.8 1(16)
501.928 395.564 22.668 10.8 shall

99.24 409.364 26.688 10.8 apply
128.928 409.364 23.328 10.8 from
155.24 409.364 20.664 10.8 [PO
178.904 409.364 30.66 10.8 please
212.564 409.364 18 10.8 add
233.564 409.364 14.712 10.8 the
251.276 409.364 20.664 10.8 date
274.916 409.364 12 10.8 18
289.916 409.364 34.668 10.8 months
327.584 409.364 22.716 10.8 after
353.252 409.364 14.664 10.8 the
370.94 409.364 24.612 10.8 entry
398.552 409.364 18.696 10.8 into
420.188 409.364 32.316 10.8 force].

70.86 447.184 21.336 10.8 This
95.196 447.184 52.68 10.8 Regulation
150.876 447.184 22.632 10.8 shall
176.544 447.184 11.328 10.8 be
190.824 447.184 36.708 10.8 binding
230.532 447.184 9.336 10.8 in
242.868 447.184 11.268 10.8 its
257.136 447.184 36.648 10.8 entirety
296.784 447.184 17.328 10.8 and
317.112 447.184 36.672 10.8 directly
356.784 447.184 49.272 10.8 applicable
409.08 447.184 9.336 10.8 in
421.38 447.184 12.024 10.8 all
436.404 447.184 40.548 10.8 Member
479.976 447.184 31.704 10.8 States.

70.86 466.984 25.992 10.8 Done
99.852 466.984 8.664 10.8 at
111.516 466.984 43.728 10.8 Brussels,

70.86 516.844 18 10.8 For
91.86 516.844 14.664 10.8 the
109.548 516.844 47.268 10.8 European
159.816 516.844 53.988 10.8 Parliament

283.46 516.844 18 10.8 For
304.46 516.844 14.664 10.8 the
322.148 516.844 38.004 10.8 Council

70.86 530.644 18 10.8 The
91.86 530.644 45.984 10.8 President

283.46 530.644 18 10.8 The
304.46 530.644 45.984 10.8 President
