595 842
55.2756 66.3983 60.391 16.5246 Eerste
121.698 66.3983 62.4022 16.5246 Kamer
190.132 66.3983 31.2011 16.5246 der
227.365 66.3983 154.973 16.5246 Staten-Generaal

505.879 64.7724 34.1235 46.6576 1

55.2756 129.355 57.9793 8.77705 Vergaderjaar
115.923 129.355 47.4632 8.77705 2017–2018

55.2756 179.765 16.3508 11.1784 34
75.7056 179.765 24.5263 11.1784 813

221.102 179.765 59.9245 11.1784 Wijziging
285.106 179.765 23.1535 11.1784 van
312.339 179.765 15.6644 11.1784 de
332.082 179.765 24.97 11.1784 Wet
361.131 179.765 16.3508 11.1784 op
381.561 179.765 21.1066 11.1784 het
406.747 179.765 63.9938 11.1784 financieel
474.82 179.765 57.1912 11.1784 toezicht,

221.102 192.549 15.6644 11.1784 de
240.846 192.549 24.97 11.1784 Wet
269.895 192.549 76.9617 11.1784 bekostiging
350.936 192.549 63.9938 11.1784 financieel
419.009 192.549 57.1912 11.1784 toezicht,
480.279 192.549 21.1066 11.1784 het

221.102 205.333 63.9938 11.1784 Burgerlijk
289.175 205.333 56.9852 11.1784 Wetboek
350.24 205.333 15.6644 11.1784 en
369.983 205.333 15.6644 11.1784 de
389.727 205.333 24.97 11.1784 Wet
418.776 205.333 75.6012 11.1784 handhaving

221.102 218.117 171.623 11.1784 consumentenbescherming
396.804 218.117 18.3732 11.1784 ter
419.256 218.117 93.9499 11.1784 implementatie

221.102 230.901 23.1535 11.1784 van
248.335 230.901 51.0504 11.1784 richtlijn
303.464 230.901 16.7945 11.1784 nr.
324.338 230.901 90.6037 11.1784 2015/2366/EU
419.021 230.901 23.1535 11.1784 van
446.254 230.901 21.1066 11.1784 het
471.439 230.901 59.9367 11.1784 Europees

221.102 243.685 66.7149 11.1784 Parlement
291.896 243.685 15.6644 11.1784 en
311.64 243.685 15.6644 11.1784 de
331.383 243.685 32.003 11.1784 Raad
367.466 243.685 23.1535 11.1784 van
394.698 243.685 16.3508 11.1784 25
415.128 243.685 64.6924 11.1784 november
483.9 243.685 32.7017 11.1784 2015

221.102 256.469 76.2508 11.1784 betreffende
301.432 256.469 115.767 11.1784 betalingsdiensten
421.279 256.469 12.257 11.1784 in
437.615 256.469 15.6644 11.1784 de
457.358 256.469 46.2947 11.1784 interne

221.102 269.253 42.8872 11.1784 markt,
268.069 269.253 64.0306 11.1784 houdende
336.178 269.253 59.2381 11.1784 wijziging
399.496 269.253 23.1535 11.1784 van
426.728 269.253 15.6644 11.1784 de
446.472 269.253 70.1223 11.1784 Richtlijnen

221.102 282.037 78.3345 11.1784 2002/65/EG,
303.516 282.037 82.4283 11.1784 2009/110/EG
390.023 282.037 15.6644 11.1784 en
409.767 282.037 74.2529 11.1784 2013/36/EU
488.099 282.037 15.6644 11.1784 en

221.102 294.821 79.4523 11.1784 Verordening
304.634 294.821 26.5487 11.1784 (EU)
335.262 294.821 16.7945 11.1784 nr.
356.135 294.821 68.8108 11.1784 1093/2010
429.025 294.821 15.6644 11.1784 en
448.769 294.821 64.0306 11.1784 houdende

221.102 307.605 67.4135 11.1784 intrekking
292.595 307.605 23.1535 11.1784 van
319.828 307.605 54.4579 11.1784 Richtlijn
378.365 307.605 74.2529 11.1784 2007/64/EG
456.697 307.605 39.4921 11.1784 (PbEU
500.268 307.605 36.7833 11.1784 2015,

221.102 320.389 7.48903 11.1784 L
232.67 320.389 28.6078 11.1784 337)
265.357 320.389 122.533 11.1784 (Implementatiewet
391.97 320.389 55.1565 11.1784 herziene
451.205 320.389 51.0504 11.1784 richtlijn

221.102 333.173 100.091 11.1784 betaaldiensten)

55.2756 367.459 7.54656 8.26226 A

221.102 367.459 55.3535 8.26226 GEWIJZIGD
279.471 367.459 52.8441 8.26226 VOORSTEL
335.331 367.459 21.6459 8.26226 VAN
359.993 367.459 21.1449 8.26226 WET

221.102 378.117 10.0742 8.28944 11
233.693 378.117 45.8048 8.28944 september
282.015 378.117 20.1483 8.28944 2018

230.162 399.434 14.0966 8.28944 Wij
246.776 399.434 78.8738 8.28944 Willem-Alexander,
328.168 399.434 10.5724 8.28944 bij
341.258 399.434 10.5724 8.28944 de
354.348 399.434 24.669 8.28944 gratie
381.534 399.434 25.1673 8.28944 Gods,
409.219 399.434 30.7026 8.28944 Koning
442.44 399.434 14.0966 8.28944 der
459.054 399.434 57.8993 8.28944 Nederlanden,

221.102 410.092 21.6431 8.28944 Prins
245.263 410.092 15.6095 8.28944 van
263.39 410.092 65.9532 8.28944 Oranje-Nassau,
331.861 410.092 17.1134 8.28944 enz.
351.492 410.092 17.1134 8.28944 enz.
371.123 410.092 17.1134 8.28944 enz.

230.162 431.409 24.669 8.28944 Allen,
257.349 431.409 13.091 8.28944 die
272.957 431.409 19.6319 8.28944 deze
295.107 431.409 25.1673 8.28944 zullen
322.792 431.409 17.1134 8.28944 zien
342.423 431.409 8.55217 8.28944 of
353.492 431.409 25.1673 8.28944 horen
381.177 431.409 24.669 8.28944 lezen,
408.364 431.409 29.697 8.28944 saluut!
440.579 431.409 21.6431 8.28944 doen
464.74 431.409 8.0539 8.28944 te
475.311 431.409 28.6914 8.28944 weten:

230.162 442.067 18.6173 8.28944 Alzo
251.297 442.067 14.0966 8.28944 Wij
267.911 442.067 8.0539 8.28944 in
278.483 442.067 50.8419 8.28944 overweging
331.842 442.067 40.7677 8.28944 genomen
375.127 442.067 34.7341 8.28944 hebben,
412.379 442.067 13.5892 8.28944 dat
428.486 442.067 13.5892 8.28944 het
444.593 442.067 52.8531 8.28944 noodzakelijk
499.964 442.067 7.04829 8.28944 is
509.53 442.067 26.182 8.28944 regels

221.102 452.726 8.0539 8.28944 te
231.674 452.726 28.1932 8.28944 stellen
262.385 452.726 11.578 8.28944 ter
276.48 452.726 43.7936 8.28944 uitvoering
322.792 452.726 15.6095 8.28944 van
340.919 452.726 32.2156 8.28944 richtlijn
375.652 452.726 18.6173 8.28944 (EU)
396.787 452.726 57.9174 8.28944 2015/2366/EU
457.222 452.726 15.6095 8.28944 van
475.349 452.726 13.5892 8.28944 het
491.456 452.726 40.2695 8.28944 Europees

221.102 463.384 43.7936 8.28944 Parlement
267.414 463.384 10.5724 8.28944 en
280.504 463.384 10.5724 8.28944 de
293.594 463.384 21.6522 8.28944 Raad
317.764 463.384 15.6095 8.28944 van
335.891 463.384 10.0742 8.28944 25
348.483 463.384 43.7936 8.28944 november
394.794 463.384 20.1483 8.28944 2015
417.46 463.384 49.329 8.28944 betreffende
469.306 463.384 42.2807 8.28944 betalings-

221.102 474.043 36.7453 8.28944 diensten
260.365 474.043 8.0539 8.28944 in
270.937 474.043 10.5724 8.28944 de
284.027 474.043 30.2044 8.28944 interne
316.749 474.043 27.1785 8.28944 markt,
346.445 474.043 43.2863 8.28944 houdende
392.249 474.043 38.2492 8.28944 wijziging
433.016 474.043 15.6095 8.28944 van
451.143 474.043 10.5724 8.28944 de
464.233 474.043 45.3066 8.28944 Richtlijnen

221.102 484.701 50.3618 8.28944 2002/65/EG,
273.981 484.701 52.8803 8.28944 2009/110/EG
329.378 484.701 10.5724 8.28944 en
342.467 484.701 47.8432 8.28944 2013/36/EU
392.827 484.701 10.5724 8.28944 en
405.916 484.701 52.729 8.28944 Verordening
461.162 484.701 18.6173 8.28944 (EU)
482.296 484.701 10.9094 8.28944 nr.
495.722 484.701 42.8152 8.28944 1093/2010

221.102 495.36 10.5724 8.28944 en
234.192 495.36 43.2863 8.28944 houdende
279.996 495.36 42.2807 8.28944 intrekking
324.795 495.36 15.6095 8.28944 van
342.922 495.36 34.7341 8.28944 Richtlijn
380.174 495.36 47.8432 8.28944 2007/64/EG
430.534 495.36 26.6712 8.28944 (PbEU
459.723 495.36 22.6669 8.28944 2015,
484.908 495.36 5.03708 8.28944 L
492.463 495.36 20.6466 8.28944 337);

230.162 506.018 11.0707 8.28944 Zo
243.75 506.018 7.04829 8.28944 is
253.316 506.018 16.1078 8.28944 het,
271.942 506.018 13.5892 8.28944 dat
288.048 506.018 16.6151 8.28944 Wij,
307.181 506.018 10.5724 8.28944 de
320.271 506.018 36.238 8.28944 Afdeling
359.027 506.018 44.8083 8.28944 advisering
406.353 506.018 15.6095 8.28944 van
424.48 506.018 10.5724 8.28944 de
437.57 506.018 21.6522 8.28944 Raad
461.74 506.018 15.6095 8.28944 van
479.867 506.018 22.1505 8.28944 State

221.102 516.677 38.7565 8.28944 gehoord,
262.376 516.677 10.5724 8.28944 en
275.465 516.677 16.6061 8.28944 met
294.588 516.677 34.7341 8.28944 gemeen
331.838 516.677 32.2246 8.28944 overleg
366.58 516.677 14.0966 8.28944 der
383.193 516.677 71.9958 8.28944 Staten-Generaal,
457.706 516.677 32.2156 8.28944 hebben
492.438 516.677 35.2324 8.28944 goedge-

221.102 527.335 32.2156 8.28944 vonden
255.835 527.335 10.5724 8.28944 en
268.924 527.335 39.2729 8.28944 verstaan,
310.714 527.335 22.6578 8.28944 gelijk
335.888 527.335 14.0966 8.28944 Wij
352.501 527.335 50.8419 8.28944 goedvinden
405.86 527.335 10.5724 8.28944 en
418.949 527.335 36.7544 8.28944 verstaan
458.22 527.335 10.5724 8.28944 bij
471.309 527.335 22.1505 8.28944 deze:

221.102 559.308 41.6121 8.26226 ARTIKEL
265.231 559.308 3.01681 8.26226 I

230.162 580.624 11.578 8.28944 De
244.258 580.624 16.7791 8.28944 Wet
263.554 580.624 11.0707 8.28944 op
277.143 580.624 13.5892 8.28944 het
293.25 580.624 41.2841 8.28944 financieel
337.051 580.624 33.2121 8.28944 toezicht
372.781 580.624 25.1582 8.28944 wordt
400.457 580.624 40.7678 8.28944 gewijzigd
443.742 580.624 12.0854 8.28944 als
458.345 580.624 24.1617 8.28944 volgt:

221.103 601.94 6.54096 8.28944 A

230.162 623.256 27.6858 8.28944 Artikel
260.365 623.256 12.5927 8.28944 1:1
275.474 623.256 25.1582 8.28944 wordt
303.149 623.256 40.7678 8.28944 gewijzigd
346.433 623.256 12.0854 8.28944 als
361.036 623.256 24.1617 8.28944 volgt:

230.162 644.572 7.55562 8.28944 1.
240.235 644.572 8.0539 8.28944 In
250.807 644.572 10.5724 8.28944 de
263.897 644.572 51.3492 8.28944 alfabetische
317.764 644.572 59.3941 8.28944 rangschikking
379.676 644.572 32.7139 8.28944 worden
414.907 644.572 10.5724 8.28944 de
427.997 644.572 39.7712 8.28944 volgende
470.286 644.572 39.2639 8.28944 definities

221.103 655.231 47.8251 8.28944 ingevoegd,
271.444 655.231 39.7712 8.28944 luidende:

55.2756 756.215 32.241 5.36373 kst-34813-A

55.2756 762.621 14.0084 5.36373 ISSN
70.9131 762.621 13.0353 5.36373 0921
85.5775 762.621 1.95205 5.36373 -
89.1585 762.621 13.0353 5.36373 7371

55.2756 769.027 39.9548 5.36373 ’s-Gravenhage
96.8595 769.027 13.0353 5.36373 2018

221.102 766.755 26.182 8.38004 Eerste
250.3 766.755 28.7032 8.38004 Kamer,
282.019 766.755 50.851 8.38004 vergaderjaar
335.886 766.755 47.8523 8.38004 2017–2018,
386.754 766.755 10.0742 8.38004 34
399.844 766.755 17.6298 8.38004 813,
420.49 766.755 6.04269 8.38004 A

534.953 766.755 5.03708 8.38004 1

230.162 64.804 86.5907 8.28944 betaalinitiatiedienst:
319.275 64.804 15.6095 8.28944 een
337.402 64.804 26.1729 8.28944 dienst
366.092 64.804 19.6319 8.28944 voor
388.242 64.804 13.5892 8.28944 het
404.349 64.804 35.2415 8.28944 initiëren
442.108 64.804 15.6095 8.28944 van
460.235 64.804 15.6095 8.28944 een
478.362 64.804 40.2695 8.28944 betaalop-

221.102 75.4625 27.1785 8.28944 dracht
250.799 75.4625 11.0707 8.28944 op
264.387 75.4625 32.7229 8.28944 verzoek
299.627 75.4625 15.6095 8.28944 van
317.755 75.4625 10.5724 8.28944 de
330.845 75.4625 94.9816 8.28944 betaaldienstgebruiker,
428.344 75.4625 16.6061 8.28944 met
447.468 75.4625 44.7992 8.28944 betrekking
494.784 75.4625 11.569 8.28944 tot
508.871 75.4625 15.6095 8.28944 een

221.102 86.121 63.4346 8.28944 betaalrekening
287.054 86.121 13.091 8.28944 die
302.661 86.121 10.5724 8.28944 bij
315.751 86.121 15.6095 8.28944 een
333.877 86.121 29.7061 8.28944 andere
366.1 86.121 87.6054 8.28944 betaaldienstverlener
456.222 86.121 25.1582 8.28944 wordt
483.897 86.121 29.1988 8.28944 aange-

221.102 96.7795 35.2324 8.28944 houden;

230.162 107.438 121.841 8.28944 betaalinitiatiedienstverlener:
354.527 107.438 15.6095 8.28944 een
372.653 107.438 87.6054 8.28944 betaaldienstverlener
462.775 107.438 13.091 8.28944 die
478.383 107.438 10.5724 8.28944 de
491.472 107.438 8.0539 8.28944 in
502.043 107.438 28.7005 8.28944 bijlage
533.26 107.438 5.03708 8.28944 I,

221.102 118.097 19.6229 8.28944 punt
243.242 118.097 7.55562 8.28944 7,
253.314 118.097 15.6095 8.28944 van
271.441 118.097 10.5724 8.28944 de
284.53 118.097 32.2156 8.28944 richtlijn
319.262 118.097 65.4458 8.28944 betaaldiensten,
387.225 118.097 39.7712 8.28944 bedoelde
429.513 118.097 79.0351 8.28944 bedrijfsactiviteiten

221.102 128.755 40.7678 8.28944 uitoefent;

230.162 139.414 31.7173 8.28944 digitale
264.396 139.414 32.7139 8.28944 inhoud:
299.631 139.414 8.0539 8.28944 in
310.203 139.414 31.7173 8.28944 digitale
344.438 139.414 22.6487 8.28944 vorm
369.604 139.414 64.9385 8.28944 geproduceerde
437.06 139.414 8.55217 8.28944 of
448.13 139.414 42.2988 8.28944 geleverde
492.946 139.414 40.7768 8.28944 goederen

221.102 150.072 8.55217 8.28944 of
232.171 150.072 8.0539 8.28944 in
242.742 150.072 31.7173 8.28944 digitale
276.976 150.072 22.6487 8.28944 vorm
302.141 150.072 64.9385 8.28944 geproduceerde
369.597 150.072 10.5724 8.28944 en
382.686 150.072 42.2988 8.28944 verleende
427.501 150.072 36.7453 8.28944 diensten
466.763 150.072 13.091 8.28944 die
482.371 150.072 45.2975 8.28944 uitsluitend

221.102 160.731 29.697 8.28944 binnen
253.317 160.731 15.6095 8.28944 een
271.444 160.731 40.7677 8.28944 technisch
314.73 160.731 37.76 8.28944 apparaat
355.007 160.731 31.7082 8.28944 kunnen
389.233 160.731 32.7139 8.28944 worden
424.465 160.731 35.2324 8.28944 gebruikt
462.215 160.731 8.55217 8.28944 of
473.284 160.731 40.7768 8.28944 verbruikt,
516.579 160.731 10.5724 8.28944 en

221.102 171.389 31.7173 8.28944 waarbij
255.337 171.389 11.0707 8.28944 op
268.926 171.389 21.1449 8.28944 geen
292.588 171.389 27.6949 8.28944 enkele
322.801 171.389 21.6431 8.28944 wijze
346.962 171.389 29.7061 8.28944 fysieke
379.185 171.389 40.7768 8.28944 goederen
422.48 171.389 8.55217 8.28944 of
433.549 171.389 36.7453 8.28944 diensten
472.812 171.389 32.7139 8.28944 worden

221.102 182.048 35.2324 8.28944 gebruikt
258.852 182.048 8.55217 8.28944 of
269.92 182.048 40.7768 8.28944 verbruikt;

230.162 192.706 146.474 8.28944 elektronischecommunicatiedienst:
379.162 192.706 15.6095 8.28944 een
397.289 192.706 26.1729 8.28944 dienst
425.979 192.706 12.0854 8.28944 als
440.582 192.706 34.7341 8.28944 bedoeld
477.834 192.706 8.0539 8.28944 in
488.406 192.706 26.182 8.28944 artikel
517.105 192.706 7.55562 8.28944 2,

221.102 203.365 43.2954 8.28944 onderdeel
266.915 203.365 7.04829 8.28944 c,
276.481 203.365 15.6095 8.28944 van
294.608 203.365 32.2156 8.28944 richtlijn
329.342 203.365 47.8432 8.28944 2002/21/EG
379.703 203.365 15.6095 8.28944 van
397.83 203.365 13.5892 8.28944 het
413.937 203.365 40.2695 8.28944 Europees
456.724 203.365 43.7936 8.28944 Parlement
503.035 203.365 10.5724 8.28944 en
516.125 203.365 10.5724 8.28944 de

221.102 214.023 21.6522 8.28944 Raad
245.272 214.023 15.6095 8.28944 van
263.399 214.023 5.03708 8.28944 7
270.954 214.023 25.1673 8.28944 maart
298.639 214.023 20.1483 8.28944 2002
321.305 214.023 26.6802 8.28944 inzake
350.503 214.023 15.6095 8.28944 een
368.63 214.023 82.5592 8.28944 gemeenschappelijk
453.707 214.023 79.0441 8.28944 regelgevingskader

221.102 224.682 19.6319 8.28944 voor
243.251 224.682 162.582 8.28944 elektronischecommunicatienetwerken
408.35 224.682 10.5724 8.28944 en
421.439 224.682 39.7621 8.28944 -diensten
463.718 224.682 26.6712 8.28944 (PbEU
492.906 224.682 22.6669 8.28944 2002,

221.102 235.34 5.03708 8.28944 L
228.656 235.34 20.6466 8.28944 108);

230.162 245.999 154.528 8.28944 elektronischecommunicatienetwerk:
387.216 245.999 15.6095 8.28944 een
405.343 245.999 34.2268 8.28944 netwerk
442.087 245.999 12.0854 8.28944 als
456.69 245.999 34.7341 8.28944 bedoeld
493.942 245.999 8.0539 8.28944 in
504.513 245.999 26.182 8.28944 artikel

221.102 256.657 7.55562 8.28944 2,
231.176 256.657 43.2954 8.28944 onderdeel
276.989 256.657 7.55562 8.28944 a,
287.062 256.657 15.6095 8.28944 van
305.189 256.657 32.2156 8.28944 richtlijn
339.922 256.657 47.8432 8.28944 2002/21/EG
390.283 256.657 15.6095 8.28944 van
408.41 256.657 13.5892 8.28944 het
424.517 256.657 40.2695 8.28944 Europees
467.304 256.657 43.7936 8.28944 Parlement
513.616 256.657 10.5724 8.28944 en
526.706 256.657 10.5724 8.28944 de

221.102 267.316 21.6522 8.28944 Raad
245.272 267.316 15.6095 8.28944 van
263.399 267.316 5.03708 8.28944 7
270.954 267.316 25.1673 8.28944 maart
298.639 267.316 20.1483 8.28944 2002
321.305 267.316 26.6802 8.28944 inzake
350.503 267.316 15.6095 8.28944 een
368.63 267.316 82.5592 8.28944 gemeenschappelijk
453.707 267.316 79.0441 8.28944 regelgevingskader

221.102 277.974 19.6319 8.28944 voor
243.251 277.974 162.582 8.28944 elektronischecommunicatienetwerken
408.35 277.974 10.5724 8.28944 en
421.439 277.974 39.7621 8.28944 -diensten
463.718 277.974 26.6712 8.28944 (PbEU
492.906 277.974 22.6669 8.28944 2002,

221.102 288.633 5.03708 8.28944 L
228.656 288.633 20.6466 8.28944 108);

230.162 299.291 110.236 8.28944 rekeninginformatiedienst:
342.922 299.291 15.6095 8.28944 een
361.048 299.291 26.6802 8.28944 online
390.245 299.291 26.1729 8.28944 dienst
418.935 299.291 19.6319 8.28944 voor
441.083 299.291 13.5892 8.28944 het
457.189 299.291 49.338 8.28944 verstrekken
509.044 299.291 15.6095 8.28944 van

221.102 309.95 70.9812 8.28944 geconsolideerde
294.601 309.95 44.2919 8.28944 informatie
341.411 309.95 19.1337 8.28944 over
363.062 309.95 15.6095 8.28944 een
381.189 309.95 8.55217 8.28944 of
392.259 309.95 22.1505 8.28944 meer
416.927 309.95 74.0071 8.28944 betaalrekeningen
493.452 309.95 13.091 8.28944 die
509.06 309.95 10.5724 8.28944 de

221.102 320.608 93.1317 8.28944 betaaldienstgebruiker
316.752 320.608 10.5724 8.28944 bij
329.842 320.608 15.6095 8.28944 een
347.969 320.608 29.7061 8.28944 andere
380.193 320.608 87.6054 8.28944 betaaldienstverlener
470.316 320.608 8.55217 8.28944 of
481.385 320.608 10.5724 8.28944 bij
494.476 320.608 22.1505 8.28944 meer
519.144 320.608 16.1078 8.28944 dan

221.102 331.267 15.6095 8.28944 één
239.229 331.267 87.6054 8.28944 betaaldienstverlener
329.351 331.267 43.2863 8.28944 aanhoudt;

230.162 341.925 145.487 8.28944 rekeninginformatiedienstverlener:
378.174 341.925 15.6095 8.28944 een
396.301 341.925 87.6054 8.28944 betaaldienstverlener
486.424 341.925 13.091 8.28944 die
502.033 341.925 10.5724 8.28944 de
515.123 341.925 8.0539 8.28944 in

221.102 352.584 28.7005 8.28944 bijlage
252.321 352.584 5.03708 8.28944 I,
259.875 352.584 25.1673 8.28944 onder
287.56 352.584 19.6229 8.28944 punt
309.701 352.584 7.55562 8.28944 8,
319.774 352.584 15.6095 8.28944 van
337.901 352.584 10.5724 8.28944 de
350.991 352.584 32.2156 8.28944 richtlijn
385.724 352.584 62.9273 8.28944 betaaldiensten
451.169 352.584 39.7712 8.28944 bedoelde
493.458 352.584 44.7992 8.28944 bedrijfsac-

221.102 363.242 37.2527 8.28944 tiviteiten
260.872 363.242 40.7678 8.28944 uitoefent;

230.162 384.558 7.55562 8.28944 2.
240.235 384.558 11.578 8.28944 De
254.331 384.558 34.7341 8.28944 definitie
291.583 384.558 15.6095 8.28944 van
309.712 384.558 32.2156 8.28944 richtlijn
344.444 384.558 62.9273 8.28944 betaaldiensten
409.894 384.558 21.6341 8.28944 komt
434.045 384.558 8.0539 8.28944 te
444.616 384.558 29.1988 8.28944 luiden:

230.161 395.217 32.2156 8.28944 richtlijn
264.893 395.217 65.4458 8.28944 betaaldiensten:
332.862 395.217 32.2156 8.28944 richtlijn
367.595 395.217 42.8152 8.28944 2015/2366
412.926 395.217 12.5836 8.28944 EU
428.027 395.217 15.6095 8.28944 van
446.153 395.217 13.5892 8.28944 het
462.259 395.217 40.2695 8.28944 Europees

221.101 405.875 43.7936 8.28944 Parlement
267.413 405.875 10.5724 8.28944 en
280.503 405.875 10.5724 8.28944 de
293.593 405.875 21.6522 8.28944 Raad
317.763 405.875 15.6095 8.28944 van
335.89 405.875 10.0742 8.28944 25
348.482 405.875 43.7936 8.28944 november
394.793 405.875 20.1483 8.28944 2015
417.459 405.875 49.329 8.28944 betreffende
469.306 405.875 62.9273 8.28944 betaaldiensten

221.101 416.534 8.0539 8.28944 in
231.673 416.534 10.5724 8.28944 de
244.763 416.534 30.2044 8.28944 interne
277.485 416.534 27.1785 8.28944 markt,
307.181 416.534 43.2863 8.28944 houdende
352.985 416.534 38.2492 8.28944 wijziging
393.752 416.534 15.6095 8.28944 van
411.879 416.534 10.5724 8.28944 de
424.969 416.534 45.3066 8.28944 Richtlijnen
472.793 416.534 50.3618 8.28944 2002/65/EG,

221.101 427.192 52.8803 8.28944 2009/110/EG
276.499 427.192 10.5724 8.28944 en
289.588 427.192 47.8432 8.28944 2013/36/EU
339.948 427.192 10.5724 8.28944 en
353.037 427.192 52.729 8.28944 Verordening
408.283 427.192 18.6173 8.28944 (EU)
429.417 427.192 10.9094 8.28944 nr.
442.843 427.192 42.8152 8.28944 1093/2010
488.175 427.192 10.5724 8.28944 en

221.101 437.851 43.2863 8.28944 houdende
266.905 437.851 42.2807 8.28944 intrekking
311.704 437.851 15.6095 8.28944 van
329.831 437.851 34.7341 8.28944 Richtlijn
367.083 437.851 47.8432 8.28944 2007/64/EG
417.444 437.851 26.6712 8.28944 (PbEU
446.632 437.851 22.6669 8.28944 2015,
471.817 437.851 5.03708 8.28944 L
479.372 437.851 20.6466 8.28944 337);

230.161 459.167 7.55562 8.28944 3.
240.233 459.167 8.0539 8.28944 In
250.804 459.167 10.5724 8.28944 de
263.893 459.167 34.7341 8.28944 definitie
301.144 459.167 15.6095 8.28944 van
319.277 459.167 72.9833 8.28944 betaalinstrument
394.781 459.167 25.1582 8.28944 wordt
422.457 459.167 41.7915 8.28944 «waarvan
466.766 459.167 10.5724 8.28944 de
479.856 459.167 55.3717 8.28944 betaaldienst-

221.101 469.825 40.7768 8.28944 gebruiker
264.395 469.825 32.2156 8.28944 gebruik
299.128 469.825 26.1729 8.28944 maakt
327.819 469.825 14.0875 8.28944 om
344.424 469.825 15.6095 8.28944 een
362.551 469.825 64.4312 8.28944 betaalopdracht
429.5 469.825 8.0539 8.28944 te
440.071 469.825 40.2785 8.28944 initiëren»
482.868 469.825 45.3156 8.28944 vervangen

221.101 480.484 22.6488 8.28944 door:
246.267 480.484 36.7544 8.28944 waarvan
285.539 480.484 32.2156 8.28944 gebruik
320.272 480.484 25.1582 8.28944 wordt
347.948 480.484 36.7453 8.28944 gemaakt
387.211 480.484 19.6319 8.28944 voor
409.361 480.484 13.5892 8.28944 het
425.468 480.484 35.2415 8.28944 initiëren
463.227 480.484 15.6095 8.28944 van
481.354 480.484 15.6095 8.28944 een

221.101 491.142 66.9497 8.28944 betaalopdracht;

230.16 512.458 7.55562 8.28944 4.
240.233 512.458 11.578 8.28944 De
254.329 512.458 34.7341 8.28944 definitie
291.581 512.458 15.6095 8.28944 van
309.71 512.458 63.4346 8.28944 betaalrekening
375.666 512.458 21.6341 8.28944 komt
399.817 512.458 8.0539 8.28944 te
410.389 512.458 29.1988 8.28944 luiden:

230.16 523.117 65.9532 8.28944 betaalrekening:
298.635 523.117 11.0707 8.28944 op
312.223 523.117 24.1617 8.28944 naam
338.902 523.117 15.6095 8.28944 van
357.029 523.117 15.6095 8.28944 een
375.156 523.117 8.55217 8.28944 of
386.226 523.117 22.1505 8.28944 meer
410.894 523.117 97.6614 8.28944 betaaldienstgebruikers

221.101 533.775 58.8958 8.28944 aangehouden
282.514 533.775 37.2527 8.28944 rekening
322.284 533.775 13.091 8.28944 die
337.893 533.775 19.6319 8.28944 voor
360.043 533.775 10.5724 8.28944 de
373.133 533.775 43.7936 8.28944 uitvoering
419.444 533.775 15.6095 8.28944 van
437.571 533.775 85.576 8.28944 betalingstransacties

221.101 544.434 25.1582 8.28944 wordt
248.776 544.434 37.7509 8.28944 gebruikt,
289.045 544.434 12.0854 8.28944 als
303.648 544.434 34.7341 8.28944 bedoeld
340.9 544.434 8.0539 8.28944 in
351.471 544.434 26.182 8.28944 artikel
380.171 544.434 5.03708 8.28944 4
387.726 544.434 15.6095 8.28944 van
405.853 544.434 10.5724 8.28944 de
418.943 544.434 32.2156 8.28944 richtlijn
453.676 544.434 65.4458 8.28944 betaaldiensten;

221.101 565.75 6.04269 8.28944 B

230.16 587.066 27.6858 8.28944 Artikel
260.364 587.066 17.6298 8.28944 1:5a
280.511 587.066 25.1582 8.28944 wordt
308.187 587.066 40.7678 8.28944 gewijzigd
351.472 587.066 12.0854 8.28944 als
366.075 587.066 24.1617 8.28944 volgt:

230.16 608.382 7.55562 8.28944 1.
240.232 608.382 14.5949 8.28944 Het
257.344 608.382 26.182 8.28944 eerste
286.043 608.382 10.5724 8.28944 lid
299.132 608.382 21.6341 8.28944 komt
323.283 608.382 8.0539 8.28944 te
333.853 608.382 29.1988 8.28944 luiden:

230.16 619.041 7.55562 8.28944 1.
240.233 619.041 11.578 8.28944 De
254.329 619.041 10.5724 8.28944 bij
267.419 619.041 8.55217 8.28944 of
278.489 619.041 41.2751 8.28944 krachtens
322.282 619.041 10.5724 8.28944 de
335.372 619.041 15.6005 8.28944 wet
353.49 619.041 36.2471 8.28944 gestelde
392.254 619.041 26.182 8.28944 regels
420.954 619.041 14.5949 8.28944 zijn
438.067 619.041 29.697 8.28944 slechts
470.281 619.041 15.6095 8.28944 van
488.408 619.041 46.8104 8.28944 toepassing

221.101 629.699 11.0707 8.28944 op
234.688 629.699 62.9273 8.28944 betaaldiensten
300.132 629.699 53.3605 8.28944 aangeboden
356.009 629.699 8.0539 8.28944 in
366.58 629.699 47.3268 8.28944 Nederland,
416.423 629.699 22.6488 8.28944 tenzij
441.589 629.699 8.0539 8.28944 in
452.16 629.699 13.091 8.28944 die
467.767 629.699 26.182 8.28944 regels
496.466 629.699 29.1988 8.28944 anders
528.181 629.699 7.04829 8.28944 is

221.101 640.358 36.7544 8.28944 bepaald.

230.16 661.674 7.55562 8.28944 2.
240.233 661.674 14.5949 8.28944 Het
257.346 661.674 31.21 8.28944 tweede
291.073 661.674 10.5724 8.28944 lid
304.164 661.674 25.1582 8.28944 wordt
331.839 661.674 40.7678 8.28944 gewijzigd
375.125 661.674 12.0854 8.28944 als
389.728 661.674 24.1617 8.28944 volgt:

230.16 682.99 7.55562 8.28944 a.
240.232 682.99 44.8083 8.28944 Onderdeel
287.557 682.99 5.53535 8.28944 b
295.61 682.99 21.6341 8.28944 komt
319.76 682.99 8.0539 8.28944 te
330.331 682.99 29.1988 8.28944 luiden:

221.102 766.046 26.182 8.38004 Eerste
250.3 766.046 28.7032 8.38004 Kamer,
282.019 766.046 50.851 8.38004 vergaderjaar
335.886 766.046 47.8523 8.38004 2017–2018,
386.754 766.046 10.0742 8.38004 34
399.844 766.046 17.6298 8.38004 813,
420.49 766.046 6.04269 8.38004 A

534.953 766.046 5.03708 8.38004 2

230.162 64.804 8.0539 8.28944 b.
240.733 64.804 13.5893 8.28944 het
256.839 64.804 43.2954 8.28944 verrichten
302.651 64.804 15.6095 8.28944 van
320.777 64.804 85.576 8.28944 betalingstransacties
408.87 64.804 28.1841 8.28944 tussen
439.57 64.804 10.5724 8.28944 de
452.66 64.804 29.7061 8.28944 betaler
484.882 64.804 10.5724 8.28944 en
497.972 64.804 10.5724 8.28944 de

221.102 75.4625 95.1338 8.28944 betalingsbegunstigde,
318.754 75.4625 13.091 8.28944 die
334.362 75.4625 32.7139 8.28944 worden
369.594 75.4625 46.3122 8.28944 uitgevoerd
418.424 75.4625 12.5927 8.28944 via
433.534 75.4625 15.6095 8.28944 een
451.661 75.4625 57.8902 8.28944 handelsagent
512.069 75.4625 13.091 8.28944 die

221.102 86.121 41.2751 8.28944 krachtens
264.895 86.121 15.6095 8.28944 een
283.022 86.121 60.907 8.28944 overeenkomst
346.447 86.121 50.8329 8.28944 gemachtigd
399.797 86.121 7.04829 8.28944 is
409.363 86.121 14.0875 8.28944 om
425.968 86.121 19.6319 8.28944 voor
448.118 86.121 37.2527 8.28944 rekening
487.888 86.121 15.6095 8.28944 van
506.016 86.121 25.6837 8.28944 alleen

221.102 96.7795 10.5724 8.28944 de
234.192 96.7795 29.7061 8.28944 betaler
266.416 96.7795 8.55217 8.28944 of
277.486 96.7795 25.6837 8.28944 alleen
305.687 96.7795 10.5724 8.28944 de
318.777 96.7795 92.6153 8.28944 betalingsbegunstigde
413.91 96.7795 10.5724 8.28944 de
427 96.7795 34.7341 8.28944 verkoop
464.252 96.7795 8.55217 8.28944 of
475.322 96.7795 36.7453 8.28944 aankoop
514.585 96.7795 15.6095 8.28944 van

221.102 107.438 40.7768 8.28944 goederen
264.397 107.438 8.55217 8.28944 of
275.467 107.438 36.7453 8.28944 diensten
314.73 107.438 12.5927 8.28944 via
329.84 107.438 78.5277 8.28944 onderhandelingen
410.885 107.438 11.569 8.28944 tot
424.972 107.438 23.6544 8.28944 stand
451.144 107.438 8.0539 8.28944 te
461.715 107.438 35.7397 8.28944 brengen
499.973 107.438 8.55217 8.28944 of
511.043 107.438 8.0539 8.28944 te

221.102 118.097 31.21 8.28944 sluiten;

230.162 139.413 8.0539 8.28944 b.
240.733 139.413 17.1134 8.28944 Aan
260.364 139.413 43.2954 8.28944 onderdeel
306.177 139.413 2.51854 8.28944 j
311.214 139.413 27.6768 8.28944 wordt,
341.408 139.413 25.1673 8.28944 onder
369.093 139.413 48.3324 8.28944 vervanging
419.943 139.413 15.6095 8.28944 van
438.07 139.413 10.5724 8.28944 de
451.16 139.413 51.8294 8.28944 puntkomma
505.507 139.413 15.6095 8.28944 aan
523.634 139.413 13.5893 8.28944 het

221.102 150.071 15.6005 8.28944 slot
239.22 150.071 20.1302 8.28944 door
261.867 150.071 15.6095 8.28944 een
279.993 150.071 34.7251 8.28944 komma,
317.235 150.071 53.3605 8.28944 toegevoegd:
373.112 150.071 16.6061 8.28944 met
392.235 150.071 53.8497 8.28944 uitzondering
448.601 150.071 15.6095 8.28944 van
466.727 150.071 60.9161 8.28944 betaalinitiatie-

221.102 160.73 36.7453 8.28944 diensten
260.364 160.73 10.5724 8.28944 en
273.454 160.73 120.808 8.28944 rekeninginformatiediensten;

230.162 182.046 7.04829 8.28944 c.
239.727 182.046 44.8083 8.28944 Onderdeel
287.052 182.046 4.52975 8.28944 k
294.098 182.046 21.6341 8.28944 komt
318.249 182.046 8.0539 8.28944 te
328.82 182.046 29.1988 8.28944 luiden:

230.162 192.704 7.04829 8.28944 k.
239.727 192.704 13.5893 8.28944 het
255.833 192.704 37.2617 8.28944 verlenen
295.611 192.704 15.6095 8.28944 van
313.738 192.704 36.7453 8.28944 diensten
353 192.704 13.091 8.28944 die
368.607 192.704 44.8083 8.28944 gebaseerd
415.932 192.704 14.5949 8.28944 zijn
433.044 192.704 11.0707 8.28944 op
446.631 192.704 42.2897 8.28944 specifieke

221.102 203.363 86.0743 8.28944 betaalinstrumenten:

230.162 214.021 11.1794 8.28944 1°.
243.859 214.021 39.7712 8.28944 waarmee
286.148 214.021 10.5724 8.28944 de
299.238 214.021 30.7026 8.28944 houder
332.458 214.021 45.2975 8.28944 uitsluitend
380.273 214.021 8.0539 8.28944 in
390.845 214.021 10.5724 8.28944 de
403.935 214.021 77.5131 8.28944 bedrijfsgebouwen
483.966 214.021 15.6095 8.28944 van
502.093 214.021 10.5724 8.28944 de

221.102 224.68 35.2415 8.28944 uitgever
258.861 224.68 8.55217 8.28944 of
269.929 224.68 29.697 8.28944 binnen
302.143 224.68 15.6095 8.28944 een
320.269 224.68 32.2156 8.28944 beperkt
355.002 224.68 34.2268 8.28944 netwerk
391.745 224.68 15.6095 8.28944 van
409.872 224.68 65.9532 8.28944 dienstverleners
478.341 224.68 13.091 8.28944 die
493.949 224.68 15.6095 8.28944 een

221.102 235.338 29.1988 8.28944 directe
252.819 235.338 94.6355 8.28944 handelsovereenkomst
349.972 235.338 16.6061 8.28944 met
369.096 235.338 15.6095 8.28944 een
387.223 235.338 35.2415 8.28944 uitgever
424.982 235.338 34.7341 8.28944 hebben,
462.234 235.338 40.7768 8.28944 goederen
505.528 235.338 8.55217 8.28944 of

221.102 245.997 36.7453 8.28944 diensten
260.364 245.997 15.1022 8.28944 kan
277.983 245.997 54.3661 8.28944 aanschaffen;

230.162 256.655 11.1794 8.28944 2°.
243.859 256.655 13.091 8.28944 die
259.468 256.655 45.2975 8.28944 uitsluitend
307.283 256.655 35.2324 8.28944 gebruikt
345.033 256.655 31.7082 8.28944 kunnen
379.259 256.655 32.7139 8.28944 worden
414.49 256.655 19.6319 8.28944 voor
436.64 256.655 10.5724 8.28944 de
449.73 256.655 38.2583 8.28944 aanschaf
490.506 256.655 15.6095 8.28944 van
508.633 256.655 15.6095 8.28944 een

221.102 267.314 17.6207 8.28944 zeer
241.241 267.314 37.2527 8.28944 beperkte
281.011 267.314 22.6578 8.28944 reeks
306.187 267.314 40.7768 8.28944 goederen
349.481 267.314 8.55217 8.28944 of
360.551 267.314 39.2639 8.28944 diensten;
402.332 267.314 8.55217 8.28944 of

230.162 277.972 11.1794 8.28944 3°.
243.859 277.972 13.091 8.28944 die
259.468 277.972 45.2975 8.28944 uitsluitend
307.283 277.972 8.0539 8.28944 in
317.854 277.972 44.8083 8.28944 Nederland
365.18 277.972 32.7139 8.28944 worden
400.412 277.972 53.3605 8.28944 aangeboden
456.29 277.972 16.6061 8.28944 met
475.413 277.972 13.5892 8.28944 het
491.52 277.972 16.6061 8.28944 oog
510.644 277.972 11.0707 8.28944 op
524.232 277.972 13.5893 8.28944 het

221.102 288.631 36.7544 8.28944 bereiken
260.374 288.631 15.6095 8.28944 van
278.5 288.631 42.2897 8.28944 specifieke
323.306 288.631 29.1988 8.28944 doelen
355.022 288.631 13.091 8.28944 die
370.629 288.631 14.5949 8.28944 zijn
387.741 288.631 46.8195 8.28944 vastgelegd
437.077 288.631 8.0539 8.28944 in
447.648 288.631 29.7061 8.28944 sociale
479.871 288.631 8.55217 8.28944 of
490.94 288.631 27.1876 8.28944 fiscale

221.102 299.289 50.851 8.28944 regelgeving
274.471 299.289 10.5724 8.28944 en
287.561 299.289 39.7712 8.28944 waarmee
329.85 299.289 42.2897 8.28944 specifieke
374.657 299.289 40.7768 8.28944 goederen
417.952 299.289 8.55217 8.28944 of
429.022 299.289 36.7453 8.28944 diensten
468.285 299.289 31.7082 8.28944 kunnen
502.51 299.289 32.7139 8.28944 worden

221.102 309.948 51.8475 8.28944 aangeschaft
275.467 309.948 10.5724 8.28944 bij
288.556 309.948 51.8656 8.28944 leveranciers
342.938 309.948 13.091 8.28944 die
358.546 309.948 15.6095 8.28944 een
376.672 309.948 94.6355 8.28944 handelsovereenkomst
473.824 309.948 16.6061 8.28944 met
492.947 309.948 10.5724 8.28944 de

221.102 320.606 35.2415 8.28944 uitgever
258.861 320.606 34.7341 8.28944 hebben.

230.162 341.922 8.0539 8.28944 d.
240.733 341.922 44.8083 8.28944 Onderdeel
288.059 341.922 2.51854 8.28944 l
293.096 341.922 21.6341 8.28944 komt
317.247 341.922 8.0539 8.28944 te
327.819 341.922 29.1988 8.28944 luiden:

230.162 352.581 5.03708 8.28944 l.
237.717 352.581 13.5893 8.28944 het
253.824 352.581 43.2954 8.28944 verrichten
299.636 352.581 15.6095 8.28944 van
317.764 352.581 85.576 8.28944 betalingstransacties
405.857 352.581 20.1302 8.28944 door
428.505 352.581 15.6095 8.28944 een
446.632 352.581 42.7971 8.28944 aanbieder
491.947 352.581 15.6095 8.28944 van

221.102 363.239 162.582 8.28944 elektronischecommunicatienetwerken
386.202 363.239 8.55217 8.28944 of
397.272 363.239 39.7621 8.28944 -diensten
439.551 363.239 13.091 8.28944 die
455.16 363.239 50.8419 8.28944 gezamenlijk
508.52 363.239 16.6061 8.28944 met
527.643 363.239 10.5724 8.28944 de

221.102 373.898 34.7341 8.28944 betaling
258.354 373.898 19.6319 8.28944 voor
280.504 373.898 10.5724 8.28944 de
293.594 373.898 154.528 8.28944 elektronischecommunicatiediensten
450.639 373.898 8.0539 8.28944 in
461.211 373.898 37.2527 8.28944 rekening
500.981 373.898 32.7139 8.28944 worden

221.102 384.556 37.7509 8.28944 gebracht
261.37 384.556 10.5724 8.28944 bij
274.459 384.556 15.6095 8.28944 een
292.585 384.556 39.7712 8.28944 abonnee:

230.162 395.215 11.1794 8.28944 1°.
243.858 395.215 19.6319 8.28944 voor
266.007 395.215 10.5724 8.28944 de
279.096 395.215 36.7453 8.28944 aankoop
318.358 395.215 15.6095 8.28944 van
336.484 395.215 31.7173 8.28944 digitale
370.718 395.215 30.1953 8.28944 inhoud
403.43 395.215 10.5724 8.28944 en
416.519 395.215 71.4795 8.28944 spraakgestuurde
490.516 395.215 39.2639 8.28944 diensten,

221.102 405.873 39.7621 8.28944 ongeacht
263.382 405.873 13.5892 8.28944 het
279.489 405.873 19.6319 8.28944 voor
301.639 405.873 10.5724 8.28944 de
314.729 405.873 36.7453 8.28944 aankoop
353.992 405.873 8.55217 8.28944 of
365.061 405.873 32.2156 8.28944 gebruik
399.795 405.873 15.6095 8.28944 van
417.922 405.873 10.5724 8.28944 de
431.012 405.873 31.7173 8.28944 digitale
465.247 405.873 30.1953 8.28944 inhoud
497.96 405.873 40.2695 8.28944 gebruikte

221.102 416.532 40.2785 8.28944 apparaat;
263.898 416.532 8.55217 8.28944 of

230.162 427.19 11.1794 8.28944 2°.
243.859 427.19 8.0539 8.28944 in
254.43 427.19 13.5892 8.28944 het
270.537 427.19 23.6634 8.28944 kader
296.718 427.19 15.6095 8.28944 van
314.846 427.19 15.6095 8.28944 een
332.973 427.19 96.6558 8.28944 liefdadigheidsactiviteit
432.146 427.19 8.55217 8.28944 of
443.216 427.19 19.6319 8.28944 voor
465.366 427.19 10.5724 8.28944 de
478.456 427.19 36.7453 8.28944 aankoop
517.719 427.19 15.6095 8.28944 van

221.102 437.849 42.779 8.28944 toegangs-
266.398 437.849 8.55217 8.28944 of
277.467 437.849 63.4256 8.28944 plaatsbewijzen
343.409 437.849 10.5724 8.28944 en
356.498 437.849 31.7173 8.28944 waarbij
390.732 437.849 19.6319 8.28944 voor
412.881 437.849 10.5724 8.28944 de
425.97 437.849 41.7824 8.28944 transactie
470.269 437.849 32.2156 8.28944 gebruik
505.002 437.849 25.1582 8.28944 wordt

221.102 448.507 36.7453 8.28944 gemaakt
260.365 448.507 15.6095 8.28944 van
278.493 448.507 15.6095 8.28944 een
296.62 448.507 51.8475 8.28944 elektronisch
350.985 448.507 40.2785 8.28944 apparaat,

230.162 459.166 18.6173 8.28944 mits
251.297 459.166 10.5724 8.28944 de
264.387 459.166 31.7173 8.28944 waarde
298.622 459.166 14.0966 8.28944 per
315.236 459.166 81.0463 8.28944 betalingstransactie
398.8 459.166 16.1078 8.28944 niet
417.425 459.166 22.1505 8.28944 meer
442.094 459.166 16.1078 8.28944 dan
460.727 458.912 6.79462 9.0595 €
470.039 459.166 10.0742 8.28944 50
482.63 459.166 38.2583 8.28944 bedraagt
523.405 459.166 13.091 8.28944 en:

230.162 469.824 11.1794 8.28944 1°.
243.859 469.824 10.5724 8.28944 de
256.949 469.824 24.1617 8.28944 totale
283.628 469.824 31.7173 8.28944 waarde
317.863 469.824 15.6095 8.28944 van
335.99 469.824 10.5724 8.28944 de
349.081 469.824 85.576 8.28944 betalingstransacties
437.174 469.824 19.6319 8.28944 voor
459.324 469.824 15.6095 8.28944 een
477.451 469.824 37.2527 8.28944 abonnee
517.221 469.824 14.0966 8.28944 per

221.102 480.483 29.697 8.28944 maand
253.317 480.483 16.1078 8.28944 niet
271.943 480.483 22.1505 8.28944 meer
296.611 480.483 16.1078 8.28944 dan
315.239 480.229 6.79462 9.0595 €
324.551 480.483 15.1112 8.28944 300
342.179 480.483 40.7768 8.28944 bedraagt;
385.473 480.483 8.55217 8.28944 of

230.162 491.141 11.1794 8.28944 2°.
243.858 491.141 31.219 8.28944 ingeval
277.594 491.141 15.6095 8.28944 een
295.72 491.141 37.2527 8.28944 abonnee
335.489 491.141 14.5949 8.28944 zijn
352.601 491.141 37.2527 8.28944 rekening
392.37 491.141 10.5724 8.28944 bij
405.46 491.141 10.5724 8.28944 de
418.549 491.141 42.7971 8.28944 aanbieder
463.863 491.141 15.6095 8.28944 van
481.989 491.141 40.2695 8.28944 elektroni-

221.102 501.8 125.329 8.28944 schecommunicatienetwerken
348.948 501.8 8.55217 8.28944 of
360.017 501.8 39.7621 8.28944 -diensten
402.296 501.8 62.42 8.28944 voorfinanciert,
467.233 501.8 10.5724 8.28944 de
480.322 501.8 24.1617 8.28944 totale
507 501.8 31.7173 8.28944 waarde

221.102 512.458 15.6095 8.28944 van
239.23 512.458 10.5724 8.28944 de
252.32 512.458 85.576 8.28944 betalingstransacties
340.413 512.458 16.1078 8.28944 niet
359.039 512.458 22.1505 8.28944 meer
383.707 512.458 16.1078 8.28944 dan
402.34 512.205 6.79462 9.0595 €
411.652 512.458 15.1112 8.28944 300
429.28 512.458 14.0966 8.28944 per
445.893 512.458 29.697 8.28944 maand
478.107 512.458 40.7768 8.28944 bedraagt;

230.162 533.774 7.55562 8.28944 e.
240.234 533.774 44.8083 8.28944 Onderdeel
287.559 533.774 5.53535 8.28944 n
295.611 533.774 21.6341 8.28944 komt
319.762 533.774 8.0539 8.28944 te
330.333 533.774 29.1988 8.28944 luiden:

230.162 544.433 8.0539 8.28944 n.
240.733 544.433 13.5893 8.28944 het
256.839 544.433 43.2954 8.28944 verrichten
302.651 544.433 15.6095 8.28944 van
320.777 544.433 85.576 8.28944 betalingstransacties
408.87 544.433 10.5724 8.28944 en
421.959 544.433 37.76 8.28944 daarmee
462.235 544.433 46.3122 8.28944 verbonden

221.102 555.091 36.7453 8.28944 diensten
260.364 555.091 28.1841 8.28944 tussen
291.065 555.091 15.6095 8.28944 een
309.192 555.091 91.1023 8.28944 moederonderneming
402.811 555.091 10.5724 8.28944 en
415.9 555.091 19.1337 8.28944 haar
437.55 555.091 93.1135 8.28944 dochteronderneming,

221.102 565.75 8.55217 8.28944 of
232.171 565.75 28.1841 8.28944 tussen
262.872 565.75 101.167 8.28944 dochterondernemingen
366.556 565.75 15.6095 8.28944 van
384.683 565.75 35.7397 8.28944 dezelfde
422.939 565.75 93.6209 8.28944 moederonderneming,

221.102 576.408 29.1897 8.28944 zonder
252.81 576.408 54.3479 8.28944 tussenkomst
309.675 576.408 15.6095 8.28944 van
327.802 576.408 15.6095 8.28944 een
345.93 576.408 29.7061 8.28944 andere
378.153 576.408 16.1078 8.28944 dan
396.779 576.408 15.6095 8.28944 een
414.906 576.408 11.569 8.28944 tot
428.993 576.408 35.7397 8.28944 dezelfde
467.25 576.408 57.3829 8.28944 richtlijngroep

221.102 587.067 46.3122 8.28944 behorende
269.931 587.067 90.1239 8.28944 betaaldienstverlener;
362.572 587.067 8.55217 8.28944 of

230.162 608.383 5.53535 8.28944 f.
238.215 608.383 17.1134 8.28944 Aan
257.846 608.383 43.2954 8.28944 onderdeel
303.659 608.383 5.53535 8.28944 o
311.712 608.383 25.1582 8.28944 wordt
339.388 608.383 15.6095 8.28944 een
357.515 608.383 25.1673 8.28944 volzin
385.2 608.383 53.3605 8.28944 toegevoegd,
441.078 608.383 39.7712 8.28944 luidende:
483.367 608.383 16.6061 8.28944 Met
502.49 608.383 18.6263 8.28944 dien

221.102 619.042 42.2897 8.28944 verstande
265.909 619.042 13.5892 8.28944 dat
282.015 619.042 15.6095 8.28944 aan
300.141 619.042 10.5724 8.28944 de
313.23 619.042 23.1561 8.28944 cliënt
338.903 619.042 10.5724 8.28944 de
351.992 619.042 44.2919 8.28944 informatie
398.801 619.042 19.1337 8.28944 over
420.451 619.042 41.7915 8.28944 eventuele
464.759 619.042 28.1841 8.28944 kosten
495.46 619.042 19.6319 8.28944 voor

221.102 629.7 53.8587 8.28944 geldopname
277.479 629.7 42.2897 8.28944 ingevolge
322.286 629.7 26.182 8.28944 artikel
350.986 629.7 17.6298 8.28944 4:22
371.133 629.7 25.1582 8.28944 wordt
398.809 629.7 39.7712 8.28944 verstrekt,
441.098 629.7 24.66 8.28944 zowel
468.275 629.7 19.6319 8.28944 voor
490.425 629.7 10.5724 8.28944 de

221.102 640.359 53.8587 8.28944 geldopname
277.479 640.359 12.0854 8.28944 als
292.082 640.359 10.5724 8.28944 na
305.172 640.359 42.779 8.28944 ontvangst
350.468 640.359 15.6095 8.28944 van
368.596 640.359 13.5892 8.28944 het
384.702 640.359 34.2359 8.28944 chartaal
421.456 640.359 18.6263 8.28944 geld
442.6 640.359 15.6095 8.28944 aan
460.727 640.359 13.5892 8.28944 het
476.834 640.359 23.6634 8.28944 einde
503.015 640.359 15.6095 8.28944 van
521.142 640.359 10.5724 8.28944 de

221.102 651.017 41.7824 8.28944 transactie
265.402 651.017 10.5724 8.28944 na
278.491 651.017 10.5724 8.28944 de
291.58 651.017 56.3773 8.28944 geldopname.

230.162 672.333 7.55562 8.28944 3.
240.234 672.333 9.0595 8.28944 Er
251.81 672.333 25.1582 8.28944 wordt
279.485 672.333 15.6095 8.28944 een
297.612 672.333 10.5724 8.28944 lid
310.701 672.333 53.3605 8.28944 toegevoegd,
366.578 672.333 39.7712 8.28944 luidende:

221.102 766.046 26.182 8.38004 Eerste
250.3 766.046 28.7032 8.38004 Kamer,
282.019 766.046 50.851 8.38004 vergaderjaar
335.886 766.046 47.8523 8.38004 2017–2018,
386.754 766.046 10.0742 8.38004 34
399.844 766.046 17.6298 8.38004 813,
420.49 766.046 6.04269 8.38004 A

534.953 766.046 5.03708 8.38004 3

230.162 64.804 7.55562 8.28944 3.
240.234 64.804 11.0798 8.28944 Bij
253.831 64.804 8.55217 8.28944 of
264.9 64.804 41.2751 8.28944 krachtens
308.691 64.804 42.2897 8.28944 algemene
353.498 64.804 43.2954 8.28944 maatregel
399.31 64.804 15.6095 8.28944 van
417.436 64.804 32.7139 8.28944 bestuur
452.667 64.804 31.7082 8.28944 kunnen
486.892 64.804 26.182 8.28944 regels

221.102 75.4625 32.7139 8.28944 worden
256.334 75.4625 31.21 8.28944 gesteld
290.062 75.4625 16.6061 8.28944 met
309.185 75.4625 44.7992 8.28944 betrekking
356.502 75.4625 11.569 8.28944 tot
370.589 75.4625 15.6095 8.28944 een
388.716 75.4625 50.8419 8.28944 verplichting
442.075 75.4625 11.569 8.28944 tot
456.162 75.4625 13.5892 8.28944 het
472.269 75.4625 21.6431 8.28944 doen
496.43 75.4625 15.6095 8.28944 van
514.557 75.4625 15.6095 8.28944 een

221.102 86.121 56.8846 8.28944 kennisgeving
280.505 86.121 15.6095 8.28944 aan
298.632 86.121 10.5724 8.28944 de
311.722 86.121 64.4402 8.28944 Nederlandsche
378.68 86.121 21.1449 8.28944 Bank
402.342 86.121 20.1302 8.28944 door
424.99 86.121 39.7803 8.28944 verleners
467.288 86.121 15.6095 8.28944 van
485.415 86.121 39.2639 8.28944 diensten,

221.102 96.7795 34.7341 8.28944 bedoeld
258.354 96.7795 8.0539 8.28944 in
268.926 96.7795 13.5892 8.28944 het
285.033 96.7795 31.21 8.28944 tweede
318.76 96.7795 13.091 8.28944 lid,
334.369 96.7795 48.8307 8.28944 onderdelen
385.717 96.7795 4.52975 8.28944 k
392.765 96.7795 10.5724 8.28944 en
405.855 96.7795 5.03708 8.28944 l.

221.102 118.096 11.0798 8.28944 Ba

230.162 139.412 17.1134 8.28944 Aan
249.793 139.412 26.182 8.28944 artikel
278.493 139.412 17.6298 8.28944 1:24
298.64 139.412 25.1582 8.28944 wordt
326.316 139.412 15.6095 8.28944 een
344.443 139.412 10.5724 8.28944 lid
357.533 139.412 53.3605 8.28944 toegevoegd,
413.411 139.412 39.7712 8.28944 luidende:

230.162 150.07 7.55562 8.28944 5.
240.234 150.07 11.578 8.28944 De
254.329 150.07 64.4402 8.28944 Nederlandsche
321.286 150.07 21.1449 8.28944 Bank
344.948 150.07 24.1617 8.28944 heeft,
371.626 150.07 21.1449 8.28944 gelet
395.288 150.07 11.0707 8.28944 op
408.875 150.07 10.5724 8.28944 de
421.964 150.07 55.879 8.28944 bevoegdheid
480.36 150.07 15.6095 8.28944 van
498.486 150.07 10.5724 8.28944 de

221.102 160.729 40.2604 8.28944 Autoriteit
263.88 160.729 81.0463 8.28944 persoonsgegevens
347.444 160.729 12.0854 8.28944 als
362.047 160.729 34.7341 8.28944 bedoeld
399.299 160.729 8.0539 8.28944 in
409.871 160.729 26.182 8.28944 artikel
438.57 160.729 15.1112 8.28944 21a
456.199 160.729 15.6095 8.28944 van
474.326 160.729 10.5724 8.28944 de
487.416 160.729 31.21 8.28944 Uitvoe-

221.102 171.387 37.2436 8.28944 ringswet
260.863 171.387 43.7936 8.28944 Algemene
307.173 171.387 52.3549 8.28944 verordening
362.045 171.387 99.6726 8.28944 gegevensbescherming,
464.234 171.387 16.1078 8.28944 niet
482.859 171.387 11.569 8.28944 tot
496.944 171.387 17.6207 8.28944 taak

221.102 182.046 33.2121 8.28944 toezicht
256.832 182.046 11.0707 8.28944 op
270.421 182.046 92.1351 8.28944 betaaldienstverleners
365.073 182.046 11.0707 8.28944 uit
378.662 182.046 8.0539 8.28944 te
389.233 182.046 34.7341 8.28944 oefenen
426.485 182.046 19.6319 8.28944 voor
448.634 182.046 23.1561 8.28944 zover
474.308 182.046 13.5892 8.28944 dat
490.415 182.046 44.7992 8.28944 betrekking

221.102 192.704 21.6431 8.28944 heeft
245.263 192.704 11.0707 8.28944 op
258.852 192.704 10.5724 8.28944 de
271.942 192.704 36.7544 8.28944 naleving
311.214 192.704 15.6095 8.28944 van
329.341 192.704 13.5892 8.28944 het
345.448 192.704 39.2729 8.28944 bepaalde
387.238 192.704 41.2751 8.28944 krachtens
431.031 192.704 26.182 8.28944 artikel
459.731 192.704 20.1483 8.28944 3:17,
482.396 192.704 35.2415 8.28944 zevende
520.156 192.704 13.091 8.28944 lid.

221.102 214.02 6.04269 8.28944 C

230.162 235.336 27.6858 8.28944 Artikel
260.365 235.336 22.6669 8.28944 1:25a
285.55 235.336 25.1582 8.28944 wordt
313.226 235.336 40.7678 8.28944 gewijzigd
356.511 235.336 12.0854 8.28944 als
371.114 235.336 24.1617 8.28944 volgt:

230.162 256.653 7.55562 8.28944 1.
240.234 256.653 8.0539 8.28944 In
250.805 256.653 13.5893 8.28944 het
266.911 256.653 26.182 8.28944 eerste
295.61 256.653 10.5724 8.28944 lid
308.699 256.653 25.1582 8.28944 wordt
336.374 256.653 31.219 8.28944 «artikel
370.109 256.653 22.6669 8.28944 5:88»
395.293 256.653 45.3156 8.28944 vervangen
443.125 256.653 22.6487 8.28944 door:
468.291 256.653 10.5724 8.28944 de
481.38 256.653 36.7544 8.28944 artikelen
520.651 256.653 17.6298 8.28944 5:88

221.102 267.311 10.5724 8.28944 en
234.192 267.311 25.1854 8.28944 5:88a.

230.162 288.627 7.55562 8.28944 2.
240.235 288.627 8.0539 8.28944 In
250.807 288.627 13.5893 8.28944 het
266.914 288.627 24.669 8.28944 derde
294.1 288.627 10.5724 8.28944 lid
307.19 288.627 25.1582 8.28944 wordt
334.866 288.627 25.1854 8.28944 «1:80,
362.569 288.627 43.2954 8.28944 onderdeel
408.382 288.627 8.0539 8.28944 d,
418.954 288.627 20.1483 8.28944 1:81,
441.62 288.627 16.6061 8.28944 met
460.743 288.627 53.8497 8.28944 uitzondering
517.111 288.627 15.6095 8.28944 van

221.102 299.286 13.5893 8.28944 het
237.209 299.286 24.669 8.28944 derde
264.396 299.286 18.1281 8.28944 lid,»
285.042 299.286 45.3156 8.28944 vervangen
332.875 299.286 22.6487 8.28944 door:
358.041 299.286 20.1483 8.28944 1:80,
380.707 299.286 16.6061 8.28944 met
399.831 299.286 53.8497 8.28944 uitzondering
456.198 299.286 15.6095 8.28944 van
474.325 299.286 43.2954 8.28944 onderdeel
520.138 299.286 8.0539 8.28944 d,

221.102 309.944 20.1483 8.28944 1:81.

230.162 331.26 7.55562 8.28944 3.
240.235 331.26 8.0539 8.28944 In
250.807 331.26 13.5893 8.28944 het
266.914 331.26 24.669 8.28944 derde
294.1 331.26 10.5724 8.28944 lid
307.19 331.26 29.2078 8.28944 vervalt
338.916 331.26 10.5724 8.28944 de
352.006 331.26 37.7509 8.28944 zinsnede
392.274 331.26 7.55562 8.28944 «,
402.348 331.26 26.182 8.28944 artikel
431.047 331.26 27.704 8.28944 1:83,».

221.102 352.576 6.54096 8.28944 D

230.162 373.892 8.0539 8.28944 In
240.733 373.892 26.182 8.28944 artikel
269.433 373.892 20.1483 8.28944 1:55,
292.099 373.892 26.6893 8.28944 vierde
321.306 373.892 13.091 8.28944 lid,
336.915 373.892 29.2078 8.28944 vervalt
368.64 373.892 10.5724 8.28944 de
381.73 373.892 37.7509 8.28944 zinsnede
421.999 373.892 15.6095 8.28944 «en
440.126 373.892 40.2695 8.28944 personen
482.913 373.892 15.6095 8.28944 aan
501.04 373.892 15.1022 8.28944 wie

221.102 384.551 69.9665 8.28944 werkzaamheden
293.586 384.551 14.5949 8.28944 zijn
310.697 384.551 44.7992 8.28944 uitbesteed
358.013 384.551 20.1302 8.28944 door
380.66 384.551 76.0183 8.28944 betaalinstellingen
459.195 384.551 8.55217 8.28944 of
470.264 384.551 54.8643 8.28944 elektronisch-

221.102 395.209 76.0183 8.28944 geldinstellingen».

221.102 416.526 5.53535 8.28944 E

230.162 437.842 8.0539 8.28944 In
240.733 437.842 26.182 8.28944 artikel
269.433 437.842 20.1483 8.28944 1:56,
292.099 437.842 35.2415 8.28944 zevende
329.858 437.842 13.091 8.28944 lid,
345.467 437.842 29.2078 8.28944 vervalt
377.192 437.842 10.5724 8.28944 de
390.282 437.842 37.7509 8.28944 zinsnede
430.551 437.842 7.55562 8.28944 «,
440.624 437.842 10.5724 8.28944 en
453.714 437.842 40.2695 8.28944 personen
496.501 437.842 15.6095 8.28944 aan
514.628 437.842 15.1022 8.28944 wie

221.102 448.5 69.9665 8.28944 werkzaamheden
293.586 448.5 14.5949 8.28944 zijn
310.697 448.5 44.7992 8.28944 uitbesteed
358.013 448.5 20.1302 8.28944 door
380.66 448.5 92.1351 8.28944 betaaldienstverleners
475.312 448.5 16.6061 8.28944 met
494.435 448.5 19.6319 8.28944 zetel
516.583 448.5 8.0539 8.28944 in

221.102 459.159 15.6095 8.28944 een
239.23 459.159 29.7061 8.28944 andere
271.453 459.159 33.7285 8.28944 lidstaat,
307.699 459.159 13.091 8.28944 die
323.308 459.159 47.3178 8.28944 beschikken
373.143 459.159 19.1337 8.28944 over
394.795 459.159 15.6095 8.28944 een
412.922 459.159 20.1302 8.28944 door
435.57 459.159 10.5724 8.28944 de
448.66 459.159 76.4984 8.28944 toezichthoudende

221.102 469.817 36.7453 8.28944 instantie
260.364 469.817 15.6095 8.28944 van
278.491 469.817 13.091 8.28944 die
294.098 469.817 31.21 8.28944 lidstaat
327.825 469.817 42.2988 8.28944 verleende
372.641 469.817 49.329 8.28944 vergunning
424.486 469.817 19.6319 8.28944 voor
446.635 469.817 13.5892 8.28944 het
462.741 469.817 37.2617 8.28944 verlenen
502.519 469.817 15.6095 8.28944 van

221.102 480.476 70.4829 8.28944 betaaldiensten».

221.102 501.792 5.03708 8.28944 F

230.162 523.108 8.0539 8.28944 In
240.733 523.108 26.182 8.28944 artikel
269.433 523.108 20.1483 8.28944 1:58,
292.099 523.108 23.6634 8.28944 vijfde
318.28 523.108 13.091 8.28944 lid,
333.889 523.108 43.2954 8.28944 onderdeel
379.702 523.108 8.0539 8.28944 b,
390.273 523.108 29.2078 8.28944 vervalt
421.999 523.108 10.5724 8.28944 de
435.089 523.108 37.7509 8.28944 zinsnede
475.357 523.108 13.5892 8.28944 «of
491.464 523.108 35.2324 8.28944 persoon

221.102 533.766 15.6095 8.28944 aan
239.229 533.766 15.1022 8.28944 wie
256.848 533.766 69.9665 8.28944 werkzaamheden
329.331 533.766 14.5949 8.28944 zijn
346.442 533.766 52.3549 8.28944 uitbesteed».

221.102 555.082 7.04829 8.28944 G

230.162 576.399 8.0539 8.28944 In
240.733 576.399 26.182 8.28944 artikel
269.431 576.399 20.1483 8.28944 1:59,
292.096 576.399 23.6634 8.28944 vijfde
318.276 576.399 13.091 8.28944 lid,
333.884 576.399 29.2078 8.28944 vervalt
365.609 576.399 10.5724 8.28944 de
378.698 576.399 37.7509 8.28944 zinsnede
418.966 576.399 15.6095 8.28944 «en
437.092 576.399 40.2695 8.28944 personen
479.878 576.399 15.6095 8.28944 aan
498.004 576.399 15.1022 8.28944 wie

221.102 587.057 69.9665 8.28944 werkzaamheden
293.586 587.057 14.5949 8.28944 zijn
310.697 587.057 44.7992 8.28944 uitbesteed
358.013 587.057 20.1302 8.28944 door
380.66 587.057 76.0183 8.28944 betaalinstellingen
459.195 587.057 8.55217 8.28944 of
470.264 587.057 54.8643 8.28944 elektronisch-

221.102 597.716 76.0183 8.28944 geldinstellingen».

221.102 619.032 12.0854 8.28944 Ga

230.162 640.348 8.0539 8.28944 In
240.733 640.348 26.182 8.28944 artikel
269.433 640.348 20.1483 8.28944 1:62,
292.099 640.348 48.8307 8.28944 onderdelen
343.447 640.348 5.03708 8.28944 a
351.002 640.348 11.569 8.28944 tot
365.089 640.348 10.5724 8.28944 en
378.179 640.348 16.6061 8.28944 met
397.302 640.348 7.04829 8.28944 c,
406.868 640.348 25.1582 8.28944 wordt
434.544 640.348 13.5892 8.28944 «of
450.651 640.348 84.5886 8.28944 schadeverzekeraar»

221.102 651.006 30.2044 8.28944 telkens
253.824 651.006 45.3156 8.28944 vervangen
301.656 651.006 22.6487 8.28944 door:
326.821 651.006 2.51854 8.28944 ,
331.857 651.006 79.5515 8.28944 schadeverzekeraar
413.925 651.006 8.55217 8.28944 of
424.994 651.006 67.9644 8.28944 betaalinstelling.

221.102 766.046 26.182 8.38004 Eerste
250.3 766.046 28.7032 8.38004 Kamer,
282.019 766.046 50.851 8.38004 vergaderjaar
335.886 766.046 47.8523 8.38004 2017–2018,
386.754 766.046 10.0742 8.38004 34
399.844 766.046 17.6298 8.38004 813,
420.49 766.046 6.04269 8.38004 A

534.953 766.046 5.03708 8.38004 4

221.102 64.804 6.54096 8.28944 H

230.162 86.1201 27.6858 8.28944 Artikel
260.364 86.1201 20.1483 8.28944 1:93,
283.029 86.1201 26.182 8.28944 eerste
311.728 86.1201 13.091 8.28944 lid,
327.336 86.1201 25.1582 8.28944 wordt
355.011 86.1201 40.7678 8.28944 gewijzigd
398.295 86.1201 12.0854 8.28944 als
412.897 86.1201 24.1617 8.28944 volgt:

230.162 107.436 7.55562 8.28944 1.
240.235 107.436 44.8083 8.28944 Onderdeel
287.561 107.436 2.51854 8.28944 i
292.597 107.436 25.1582 8.28944 wordt
320.273 107.436 41.2841 8.28944 verletterd
364.075 107.436 11.569 8.28944 tot
378.161 107.436 8.0539 8.28944 h.

230.162 128.752 7.55562 8.28944 2.
240.235 128.752 9.0595 8.28944 Er
251.812 128.752 35.2324 8.28944 worden,
289.562 128.752 25.1673 8.28944 onder
317.247 128.752 48.3324 8.28944 vervanging
368.097 128.752 15.6095 8.28944 van
386.224 128.752 15.6095 8.28944 een
404.352 128.752 19.6229 8.28944 punt
426.492 128.752 15.6095 8.28944 aan
444.619 128.752 13.5892 8.28944 het
460.726 128.752 15.6005 8.28944 slot
478.844 128.752 15.6095 8.28944 van
496.971 128.752 13.5892 8.28944 het

221.102 139.411 28.1932 8.28944 laatste
251.813 139.411 43.2954 8.28944 onderdeel
297.626 139.411 20.1302 8.28944 door
320.274 139.411 15.6095 8.28944 een
338.401 139.411 54.3479 8.28944 puntkomma,
395.267 139.411 20.6375 8.28944 twee
418.422 139.411 48.8307 8.28944 onderdelen
469.77 139.411 50.8419 8.28944 toegevoegd

221.102 150.069 36.7544 8.28944 waarvan
260.374 150.069 10.5724 8.28944 de
273.464 150.069 70.4739 8.28944 letteraanduiding
346.456 150.069 46.3122 8.28944 alfabetisch
395.286 150.069 33.7285 8.28944 aansluit
431.532 150.069 11.0707 8.28944 op
445.12 150.069 13.5892 8.28944 het
461.227 150.069 28.1932 8.28944 laatste
491.938 150.069 45.8139 8.28944 onderdeel,

221.102 160.728 39.7712 8.28944 luidende:

230.162 171.386 7.55562 8.28944 #.
240.235 171.386 10.5724 8.28944 de
253.325 171.386 40.2604 8.28944 Autoriteit
296.103 171.386 49.3199 8.28944 Consument
347.941 171.386 10.5724 8.28944 en
361.031 171.386 27.1785 8.28944 Markt,
390.727 171.386 19.6319 8.28944 voor
412.877 171.386 23.1561 8.28944 zover
438.55 171.386 10.5724 8.28944 de
451.64 171.386 41.2841 8.28944 gegevens
495.442 171.386 10.5724 8.28944 en

221.102 182.045 50.3346 8.28944 inlichtingen
273.955 182.045 34.2268 8.28944 dienstig
310.699 182.045 14.5949 8.28944 zijn
327.811 182.045 19.6319 8.28944 voor
349.961 182.045 10.5724 8.28944 de
363.051 182.045 48.8216 8.28944 uitoefening
414.39 182.045 15.6095 8.28944 van
432.518 182.045 10.5724 8.28944 de
445.608 182.045 19.1337 8.28944 haar
467.259 182.045 11.0707 8.28944 op
480.847 182.045 25.6656 8.28944 grond
509.03 182.045 15.6095 8.28944 van

221.102 192.703 26.182 8.28944 artikel
249.801 192.703 22.6669 8.28944 1:25a
274.985 192.703 51.8475 8.28944 opgedragen
329.349 192.703 17.6207 8.28944 taak
349.486 192.703 11.569 8.28944 tot
363.572 192.703 13.5892 8.28944 het
379.678 192.703 32.7139 8.28944 houden
414.909 192.703 15.6095 8.28944 van
433.035 192.703 33.2121 8.28944 toezicht
468.764 192.703 11.0707 8.28944 op
482.351 192.703 10.5724 8.28944 de
495.44 192.703 36.7544 8.28944 naleving

221.102 203.362 15.6095 8.28944 van
239.229 203.362 10.5724 8.28944 de
252.32 203.362 36.7544 8.28944 artikelen
291.592 203.362 17.6298 8.28944 5:88
311.739 203.362 10.5724 8.28944 en
324.829 203.362 22.6669 8.28944 5:88a
350.014 203.362 16.1078 8.28944 dan
368.639 203.362 15.1022 8.28944 wel
386.259 203.362 19.6319 8.28944 voor
408.408 203.362 10.5724 8.28944 de
421.498 203.362 48.8216 8.28944 uitoefening
472.838 203.362 15.6095 8.28944 van
490.965 203.362 19.1337 8.28944 haar
512.616 203.362 23.1561 8.28944 taken

221.102 214.02 42.2897 8.28944 ingevolge
265.909 214.02 10.5724 8.28944 de
278.998 214.02 79.5243 8.28944 Mededingingswet,
361.039 214.02 19.6319 8.28944 voor
383.188 214.02 23.1561 8.28944 zover
408.86 214.02 19.6319 8.28944 deze
431.009 214.02 44.7992 8.28944 betrekking
478.325 214.02 32.2156 8.28944 hebben
513.057 214.02 11.0707 8.28944 op
526.645 214.02 10.5724 8.28944 de

221.102 224.679 56.8755 8.28944 mededinging
280.495 224.679 10.5724 8.28944 bij
293.586 224.679 13.5892 8.28944 het
309.692 224.679 37.2617 8.28944 verlenen
349.472 224.679 15.6095 8.28944 van
367.599 224.679 65.4458 8.28944 betaaldiensten,
435.562 224.679 10.5724 8.28944 en
448.652 224.679 10.5724 8.28944 de
461.743 224.679 63.9148 8.28944 toezichthouder
528.175 224.679 10.5724 8.28944 de

221.102 235.337 41.2841 8.28944 gegevens
264.904 235.337 8.55217 8.28944 of
275.974 235.337 50.3346 8.28944 inlichtingen
328.826 235.337 21.6431 8.28944 heeft
352.987 235.337 42.7971 8.28944 verkregen
398.302 235.337 10.5724 8.28944 bij
411.392 235.337 10.5724 8.28944 de
424.482 235.337 48.8216 8.28944 uitoefening
475.821 235.337 15.6095 8.28944 van
493.948 235.337 13.5892 8.28944 het

221.102 245.996 33.2121 8.28944 toezicht
256.831 245.996 11.0707 8.28944 op
270.419 245.996 13.5892 8.28944 het
286.525 245.996 37.2617 8.28944 verlenen
326.303 245.996 15.6095 8.28944 van
344.429 245.996 65.4458 8.28944 betaaldiensten;

230.162 256.654 7.55562 8.28944 #.
240.234 256.654 10.5724 8.28944 de
253.323 256.654 40.2604 8.28944 Autoriteit
296.1 256.654 83.5648 8.28944 Persoonsgegevens,
382.182 256.654 19.6319 8.28944 voor
404.331 256.654 23.1561 8.28944 zover
430.003 256.654 10.5724 8.28944 de
443.093 256.654 41.2841 8.28944 gegevens
486.894 256.654 8.55217 8.28944 of
497.962 256.654 26.1729 8.28944 inlich-

221.102 267.313 27.1785 8.28944 tingen
250.798 267.313 34.2268 8.28944 dienstig
287.543 267.313 14.5949 8.28944 zijn
304.655 267.313 19.6319 8.28944 voor
326.805 267.313 10.5724 8.28944 de
339.895 267.313 48.8216 8.28944 uitoefening
391.234 267.313 15.6095 8.28944 van
409.361 267.313 19.1337 8.28944 haar
431.013 267.313 40.7768 8.28944 wettelijke
474.307 267.313 23.1561 8.28944 taken
499.981 267.313 10.5724 8.28944 en

221.102 277.971 44.7992 8.28944 betrekking
268.419 277.971 32.2156 8.28944 hebben
303.152 277.971 11.0707 8.28944 op
316.741 277.971 62.9273 8.28944 betaaldiensten
382.186 277.971 10.5724 8.28944 en
395.276 277.971 10.5724 8.28944 de
408.366 277.971 63.9148 8.28944 toezichthouder
474.798 277.971 10.5724 8.28944 de
487.888 277.971 41.2841 8.28944 gegevens

221.102 288.63 8.55217 8.28944 of
232.172 288.63 50.3346 8.28944 inlichtingen
285.024 288.63 21.6431 8.28944 heeft
309.185 288.63 42.7971 8.28944 verkregen
354.5 288.63 10.5724 8.28944 bij
367.59 288.63 10.5724 8.28944 de
380.68 288.63 48.8216 8.28944 uitoefening
432.019 288.63 15.6095 8.28944 van
450.146 288.63 13.5892 8.28944 het
466.253 288.63 33.2121 8.28944 toezicht
501.983 288.63 11.0707 8.28944 op
515.571 288.63 13.5893 8.28944 het

221.102 299.288 37.2617 8.28944 verlenen
260.881 299.288 15.6095 8.28944 van
279.007 299.288 65.4458 8.28944 betaaldiensten.

221.102 320.604 2.51854 8.28944 I

230.162 341.921 27.6858 8.28944 Artikel
260.365 341.921 25.1854 8.28944 1:104,
288.068 341.921 26.182 8.28944 eerste
316.768 341.921 13.091 8.28944 lid,
332.377 341.921 25.1582 8.28944 wordt
360.052 341.921 40.7678 8.28944 gewijzigd
403.338 341.921 12.0854 8.28944 als
417.941 341.921 24.1617 8.28944 volgt:

230.162 363.237 7.55562 8.28944 1.
240.235 363.237 8.0539 8.28944 In
250.807 363.237 43.2954 8.28944 onderdeel
296.62 363.237 2.51854 8.28944 l
301.656 363.237 25.1582 8.28944 wordt
329.332 363.237 44.301 8.28944 «stabiliteit
376.15 363.237 20.6466 8.28944 van»
399.314 363.237 45.3156 8.28944 vervangen
447.148 363.237 22.6487 8.28944 door:
472.314 363.237 39.2639 8.28944 stabiliteit
514.096 363.237 15.6095 8.28944 van

221.102 373.895 8.55217 8.28944 of
232.171 373.895 13.5893 8.28944 het
248.277 373.895 49.329 8.28944 vertrouwen
300.123 373.895 10.5724 8.28944 in.

230.162 395.211 7.55562 8.28944 2.
240.234 395.211 8.0539 8.28944 In
250.805 395.211 43.2954 8.28944 onderdeel
296.617 395.211 2.51854 8.28944 l
301.652 395.211 29.2078 8.28944 vervalt
333.377 395.211 21.1449 8.28944 «of».

230.162 416.527 7.55562 8.28944 3.
240.235 416.527 26.6802 8.28944 Onder
269.433 416.527 48.3324 8.28944 vervanging
320.283 416.527 15.6095 8.28944 van
338.41 416.527 10.5724 8.28944 de
351.5 416.527 19.6229 8.28944 punt
373.641 416.527 15.6095 8.28944 aan
391.768 416.527 13.5892 8.28944 het
407.875 416.527 15.6005 8.28944 slot
425.993 416.527 15.6095 8.28944 van
444.12 416.527 43.2954 8.28944 onderdeel
489.933 416.527 8.55217 8.28944 m
501.003 416.527 20.1302 8.28944 door

221.102 427.186 7.55562 8.28944 «;
231.175 427.186 16.1078 8.28944 of»,
249.799 427.186 25.1582 8.28944 wordt
277.474 427.186 15.6095 8.28944 een
295.6 427.186 43.2954 8.28944 onderdeel
341.412 427.186 53.3605 8.28944 toegevoegd,
397.29 427.186 39.7712 8.28944 luidende:

230.162 437.844 8.0539 8.28944 n.
240.733 437.844 10.5724 8.28944 de
253.823 437.844 80.0316 8.28944 vergunninghouder
336.373 437.844 15.6095 8.28944 een
354.5 437.844 65.4458 8.28944 betaalinstelling
422.463 437.844 8.55217 8.28944 of
433.533 437.844 81.5446 8.28944 elektronischgeldin-

221.102 448.503 31.21 8.28944 stelling
254.83 448.503 7.04829 8.28944 is
264.396 448.503 13.091 8.28944 die
280.004 448.503 10.5724 8.28944 de
293.095 448.503 64.4402 8.28944 Nederlandsche
360.052 448.503 21.1449 8.28944 Bank
383.715 448.503 16.1078 8.28944 niet
402.34 448.503 8.0539 8.28944 in
412.912 448.503 27.6858 8.28944 kennis
443.115 448.503 21.6431 8.28944 heeft
467.276 448.503 31.21 8.28944 gesteld
501.004 448.503 15.6095 8.28944 van

221.102 459.161 47.3268 8.28944 belangrijke
270.947 459.161 64.9294 8.28944 ontwikkelingen
338.394 459.161 13.091 8.28944 die
354.002 459.161 35.2415 8.28944 verband
391.762 459.161 32.7139 8.28944 houden
426.993 459.161 16.6061 8.28944 met
446.117 459.161 10.5724 8.28944 de
459.207 459.161 56.8846 8.28944 voorwaarden
518.609 459.161 19.6319 8.28944 voor

221.102 469.82 40.2785 8.28944 verlening
263.898 469.82 15.6095 8.28944 van
282.024 469.82 10.5724 8.28944 de
295.113 469.82 51.8475 8.28944 vergunning.

221.102 491.136 5.03708 8.28944 J

230.162 512.452 27.6858 8.28944 Artikel
260.365 512.452 22.6669 8.28944 1:107
285.55 512.452 25.1582 8.28944 wordt
313.226 512.452 40.7678 8.28944 gewijzigd
356.511 512.452 12.0854 8.28944 als
371.114 512.452 24.1617 8.28944 volgt:

230.162 533.768 7.55562 8.28944 1.
240.235 533.768 17.1134 8.28944 Aan
259.866 533.768 13.5892 8.28944 het
275.973 533.768 31.21 8.28944 tweede
309.701 533.768 10.5724 8.28944 lid
322.791 533.768 27.6768 8.28944 wordt,
352.985 533.768 25.1673 8.28944 onder
380.67 533.768 48.3324 8.28944 vervanging
431.52 533.768 15.6095 8.28944 van
449.647 533.768 10.5724 8.28944 de
462.737 533.768 19.6229 8.28944 punt
484.878 533.768 15.6095 8.28944 aan
503.005 533.768 13.5893 8.28944 het
519.112 533.768 15.6005 8.28944 slot

221.102 544.427 15.6095 8.28944 van
239.229 544.427 43.2954 8.28944 onderdeel
285.042 544.427 5.53535 8.28944 d
293.095 544.427 20.1302 8.28944 door
315.743 544.427 15.6095 8.28944 een
333.87 544.427 54.3479 8.28944 puntkomma,
390.736 544.427 15.6095 8.28944 een
408.863 544.427 43.2954 8.28944 onderdeel
454.676 544.427 53.3605 8.28944 toegevoegd,

221.102 555.085 39.7712 8.28944 luidende:

230.162 565.744 7.55562 8.28944 e.
240.234 565.744 47.3268 8.28944 aanbieders
290.078 565.744 15.6095 8.28944 van
308.204 565.744 36.7453 8.28944 diensten
347.466 565.744 13.091 8.28944 die
363.074 565.744 41.2751 8.28944 krachtens
406.866 565.744 26.182 8.28944 artikel
435.564 565.744 20.1483 8.28944 1:5a,
458.229 565.744 24.669 8.28944 derde
485.415 565.744 13.091 8.28944 lid,
501.023 565.744 37.2527 8.28944 verplicht

221.102 576.402 14.5949 8.28944 zijn
238.215 576.402 11.569 8.28944 tot
252.301 576.402 13.5893 8.28944 het
268.408 576.402 21.6431 8.28944 doen
292.569 576.402 15.6095 8.28944 van
310.696 576.402 15.6095 8.28944 een
328.823 576.402 56.8846 8.28944 kennisgeving
388.226 576.402 15.6095 8.28944 aan
406.353 576.402 10.5724 8.28944 de
419.443 576.402 64.4402 8.28944 Nederlandsche
486.401 576.402 23.6634 8.28944 Bank.

230.162 597.718 7.55562 8.28944 2.
240.234 597.718 17.1134 8.28944 Aan
259.864 597.718 13.5892 8.28944 het
275.97 597.718 24.669 8.28944 derde
303.156 597.718 13.091 8.28944 lid,
318.764 597.718 43.2954 8.28944 onderdeel
364.576 597.718 5.03708 8.28944 l,
372.13 597.718 25.1582 8.28944 wordt
399.805 597.718 25.1673 8.28944 onder
427.489 597.718 48.3324 8.28944 vervanging
478.338 597.718 15.6095 8.28944 van
496.464 597.718 10.5724 8.28944 de

221.102 608.377 51.8294 8.28944 puntkomma
275.449 608.377 15.6095 8.28944 aan
293.576 608.377 13.5892 8.28944 het
309.683 608.377 15.6005 8.28944 slot
327.801 608.377 20.1302 8.28944 door
350.449 608.377 15.6095 8.28944 een
368.576 608.377 34.7251 8.28944 komma,
405.819 608.377 15.6095 8.28944 een
423.946 608.377 37.7509 8.28944 zinsnede
464.215 608.377 53.3605 8.28944 toegevoegd,

221.102 619.035 39.7712 8.28944 luidende:
263.391 619.035 26.6802 8.28944 indien
292.589 619.035 26.6802 8.28944 vanuit
321.787 619.035 19.6319 8.28944 deze
343.936 619.035 48.3234 8.28944 bijkantoren
394.777 619.035 36.7453 8.28944 diensten
434.04 619.035 32.7139 8.28944 worden
469.272 619.035 53.3605 8.28944 aangeboden
525.15 619.035 8.0539 8.28944 in

221.102 629.694 15.6095 8.28944 een
239.229 629.694 29.7061 8.28944 andere
271.451 629.694 33.7285 8.28944 lidstaat;

230.162 651.01 7.55562 8.28944 3.
240.235 651.01 17.1134 8.28944 Aan
259.866 651.01 13.5892 8.28944 het
275.973 651.01 24.669 8.28944 derde
303.16 651.01 13.091 8.28944 lid,
318.768 651.01 43.2954 8.28944 onderdeel
364.581 651.01 8.0539 8.28944 n,
375.153 651.01 25.1582 8.28944 wordt
402.829 651.01 25.1673 8.28944 onder
430.514 651.01 48.3324 8.28944 vervanging
481.364 651.01 15.6095 8.28944 van
499.491 651.01 10.5724 8.28944 de

221.102 661.668 51.8294 8.28944 puntkomma
275.449 661.668 15.6095 8.28944 aan
293.576 661.668 13.5892 8.28944 het
309.683 661.668 15.6005 8.28944 slot
327.801 661.668 20.1302 8.28944 door
350.449 661.668 15.6095 8.28944 een
368.576 661.668 34.7251 8.28944 komma,
405.819 661.668 15.6095 8.28944 een
423.946 661.668 37.7509 8.28944 zinsnede
464.215 661.668 53.3605 8.28944 toegevoegd,

221.102 672.327 39.7712 8.28944 luidende:
263.39 672.327 10.5724 8.28944 en
276.479 672.327 15.6095 8.28944 een
294.606 672.327 43.2863 8.28944 bijkantoor
340.409 672.327 15.6095 8.28944 van
358.535 672.327 15.6095 8.28944 een
376.661 672.327 109.738 8.28944 elektronischgeldinstelling
488.916 672.327 16.6061 8.28944 met
508.038 672.327 19.6319 8.28944 zetel
530.187 672.327 8.0539 8.28944 in

221.102 682.985 47.3268 8.28944 Nederland,
270.946 682.985 26.6802 8.28944 indien
300.143 682.985 26.6802 8.28944 vanuit
329.34 682.985 11.0707 8.28944 dit
342.927 682.985 43.2863 8.28944 bijkantoor
388.73 682.985 62.9273 8.28944 betaaldiensten
454.174 682.985 32.7139 8.28944 worden
489.405 682.985 29.1988 8.28944 aange-

221.102 693.644 27.1785 8.28944 boden
250.798 693.644 8.0539 8.28944 in
261.368 693.644 15.6095 8.28944 een
279.494 693.644 29.7061 8.28944 andere
311.717 693.644 33.7285 8.28944 lidstaat;

221.102 766.046 26.182 8.38004 Eerste
250.3 766.046 28.7032 8.38004 Kamer,
282.019 766.046 50.851 8.38004 vergaderjaar
335.886 766.046 47.8523 8.38004 2017–2018,
386.754 766.046 10.0742 8.38004 34
399.844 766.046 17.6298 8.38004 813,
420.49 766.046 6.04269 8.38004 A

534.953 766.046 5.03708 8.38004 5

221.102 64.804 6.04269 8.28944 K

230.162 86.1201 8.0539 8.28944 In
240.733 86.1201 26.182 8.28944 artikel
269.433 86.1201 18.1281 8.28944 2:3b
290.079 86.1201 35.2324 8.28944 worden,
327.829 86.1201 25.1673 8.28944 onder
355.514 86.1201 63.9238 8.28944 vernummering
421.955 86.1201 15.6095 8.28944 van
440.082 86.1201 13.5892 8.28944 het
456.189 86.1201 31.21 8.28944 tweede
489.917 86.1201 11.569 8.28944 tot
504.003 86.1201 10.5724 8.28944 en
517.093 86.1201 16.6061 8.28944 met

221.102 96.7786 13.5893 8.28944 het
237.209 96.7786 26.6893 8.28944 vierde
266.416 96.7786 10.5724 8.28944 lid
279.506 96.7786 11.569 8.28944 tot
293.593 96.7786 24.1617 8.28944 zesde
320.272 96.7786 11.569 8.28944 tot
334.359 96.7786 10.5724 8.28944 en
347.449 96.7786 16.6061 8.28944 met
366.573 96.7786 30.7026 8.28944 achtste
399.793 96.7786 13.091 8.28944 lid,
415.401 96.7786 10.5724 8.28944 na
428.491 96.7786 13.5892 8.28944 het
444.598 96.7786 26.182 8.28944 eerste
473.298 96.7786 10.5724 8.28944 lid
486.388 96.7786 16.1169 8.28944 vier
505.023 96.7786 23.6634 8.28944 leden

221.102 107.437 47.8251 8.28944 ingevoegd,
271.444 107.437 39.7712 8.28944 luidende:

230.162 118.096 7.55562 8.28944 2.
240.235 118.096 62.42 8.28944 Onverminderd
305.173 118.096 13.5892 8.28944 het
321.28 118.096 39.2729 8.28944 bepaalde
363.07 118.096 8.0539 8.28944 in
373.642 118.096 13.5892 8.28944 het
389.749 118.096 26.182 8.28944 eerste
418.448 118.096 13.091 8.28944 lid,
434.057 118.096 34.7432 8.28944 verleent
471.318 118.096 10.5724 8.28944 de
484.408 118.096 28.8645 8.28944 Neder-

221.102 128.754 38.2583 8.28944 landsche
261.878 128.754 21.1449 8.28944 Bank
285.541 128.754 15.6095 8.28944 een
303.668 128.754 49.329 8.28944 vergunning
355.514 128.754 45.2975 8.28944 uitsluitend
403.33 128.754 26.6802 8.28944 indien
432.527 128.754 10.5724 8.28944 de
445.618 128.754 43.3044 8.28944 aanvrager
491.44 128.754 38.2492 8.28944 aantoont

221.102 139.413 13.5893 8.28944 dat
237.209 139.413 10.5724 8.28944 hij
250.299 139.413 13.5892 8.28944 ten
266.406 139.413 29.1897 8.28944 minste
298.113 139.413 15.6095 8.28944 een
316.241 139.413 18.1281 8.28944 deel
336.886 139.413 15.6095 8.28944 van
355.013 139.413 14.5949 8.28944 zijn
372.126 139.413 27.6858 8.28944 bedrijf
402.329 139.413 11.578 8.28944 zal
416.425 139.413 45.8048 8.28944 uitoefenen
464.748 139.413 8.0539 8.28944 in
475.319 139.413 47.3268 8.28944 Nederland.

230.162 150.071 7.55562 8.28944 3.
240.234 150.071 26.6802 8.28944 Indien
269.431 150.071 10.5724 8.28944 de
282.52 150.071 39.7803 8.28944 aanvraag
324.817 150.071 15.6095 8.28944 een
342.944 150.071 65.4458 8.28944 betaalinstelling
410.906 150.071 8.55217 8.28944 of
421.975 150.071 109.738 8.28944 elektronischgeldinstelling

221.102 160.73 28.1841 8.28944 betreft
251.803 160.73 29.1988 8.28944 waarin
283.519 160.73 15.6095 8.28944 een
301.645 160.73 66.9588 8.28944 gekwalificeerde
371.12 160.73 50.8419 8.28944 deelneming
424.479 160.73 25.1582 8.28944 wordt
452.154 160.73 45.8048 8.28944 gehouden,
500.476 160.73 34.7432 8.28944 verleent

221.102 171.388 10.5724 8.28944 de
234.192 171.388 64.4402 8.28944 Nederlandsche
301.15 171.388 23.6634 8.28944 Bank,
327.331 171.388 60.907 8.28944 onverminderd
390.756 171.388 13.5892 8.28944 het
406.863 171.388 39.2729 8.28944 bepaalde
448.653 171.388 8.0539 8.28944 in
459.225 171.388 13.5892 8.28944 het
475.332 171.388 26.182 8.28944 eerste
504.031 171.388 13.091 8.28944 lid,
519.64 171.388 15.6095 8.28944 een

221.102 182.047 49.329 8.28944 vergunning
272.948 182.047 45.2975 8.28944 uitsluitend
320.762 182.047 26.6802 8.28944 indien
349.959 182.047 10.5724 8.28944 de
363.048 182.047 30.7026 8.28944 houder
396.268 182.047 15.6095 8.28944 van
414.394 182.047 10.5724 8.28944 de
427.483 182.047 66.9588 8.28944 gekwalificeerde

221.102 192.705 50.8419 8.28944 deelneming
274.462 192.705 15.6095 8.28944 een
292.589 192.705 42.7971 8.28944 verklaring
337.904 192.705 15.6095 8.28944 van
356.031 192.705 21.1449 8.28944 geen
379.693 192.705 35.7397 8.28944 bezwaar
417.951 192.705 68.9609 8.28944 overeenkomstig
489.429 192.705 26.182 8.28944 artikel
518.129 192.705 20.1483 8.28944 3:95,

221.102 203.364 31.21 8.28944 tweede
254.83 203.364 13.091 8.28944 lid,
270.439 203.364 21.6431 8.28944 heeft
294.599 203.364 58.4066 8.28944 aangevraagd,
355.524 203.364 10.5724 8.28944 en
368.614 203.364 10.5724 8.28944 de
381.704 203.364 64.4402 8.28944 Nederlandsche
448.662 203.364 21.1449 8.28944 Bank
472.324 203.364 35.7397 8.28944 vaststelt
510.581 203.364 13.5893 8.28944 dat

221.102 214.022 34.2359 8.28944 voldaan
257.856 214.022 7.04829 8.28944 is
267.422 214.022 15.6095 8.28944 aan
285.549 214.022 13.5892 8.28944 het
301.656 214.022 39.2729 8.28944 bepaalde
343.446 214.022 42.2897 8.28944 ingevolge
388.254 214.022 10.5724 8.28944 de
401.344 214.022 36.7544 8.28944 artikelen
440.616 214.022 17.6298 8.28944 3:99
460.763 214.022 11.569 8.28944 tot
474.85 214.022 10.5724 8.28944 en
487.94 214.022 16.6061 8.28944 met
507.064 214.022 22.6669 8.28944 3:101

221.102 224.681 16.6061 8.28944 met
240.226 224.681 44.7992 8.28944 betrekking
287.543 224.681 11.569 8.28944 tot
301.629 224.681 10.5724 8.28944 de
314.72 224.681 42.7971 8.28944 verklaring
360.034 224.681 15.6095 8.28944 van
378.161 224.681 21.1449 8.28944 geen
401.824 224.681 37.5897 8.28944 bezwaar.

230.162 235.339 7.55562 8.28944 4.
240.235 235.339 26.6802 8.28944 Indien
269.433 235.339 10.5724 8.28944 de
282.523 235.339 43.3044 8.28944 aanvrager
328.345 235.339 53.8587 8.28944 voornemens
384.721 235.339 7.04829 8.28944 is
394.287 235.339 45.2975 8.28944 uitsluitend
442.102 235.339 94.6446 8.28944 betaalinitiatiediensten

221.102 245.998 8.0539 8.28944 te
231.673 245.998 39.7803 8.28944 verlenen,
273.97 245.998 7.04829 8.28944 is
283.535 245.998 13.5892 8.28944 het
299.641 245.998 26.182 8.28944 eerste
328.34 245.998 13.091 8.28944 lid,
343.947 245.998 48.8307 8.28944 onderdelen
395.295 245.998 5.53535 8.28944 g
403.347 245.998 10.5724 8.28944 en
416.436 245.998 5.03708 8.28944 i,
423.99 245.998 16.1078 8.28944 niet
442.614 245.998 15.6095 8.28944 van
460.741 245.998 49.329 8.28944 toepassing.

230.162 256.656 7.55562 8.28944 5.
240.235 256.656 26.6802 8.28944 Indien
269.433 256.656 10.5724 8.28944 de
282.523 256.656 43.3044 8.28944 aanvrager
328.345 256.656 53.8587 8.28944 voornemens
384.721 256.656 7.04829 8.28944 is
394.287 256.656 45.2975 8.28944 uitsluitend
442.102 256.656 84.5614 8.28944 rekeninginformatie-

221.102 267.315 36.7453 8.28944 diensten
260.364 267.315 8.0539 8.28944 te
270.935 267.315 39.7803 8.28944 verlenen,
313.232 267.315 7.04829 8.28944 is
322.797 267.315 13.5892 8.28944 het
338.903 267.315 26.182 8.28944 eerste
367.602 267.315 13.091 8.28944 lid,
383.209 267.315 48.8307 8.28944 onderdelen
434.557 267.315 8.0539 8.28944 g,
445.127 267.315 5.53535 8.28944 h
453.18 267.315 10.5724 8.28944 en
466.269 267.315 5.03708 8.28944 i,
473.822 267.315 16.1078 8.28944 niet
492.447 267.315 15.6095 8.28944 van

221.102 277.973 49.329 8.28944 toepassing.

221.102 299.289 5.03708 8.28944 L

230.162 320.605 27.6858 8.28944 Artikel
260.364 320.605 17.1225 8.28944 2:3c
280.004 320.605 25.1582 8.28944 wordt
307.679 320.605 40.7678 8.28944 gewijzigd
350.963 320.605 12.0854 8.28944 als
365.565 320.605 24.1617 8.28944 volgt:

230.162 341.921 7.55562 8.28944 1.
240.234 341.921 14.5949 8.28944 Het
257.346 341.921 31.21 8.28944 tweede
291.072 341.921 10.5724 8.28944 lid
304.162 341.921 21.6341 8.28944 komt
328.312 341.921 8.0539 8.28944 te
338.883 341.921 29.1988 8.28944 luiden:

230.162 352.58 7.55562 8.28944 2.
240.235 352.58 11.578 8.28944 De
254.331 352.58 64.4402 8.28944 Nederlandsche
321.289 352.58 21.1449 8.28944 Bank
344.951 352.58 29.1897 8.28944 schrijft
376.658 352.58 10.5724 8.28944 de
389.749 352.58 76.5165 8.28944 betaaldienstagent
468.783 352.58 8.0539 8.28944 in
479.354 352.58 13.5892 8.28944 het
495.461 352.58 34.5729 8.28944 register,

221.102 363.238 34.7341 8.28944 bedoeld
258.353 363.238 8.0539 8.28944 in
268.924 363.238 26.182 8.28944 artikel
297.622 363.238 25.1854 8.28944 1:107,
325.325 363.238 26.6802 8.28944 indien
354.522 363.238 9.0595 8.28944 zij
366.098 363.238 10.5724 8.28944 de
379.187 363.238 36.7453 8.28944 juistheid
418.449 363.238 15.6095 8.28944 van
436.575 363.238 10.5724 8.28944 de
449.664 363.238 8.0539 8.28944 in
460.235 363.238 13.5892 8.28944 het
476.341 363.238 26.182 8.28944 eerste
505.04 363.238 10.5724 8.28944 lid

221.102 373.897 39.7712 8.28944 bedoelde
263.391 373.897 41.2841 8.28944 gegevens
307.193 373.897 21.6431 8.28944 heeft
331.354 373.897 31.7082 8.28944 kunnen
365.58 373.897 45.8139 8.28944 vaststellen
413.911 373.897 10.5724 8.28944 en
427.001 373.897 45.2975 8.28944 informeert
474.816 373.897 35.7488 8.28944 hierover
513.083 373.897 10.5724 8.28944 de

221.102 384.555 65.4458 8.28944 betaalinstelling
289.066 384.555 29.697 8.28944 binnen
321.28 384.555 20.6375 8.28944 twee
344.436 384.555 40.2695 8.28944 maanden
387.223 384.555 10.5724 8.28944 na
400.313 384.555 42.779 8.28944 ontvangst
445.609 384.555 15.6095 8.28944 van
463.737 384.555 10.5724 8.28944 de
476.827 384.555 43.8027 8.28944 gegevens.

221.102 395.214 26.6802 8.28944 Indien
250.3 395.214 10.5724 8.28944 de
263.39 395.214 64.4402 8.28944 Nederlandsche
330.348 395.214 21.1449 8.28944 Bank
354.011 395.214 10.5724 8.28944 de
367.101 395.214 36.7453 8.28944 juistheid
406.364 395.214 15.6095 8.28944 van
424.491 395.214 10.5724 8.28944 de
437.581 395.214 41.2841 8.28944 gegevens
481.383 395.214 16.1078 8.28944 niet
500.008 395.214 21.6431 8.28944 heeft

221.102 405.872 31.7083 8.28944 kunnen
255.328 405.872 45.8139 8.28944 vaststellen
303.66 405.872 28.1841 8.28944 brengt
334.361 405.872 9.0595 8.28944 zij
345.939 405.872 10.5724 8.28944 de
359.029 405.872 65.4458 8.28944 betaalinstelling
426.992 405.872 34.7432 8.28944 daarvan
464.253 405.872 9.55777 8.28944 zo
476.328 405.872 34.2268 8.28944 spoedig

221.102 416.531 36.7453 8.28944 mogelijk
260.365 416.531 11.0707 8.28944 op
273.954 416.531 10.5724 8.28944 de
287.044 416.531 32.7139 8.28944 hoogte.
322.275 416.531 11.578 8.28944 De
336.371 416.531 65.4458 8.28944 betaalinstelling
404.334 416.531 34.7432 8.28944 verleent
441.595 416.531 16.1078 8.28944 niet
460.221 416.531 27.6949 8.28944 eerder
490.433 416.531 36.7453 8.28944 diensten

221.102 427.189 20.1302 8.28944 door
243.749 427.189 54.3479 8.28944 tussenkomst
300.614 427.189 15.6095 8.28944 van
318.74 427.189 15.6095 8.28944 een
336.866 427.189 76.5165 8.28944 betaaldienstagent
415.9 427.189 16.1078 8.28944 dan
434.524 427.189 24.1617 8.28944 nadat
461.203 427.189 19.6319 8.28944 deze
483.351 427.189 7.04829 8.28944 is

221.102 437.848 59.9105 8.28944 ingeschreven.

230.162 459.164 7.55562 8.28944 2.
240.235 459.164 9.0595 8.28944 Er
251.812 459.164 25.1582 8.28944 wordt
279.488 459.164 15.6095 8.28944 een
297.615 459.164 24.669 8.28944 derde
324.802 459.164 10.5724 8.28944 lid
337.892 459.164 53.3605 8.28944 toegevoegd,
393.77 459.164 39.7712 8.28944 luidende:

230.162 469.823 7.55562 8.28944 3.
240.235 469.823 14.5949 8.28944 Het
257.348 469.823 26.182 8.28944 eerste
286.047 469.823 10.5724 8.28944 en
299.137 469.823 31.21 8.28944 tweede
332.865 469.823 10.5724 8.28944 lid
345.955 469.823 14.5949 8.28944 zijn
363.067 469.823 15.6095 8.28944 van
381.195 469.823 73.998 8.28944 overeenkomstige
457.71 469.823 46.8104 8.28944 toepassing
507.038 469.823 11.0707 8.28944 op

221.102 480.481 120.31 8.28944 elektronischgeldinstellingen
343.93 480.481 16.6061 8.28944 met
363.054 480.481 19.6319 8.28944 zetel
385.203 480.481 8.0539 8.28944 in
395.775 480.481 44.8083 8.28944 Nederland
443.101 480.481 13.091 8.28944 die
458.709 480.481 20.1302 8.28944 door
481.357 480.481 54.3479 8.28944 tussenkomst

221.102 491.14 15.6095 8.28944 van
239.229 491.14 15.6095 8.28944 een
257.355 491.14 76.5165 8.28944 betaaldienstagent
336.388 491.14 62.9273 8.28944 betaaldiensten
401.832 491.14 39.7803 8.28944 verlenen.

221.102 512.456 8.55217 8.28944 M

230.162 533.772 17.1134 8.28944 Aan
249.793 533.772 26.182 8.28944 artikel
278.492 533.772 17.6298 8.28944 2:3e
298.64 533.772 32.7139 8.28944 worden
333.871 533.772 16.1169 8.28944 vier
352.506 533.772 23.6634 8.28944 leden
378.687 533.772 53.3605 8.28944 toegevoegd,
434.565 533.772 39.7712 8.28944 luidende:

230.162 544.43 7.55562 8.28944 3.
240.234 544.43 26.6802 8.28944 Indien
269.431 544.43 15.6095 8.28944 een
287.557 544.43 87.6054 8.28944 betaaldienstverlener
377.679 544.43 16.6061 8.28944 met
396.802 544.43 15.6095 8.28944 een
414.928 544.43 19.6319 8.28944 zetel
437.077 544.43 8.0539 8.28944 in
447.648 544.43 15.6095 8.28944 een
465.774 544.43 29.7061 8.28944 andere
497.997 544.43 31.21 8.28944 lidstaat

221.102 555.089 53.8587 8.28944 voornemens
277.479 555.089 7.04829 8.28944 is
287.045 555.089 14.0875 8.28944 om
303.65 555.089 26.6802 8.28944 vanuit
332.848 555.089 15.6095 8.28944 een
350.975 555.089 43.2863 8.28944 bijkantoor
396.779 555.089 8.0539 8.28944 in
407.35 555.089 44.8083 8.28944 Nederland
454.676 555.089 8.55217 8.28944 of
465.746 555.089 20.1302 8.28944 door
488.394 555.089 29.697 8.28944 middel
520.608 555.089 15.6095 8.28944 van

221.102 565.747 13.5893 8.28944 het
237.209 565.747 43.2954 8.28944 verrichten
283.022 565.747 15.6095 8.28944 van
301.149 565.747 39.2639 8.28944 diensten,
342.931 565.747 7.55562 8.28944 al
353.004 565.747 16.1078 8.28944 dan
371.63 565.747 16.1078 8.28944 niet
390.255 565.747 20.1302 8.28944 door
412.903 565.747 54.3479 8.28944 tussenkomst
469.768 565.747 15.6095 8.28944 van
487.896 565.747 15.6095 8.28944 een

221.102 576.406 79.0351 8.28944 betaaldienstagent,
302.655 576.406 8.0539 8.28944 in
313.227 576.406 44.8083 8.28944 Nederland
360.552 576.406 19.1337 8.28944 haar
382.204 576.406 36.7453 8.28944 diensten
421.467 576.406 15.6095 8.28944 aan
439.594 576.406 8.0539 8.28944 te
450.165 576.406 31.7173 8.28944 bieden,
484.4 576.406 46.3122 8.28944 beoordeelt

221.102 587.064 10.5724 8.28944 de
234.192 587.064 64.4402 8.28944 Nederlandsche
301.15 587.064 21.1449 8.28944 Bank
324.813 587.064 15.6095 8.28944 aan
342.94 587.064 10.5724 8.28944 de
356.03 587.064 21.6431 8.28944 hand
380.191 587.064 15.6095 8.28944 van
398.318 587.064 10.5724 8.28944 de
411.408 587.064 30.2044 8.28944 daarop
444.13 587.064 44.7992 8.28944 betrekking
491.447 587.064 42.788 8.28944 hebbende

221.102 597.723 41.2841 8.28944 gegevens
264.904 597.723 29.697 8.28944 binnen
297.119 597.723 15.6095 8.28944 een
315.246 597.723 29.697 8.28944 maand
347.461 597.723 10.5724 8.28944 na
360.551 597.723 42.779 8.28944 ontvangst
405.847 597.723 15.6095 8.28944 van
423.974 597.723 13.091 8.28944 die
439.583 597.723 41.2841 8.28944 gegevens
483.385 597.723 15.6095 8.28944 van
501.512 597.723 10.5724 8.28944 de

221.102 608.381 76.4984 8.28944 toezichthoudende
300.118 608.381 36.7453 8.28944 instantie
339.381 608.381 15.6095 8.28944 van
357.508 608.381 10.5724 8.28944 de
370.599 608.381 29.7061 8.28944 andere
402.822 608.381 31.21 8.28944 lidstaat
436.55 608.381 8.55217 8.28944 of
447.62 608.381 8.56123 8.28944 er
458.699 608.381 28.1932 8.28944 sprake
489.409 608.381 7.04829 8.28944 is
498.975 608.381 15.6095 8.28944 van

221.102 619.04 55.3717 8.28944 bedenkingen
278.992 619.04 24.1617 8.28944 tegen
305.671 619.04 37.7509 8.28944 toelating
345.939 619.04 11.0707 8.28944 op
359.528 619.04 10.5724 8.28944 de
372.618 619.04 54.3751 8.28944 Nederlandse
429.511 619.04 24.66 8.28944 markt
456.688 619.04 10.5724 8.28944 en
469.778 619.04 18.119 8.28944 stelt
490.415 619.04 9.0595 8.28944 zij
501.992 619.04 13.091 8.28944 die

221.102 629.698 36.7453 8.28944 instantie
260.365 629.698 34.7432 8.28944 daarvan
297.626 629.698 8.0539 8.28944 in
308.198 629.698 30.2044 8.28944 kennis,
340.92 629.698 16.6061 8.28944 met
360.043 629.698 24.1617 8.28944 name
386.723 629.698 26.6802 8.28944 indien
415.921 629.698 13.5892 8.28944 het
432.027 629.698 48.8307 8.28944 vermoeden
483.376 629.698 31.21 8.28944 bestaat
517.103 629.698 13.5893 8.28944 dat

221.102 640.357 16.6061 8.28944 met
240.226 640.357 10.5724 8.28944 de
253.316 640.357 60.3997 8.28944 voorgenomen
316.233 640.357 39.2639 8.28944 vestiging
358.015 640.357 15.6095 8.28944 van
376.142 640.357 13.5892 8.28944 het
392.249 640.357 43.2863 8.28944 bijkantoor
438.053 640.357 8.55217 8.28944 of
449.123 640.357 10.5724 8.28944 de
462.213 640.357 53.3605 8.28944 inschakeling
518.091 640.357 15.6095 8.28944 van

221.102 651.015 10.5724 8.28944 de
234.192 651.015 76.5165 8.28944 betaaldienstagent
313.227 651.015 8.0539 8.28944 in
323.798 651.015 21.6431 8.28944 strijd
347.959 651.015 25.1582 8.28944 wordt
375.635 651.015 45.3066 8.28944 gehandeld
423.459 651.015 16.6061 8.28944 met
442.583 651.015 40.7768 8.28944 wettelijke

221.102 661.674 59.3941 8.28944 voorschriften,
283.014 661.674 31.21 8.28944 gesteld
316.742 661.674 10.5724 8.28944 bij
329.832 661.674 8.55217 8.28944 of
340.902 661.674 41.2751 8.28944 krachtens
384.694 661.674 10.5724 8.28944 de
397.784 661.674 16.7791 8.28944 Wet
417.081 661.674 51.8385 8.28944 voorkoming
471.437 661.674 15.6095 8.28944 van
489.564 661.674 45.2975 8.28944 witwassen

221.102 672.332 10.5724 8.28944 en
234.191 672.332 47.8251 8.28944 financieren
284.533 672.332 15.6095 8.28944 van
302.66 672.332 47.3178 8.28944 terrorisme.

221.102 766.046 26.182 8.38004 Eerste
250.3 766.046 28.7032 8.38004 Kamer,
282.019 766.046 50.851 8.38004 vergaderjaar
335.886 766.046 47.8523 8.38004 2017–2018,
386.754 766.046 10.0742 8.38004 34
399.844 766.046 17.6298 8.38004 813,
420.49 766.046 6.04269 8.38004 A

534.953 766.046 5.03708 8.38004 6

230.162 64.804 7.55562 8.28944 4.
240.235 64.804 8.0539 8.28944 In
250.807 64.804 23.1651 8.28944 geval
276.489 64.804 15.6095 8.28944 van
294.617 64.804 13.5892 8.28944 het
310.724 64.804 49.329 8.28944 voornemen
362.57 64.804 14.0875 8.28944 om
379.175 64.804 36.7453 8.28944 diensten
418.438 64.804 15.6095 8.28944 aan
436.565 64.804 8.0539 8.28944 te
447.137 64.804 29.1988 8.28944 bieden
478.853 64.804 20.1302 8.28944 door

221.102 75.4625 54.3479 8.28944 tussenkomst
277.968 75.4625 15.6095 8.28944 van
296.095 75.4625 15.6095 8.28944 een
314.222 75.4625 76.5165 8.28944 betaaldienstagent
393.256 75.4625 13.091 8.28944 die
408.865 75.4625 14.5949 8.28944 zelf
425.978 75.4625 21.1449 8.28944 geen
449.64 75.4625 87.6054 8.28944 betaaldienstverlener

221.102 86.121 9.56683 8.28944 is,
233.186 86.121 7.04829 8.28944 is
242.751 86.121 11.0707 8.28944 op
256.338 86.121 10.5724 8.28944 de
269.428 86.121 76.5165 8.28944 betaaldienstagent
348.461 86.121 10.5724 8.28944 de
361.55 86.121 92.6243 8.28944 betrouwbaarheidseis,
456.691 86.121 34.7341 8.28944 bedoeld
493.942 86.121 8.0539 8.28944 in
504.513 86.121 26.182 8.28944 artikel

221.102 96.7795 15.1112 8.28944 3:9,
238.73 96.7795 15.6095 8.28944 van
256.857 96.7795 73.998 8.28944 overeenkomstige
333.371 96.7795 49.329 8.28944 toepassing.

230.162 107.438 7.55562 8.28944 5.
240.234 107.438 12.5836 8.28944 Op
255.335 107.438 32.7229 8.28944 verzoek
290.574 107.438 15.6095 8.28944 van
308.701 107.438 10.5724 8.28944 de
321.79 107.438 40.2604 8.28944 Autoriteit
364.567 107.438 43.3044 8.28944 Financiële
410.388 107.438 35.2324 8.28944 Markten
448.137 107.438 20.1302 8.28944 wijst
470.784 107.438 15.6095 8.28944 een
488.91 107.438 29.1988 8.28944 betaal-

221.102 118.097 61.4234 8.28944 dienstverlener
285.043 118.097 12.0854 8.28944 als
299.646 118.097 34.7341 8.28944 bedoeld
336.898 118.097 8.0539 8.28944 in
347.47 118.097 13.5892 8.28944 het
363.577 118.097 24.669 8.28944 derde
390.763 118.097 13.091 8.28944 lid,
406.372 118.097 68.9609 8.28944 overeenkomstig
477.85 118.097 26.182 8.28944 artikel
506.55 118.097 12.5927 8.28944 29,

221.102 128.755 23.6634 8.28944 vijfde
247.283 128.755 13.091 8.28944 lid,
262.89 128.755 15.6095 8.28944 van
281.016 128.755 10.5724 8.28944 de
294.106 128.755 32.2156 8.28944 richtlijn
328.838 128.755 62.9273 8.28944 betaaldiensten
394.282 128.755 15.6095 8.28944 een
412.408 128.755 34.2359 8.28944 centraal
449.161 128.755 50.8238 8.28944 contactpunt
502.501 128.755 18.1281 8.28944 aan.
523.146 128.755 14.5949 8.28944 Het

221.102 139.414 34.2359 8.28944 centraal
257.856 139.414 50.8238 8.28944 contactpunt
311.197 139.414 27.6858 8.28944 draagt
341.401 139.414 18.6173 8.28944 zorg
362.536 139.414 19.6319 8.28944 voor
384.685 139.414 13.5892 8.28944 het
400.792 139.414 47.3359 8.28944 aanleveren
450.646 139.414 15.6095 8.28944 van
468.773 139.414 10.5724 8.28944 de
481.863 139.414 20.1302 8.28944 door
504.511 139.414 10.5724 8.28944 de

221.102 150.072 40.2604 8.28944 Autoriteit
263.88 150.072 43.3044 8.28944 Financiële
309.702 150.072 35.2324 8.28944 Markten
347.453 150.072 41.2751 8.28944 verzochte
391.245 150.072 44.2919 8.28944 informatie
438.055 150.072 16.6061 8.28944 met
457.178 150.072 44.7992 8.28944 betrekking
504.495 150.072 11.569 8.28944 tot
518.582 150.072 10.5724 8.28944 de

221.102 160.731 36.7544 8.28944 naleving
260.374 160.731 15.6095 8.28944 van
278.502 160.731 10.5724 8.28944 de
291.592 160.731 10.5724 8.28944 bij
304.682 160.731 8.55217 8.28944 of
315.752 160.731 41.2751 8.28944 krachtens
359.544 160.731 13.5892 8.28944 het
375.651 160.731 18.1281 8.28944 deel
396.297 160.731 69.4592 8.28944 Gedragstoezicht
468.274 160.731 41.2841 8.28944 financiële

221.102 171.389 68.4536 8.28944 ondernemingen
292.073 171.389 36.2471 8.28944 gestelde
330.836 171.389 28.7005 8.28944 regels.

230.162 182.048 7.55562 8.28944 6.
240.235 182.048 16.1078 8.28944 Een
258.861 182.048 87.6054 8.28944 betaaldienstverlener
348.984 182.048 12.0854 8.28944 als
363.587 182.048 34.7341 8.28944 bedoeld
400.838 182.048 8.0539 8.28944 in
411.41 182.048 13.5892 8.28944 het
427.517 182.048 24.669 8.28944 derde
454.703 182.048 13.091 8.28944 lid,
470.312 182.048 35.2415 8.28944 overlegt
508.071 182.048 11.0707 8.28944 op

221.102 192.706 32.7229 8.28944 verzoek
256.343 192.706 15.6095 8.28944 van
274.47 192.706 10.5724 8.28944 de
287.56 192.706 40.2604 8.28944 Autoriteit
330.338 192.706 43.3044 8.28944 Financiële
376.16 192.706 35.2324 8.28944 Markten
413.91 192.706 15.6095 8.28944 een
432.037 192.706 39.7712 8.28944 periodiek
474.326 192.706 31.219 8.28944 verslag
508.063 192.706 19.1337 8.28944 over

221.102 203.365 10.5724 8.28944 de
234.192 203.365 8.0539 8.28944 in
244.764 203.365 44.8083 8.28944 Nederland
292.09 203.365 37.76 8.28944 verrichte
332.368 203.365 49.338 8.28944 activiteiten.
384.223 203.365 11.578 8.28944 De
398.319 203.365 40.2604 8.28944 Autoriteit
441.097 203.365 43.3044 8.28944 Financiële
486.919 203.365 35.2324 8.28944 Markten

221.102 214.023 35.2324 8.28944 gebruikt
258.852 214.023 13.5892 8.28944 het
274.959 214.023 31.219 8.28944 verslag
308.696 214.023 45.2975 8.28944 uitsluitend
356.511 214.023 19.6319 8.28944 voor
378.661 214.023 54.3661 8.28944 informatieve
435.544 214.023 10.5724 8.28944 en
448.634 214.023 47.816 8.28944 statistische

221.102 224.682 47.8251 8.28944 doeleinden
271.445 224.682 10.5724 8.28944 en
284.535 224.682 19.6319 8.28944 voor
306.685 224.682 10.5724 8.28944 de
319.775 224.682 48.8216 8.28944 uitoefening
371.114 224.682 15.6095 8.28944 van
389.241 224.682 13.5892 8.28944 het
405.348 224.682 33.2121 8.28944 toezicht
441.078 224.682 11.0707 8.28944 op
454.666 224.682 10.5724 8.28944 de
467.756 224.682 36.7544 8.28944 naleving
507.028 224.682 15.6095 8.28944 van
525.156 224.682 10.5724 8.28944 de

221.102 235.34 10.5724 8.28944 bij
234.192 235.34 8.55217 8.28944 of
245.262 235.34 41.2751 8.28944 krachtens
289.055 235.34 13.5892 8.28944 het
305.162 235.34 18.1281 8.28944 deel
325.808 235.34 69.4592 8.28944 Gedragstoezicht
397.784 235.34 41.2841 8.28944 financiële
441.586 235.34 68.4536 8.28944 ondernemingen

221.102 245.999 36.2471 8.28944 gestelde
259.866 245.999 28.7005 8.28944 regels.

221.102 267.315 7.04829 8.28944 N

230.162 288.631 8.0539 8.28944 In
240.733 288.631 26.182 8.28944 artikel
269.433 288.631 23.1651 8.28944 2:10b
295.116 288.631 27.6768 8.28944 wordt,
325.31 288.631 25.1673 8.28944 onder
352.995 288.631 63.9238 8.28944 vernummering
419.437 288.631 15.6095 8.28944 van
437.564 288.631 13.5892 8.28944 het
453.671 288.631 31.21 8.28944 tweede
487.398 288.631 11.569 8.28944 tot
501.485 288.631 10.5724 8.28944 en
514.575 288.631 16.6061 8.28944 met

221.102 299.289 13.5893 8.28944 het
237.208 299.289 26.6893 8.28944 vierde
266.414 299.289 10.5724 8.28944 lid
279.504 299.289 11.569 8.28944 tot
293.589 299.289 13.5892 8.28944 het
309.695 299.289 24.669 8.28944 derde
336.881 299.289 11.569 8.28944 tot
350.967 299.289 10.5724 8.28944 en
364.056 299.289 16.6061 8.28944 met
383.179 299.289 13.5892 8.28944 het
399.285 299.289 23.6634 8.28944 vijfde
425.465 299.289 13.091 8.28944 lid,
441.072 299.289 10.5724 8.28944 na
454.162 299.289 13.5892 8.28944 het
470.268 299.289 26.182 8.28944 eerste
498.966 299.289 10.5724 8.28944 lid
512.055 299.289 15.6095 8.28944 een

221.102 309.948 10.5724 8.28944 lid
234.192 309.948 47.8251 8.28944 ingevoegd,
284.533 309.948 39.7712 8.28944 luidende:

230.162 320.606 7.55562 8.28944 2.
240.235 320.606 62.42 8.28944 Onverminderd
305.173 320.606 13.5892 8.28944 het
321.28 320.606 39.2729 8.28944 bepaalde
363.07 320.606 8.0539 8.28944 in
373.642 320.606 13.5892 8.28944 het
389.749 320.606 26.182 8.28944 eerste
418.448 320.606 13.091 8.28944 lid,
434.057 320.606 34.7432 8.28944 verleent
471.318 320.606 10.5724 8.28944 de
484.408 320.606 28.8645 8.28944 Neder-

221.102 331.265 38.2583 8.28944 landsche
261.878 331.265 21.1449 8.28944 Bank
285.541 331.265 15.6095 8.28944 een
303.668 331.265 49.329 8.28944 vergunning
355.515 331.265 45.2975 8.28944 uitsluitend
403.33 331.265 26.6802 8.28944 indien
432.528 331.265 10.5724 8.28944 de
445.618 331.265 81.5446 8.28944 elektronischgeldin-

221.102 341.923 31.21 8.28944 stelling
254.83 341.923 38.2492 8.28944 aantoont
295.597 341.923 13.5892 8.28944 dat
311.704 341.923 9.0595 8.28944 zij
323.281 341.923 13.5892 8.28944 ten
339.388 341.923 29.1897 8.28944 minste
371.095 341.923 15.6095 8.28944 een
389.222 341.923 18.1281 8.28944 deel
409.868 341.923 15.6095 8.28944 van
427.995 341.923 19.1337 8.28944 haar
449.646 341.923 27.6858 8.28944 bedrijf
479.85 341.923 11.578 8.28944 zal
493.946 341.923 45.8048 8.28944 uitoefenen

221.102 352.582 8.0539 8.28944 in
231.673 352.582 47.3268 8.28944 Nederland.

221.102 373.898 7.04829 8.28944 O

230.162 395.214 27.6858 8.28944 Artikel
260.365 395.214 22.1595 8.28944 2:10c
285.043 395.214 21.6341 8.28944 komt
309.194 395.214 8.0539 8.28944 te
319.766 395.214 41.8005 8.28944 vervallen.

221.102 416.53 5.53535 8.28944 P

230.162 437.846 27.6858 8.28944 Artikel
260.364 437.846 27.704 8.28944 2:106a
290.585 437.846 21.6341 8.28944 komt
314.736 437.846 8.0539 8.28944 te
325.307 437.846 29.1988 8.28944 luiden:

221.102 459.162 33.2194 8.26226 Artikel
256.841 459.162 32.7365 8.26226 2:106a

230.162 480.478 7.55562 8.28944 1.
240.235 480.478 16.1078 8.28944 Een
258.861 480.478 65.4458 8.28944 betaalinstelling
326.824 480.478 13.091 8.28944 die
342.433 480.478 53.8587 8.28944 voornemens
398.809 480.478 7.04829 8.28944 is
408.375 480.478 26.6802 8.28944 vanuit
437.573 480.478 15.6095 8.28944 een
455.7 480.478 43.2863 8.28944 bijkantoor
501.504 480.478 8.0539 8.28944 in
512.075 480.478 15.6095 8.28944 een

221.102 491.137 29.7061 8.28944 andere
253.326 491.137 31.21 8.28944 lidstaat
287.054 491.137 8.55217 8.28944 of
298.124 491.137 20.1302 8.28944 door
320.771 491.137 29.697 8.28944 middel
352.986 491.137 15.6095 8.28944 van
371.113 491.137 13.5892 8.28944 het
387.22 491.137 43.2954 8.28944 verrichten
433.033 491.137 15.6095 8.28944 van
451.16 491.137 39.2639 8.28944 diensten,
492.942 491.137 7.55562 8.28944 al
503.015 491.137 16.1078 8.28944 dan
521.64 491.137 16.1078 8.28944 niet

221.102 501.795 20.1302 8.28944 door
243.75 501.795 54.3479 8.28944 tussenkomst
300.616 501.795 15.6095 8.28944 van
318.743 501.795 15.6095 8.28944 een
336.87 501.795 79.0351 8.28944 betaaldienstagent,
418.423 501.795 8.0539 8.28944 in
428.994 501.795 15.6095 8.28944 een
447.122 501.795 29.7061 8.28944 andere
479.345 501.795 31.21 8.28944 lidstaat
513.073 501.795 19.1337 8.28944 haar

221.102 512.454 36.7453 8.28944 diensten
260.365 512.454 15.6095 8.28944 aan
278.493 512.454 8.0539 8.28944 te
289.064 512.454 31.7173 8.28944 bieden,
323.299 512.454 18.119 8.28944 stelt
343.936 512.454 10.5724 8.28944 de
357.026 512.454 64.4402 8.28944 Nederlandsche
423.984 512.454 21.1449 8.28944 Bank
447.646 512.454 32.2246 8.28944 hiervan
482.388 512.454 8.0539 8.28944 in
492.96 512.454 30.2044 8.28944 kennis,

221.102 523.112 25.1673 8.28944 onder
248.787 523.112 31.7173 8.28944 opgave
283.022 523.112 15.6095 8.28944 van
301.149 523.112 10.5724 8.28944 bij
314.239 523.112 8.55217 8.28944 of
325.309 523.112 41.2751 8.28944 krachtens
369.102 523.112 42.2897 8.28944 algemene
413.909 523.112 43.2954 8.28944 maatregel
459.722 523.112 15.6095 8.28944 van
477.85 523.112 32.7139 8.28944 bestuur
513.081 523.112 8.0539 8.28944 te

221.102 533.771 34.2359 8.28944 bepalen
257.855 533.771 43.8027 8.28944 gegevens.

230.162 544.429 7.55562 8.28944 2.
240.235 544.429 11.578 8.28944 De
254.331 544.429 64.4402 8.28944 Nederlandsche
321.289 544.429 21.1449 8.28944 Bank
344.951 544.429 37.2527 8.28944 verstrekt
384.721 544.429 10.5724 8.28944 de
397.812 544.429 8.0539 8.28944 in
408.383 544.429 13.5892 8.28944 het
424.49 544.429 26.182 8.28944 eerste
453.19 544.429 10.5724 8.28944 lid
466.28 544.429 39.7712 8.28944 bedoelde

221.102 555.088 41.2841 8.28944 gegevens
264.903 555.088 29.697 8.28944 binnen
297.117 555.088 15.6095 8.28944 een
315.243 555.088 29.697 8.28944 maand
347.457 555.088 10.5724 8.28944 na
360.546 555.088 42.779 8.28944 ontvangst
405.842 555.088 15.6095 8.28944 aan
423.968 555.088 10.5724 8.28944 de
437.057 555.088 76.4984 8.28944 toezichthoudende

221.102 565.746 36.7453 8.28944 instantie
260.364 565.746 15.6095 8.28944 van
278.491 565.746 10.5724 8.28944 de
291.58 565.746 29.7061 8.28944 andere
323.803 565.746 33.7285 8.28944 lidstaat.

230.162 576.405 7.55562 8.28944 3.
240.235 576.405 11.578 8.28944 De
254.331 576.405 64.4402 8.28944 Nederlandsche
321.289 576.405 21.1449 8.28944 Bank
344.951 576.405 18.6263 8.28944 gaat
366.095 576.405 19.1337 8.28944 over
387.746 576.405 11.569 8.28944 tot
401.833 576.405 49.8363 8.28944 inschrijving
454.187 576.405 15.6095 8.28944 van
472.314 576.405 13.5892 8.28944 het
488.421 576.405 43.2863 8.28944 bijkantoor

221.102 587.063 8.55217 8.28944 of
232.172 587.063 10.5724 8.28944 de
245.262 587.063 76.5165 8.28944 betaaldienstagent
324.296 587.063 8.0539 8.28944 in
334.868 587.063 13.5892 8.28944 het
350.975 587.063 34.5729 8.28944 register,
388.065 587.063 34.7341 8.28944 bedoeld
425.317 587.063 8.0539 8.28944 in
435.889 587.063 26.182 8.28944 artikel
464.588 587.063 25.1854 8.28944 1:107,
492.291 587.063 22.6488 8.28944 tenzij
517.458 587.063 10.5724 8.28944 de

221.102 597.722 76.4984 8.28944 toezichthoudende
300.118 597.722 36.7453 8.28944 instantie
339.381 597.722 15.6095 8.28944 van
357.509 597.722 10.5724 8.28944 de
370.599 597.722 29.7061 8.28944 andere
402.822 597.722 31.21 8.28944 lidstaat
436.55 597.722 15.6095 8.28944 aan
454.677 597.722 10.5724 8.28944 de
467.767 597.722 64.4402 8.28944 Nederlandsche

221.102 608.38 21.1449 8.28944 Bank
244.765 608.38 21.6431 8.28944 heeft
268.926 608.38 52.8622 8.28944 meegedeeld
324.306 608.38 13.5892 8.28944 dat
340.412 608.38 9.0595 8.28944 zij
351.99 608.38 13.5892 8.28944 het
368.096 608.38 48.8307 8.28944 vermoeden
419.445 608.38 21.6431 8.28944 heeft
443.606 608.38 13.5892 8.28944 dat
459.712 608.38 16.6061 8.28944 met
478.836 608.38 10.5724 8.28944 de
491.926 608.38 33.2212 8.28944 voorge-

221.102 619.039 30.1953 8.28944 nomen
253.815 619.039 39.2639 8.28944 vestiging
295.597 619.039 15.6095 8.28944 van
313.724 619.039 13.5892 8.28944 het
329.831 619.039 43.2863 8.28944 bijkantoor
375.635 619.039 8.55217 8.28944 of
386.705 619.039 20.1302 8.28944 door
409.352 619.039 10.5724 8.28944 de
422.443 619.039 53.3605 8.28944 inschakeling
478.321 619.039 15.6095 8.28944 van
496.448 619.039 10.5724 8.28944 de

221.102 629.697 76.5165 8.28944 betaaldienstagent
300.137 629.697 36.7453 8.28944 mogelijk
339.4 629.697 8.0539 8.28944 in
349.971 629.697 21.6431 8.28944 strijd
374.132 629.697 11.578 8.28944 zal
388.228 629.697 32.7139 8.28944 worden
423.459 629.697 45.3066 8.28944 gehandeld
471.283 629.697 16.6061 8.28944 met
490.407 629.697 13.5892 8.28944 het
506.514 629.697 24.1617 8.28944 recht,

221.102 640.356 46.3122 8.28944 waaronder
269.932 640.356 40.7768 8.28944 wettelijke
313.227 640.356 56.8755 8.28944 voorschriften
372.62 640.356 49.329 8.28944 betreffende
424.466 640.356 13.5892 8.28944 het
440.573 640.356 45.2975 8.28944 witwassen
488.388 640.356 15.6095 8.28944 van
506.516 640.356 18.6263 8.28944 geld
527.66 640.356 8.55217 8.28944 of

221.102 651.014 10.5724 8.28944 de
234.192 651.014 50.8419 8.28944 financiering
287.552 651.014 15.6095 8.28944 van
305.679 651.014 44.7992 8.28944 terrorisme
352.996 651.014 8.0539 8.28944 in
363.568 651.014 10.5724 8.28944 de
376.658 651.014 12.0763 8.28944 zin
391.252 651.014 15.6095 8.28944 van
409.379 651.014 34.7341 8.28944 Richtlijn
446.63 651.014 18.6173 8.28944 (EU)
467.765 651.014 37.7781 8.28944 2015/849
508.061 651.014 15.6095 8.28944 van
526.188 651.014 13.5893 8.28944 het

221.102 661.673 40.2695 8.28944 Europees
263.89 661.673 43.7936 8.28944 Parlement
310.201 661.673 10.5724 8.28944 en
323.291 661.673 10.5724 8.28944 de
336.381 661.673 21.6522 8.28944 Raad
360.551 661.673 15.6095 8.28944 van
378.678 661.673 10.0742 8.28944 20
391.27 661.673 16.1078 8.28944 mei
409.895 661.673 20.1483 8.28944 2015
432.561 661.673 26.6802 8.28944 inzake
461.759 661.673 10.5724 8.28944 de
474.849 661.673 51.8385 8.28944 voorkoming

221.102 672.331 15.6095 8.28944 van
239.23 672.331 13.5893 8.28944 het
255.336 672.331 32.2156 8.28944 gebruik
290.07 672.331 15.6095 8.28944 van
308.197 672.331 13.5892 8.28944 het
324.304 672.331 41.2841 8.28944 financiële
368.105 672.331 27.1876 8.28944 stelsel
397.811 672.331 19.6319 8.28944 voor
419.96 672.331 13.5892 8.28944 het
436.067 672.331 45.2975 8.28944 witwassen
483.882 672.331 15.6095 8.28944 van
502.009 672.331 18.6263 8.28944 geld
523.153 672.331 8.55217 8.28944 of

221.102 682.99 98.1597 8.28944 terrorismefinanciering,
321.78 682.99 11.569 8.28944 tot
335.866 682.99 38.2492 8.28944 wijziging
376.633 682.99 15.6095 8.28944 van
394.76 682.99 52.729 8.28944 Verordening
450.007 682.99 18.6173 8.28944 (EU)
471.142 682.99 10.9094 8.28944 nr.
484.569 682.99 37.7781 8.28944 648/2012

221.102 693.648 15.6095 8.28944 van
239.23 693.648 13.5893 8.28944 het
255.336 693.648 40.2695 8.28944 Europees
298.124 693.648 43.7936 8.28944 Parlement
344.435 693.648 10.5724 8.28944 en
357.525 693.648 10.5724 8.28944 de
370.615 693.648 21.6522 8.28944 Raad
394.785 693.648 10.5724 8.28944 en
407.875 693.648 11.569 8.28944 tot
421.961 693.648 42.2807 8.28944 intrekking
466.76 693.648 15.6095 8.28944 van
484.887 693.648 34.7341 8.28944 Richtlijn

221.102 766.046 26.182 8.38004 Eerste
250.3 766.046 28.7032 8.38004 Kamer,
282.019 766.046 50.851 8.38004 vergaderjaar
335.886 766.046 47.8523 8.38004 2017–2018,
386.754 766.046 10.0742 8.38004 34
399.844 766.046 17.6298 8.38004 813,
420.49 766.046 6.04269 8.38004 A

534.953 766.046 5.03708 8.38004 7

221.102 64.804 47.8432 8.28944 2005/60/EG
271.463 64.804 15.6095 8.28944 van
289.59 64.804 13.5892 8.28944 het
305.697 64.804 40.2695 8.28944 Europees
348.484 64.804 43.7936 8.28944 Parlement
394.796 64.804 10.5724 8.28944 en
407.886 64.804 10.5724 8.28944 de
420.976 64.804 21.6522 8.28944 Raad
445.146 64.804 10.5724 8.28944 en
458.236 64.804 34.7341 8.28944 Richtlijn

221.102 75.4625 47.8432 8.28944 2006/70/EG
271.463 75.4625 15.6095 8.28944 van
289.59 75.4625 10.5724 8.28944 de
302.68 75.4625 47.816 8.28944 Commissie
353.014 75.4625 26.6712 8.28944 (PbEU
382.203 75.4625 22.6669 8.28944 2015,
407.387 75.4625 5.03708 8.28944 L
414.942 75.4625 20.6466 8.28944 141).
438.106 75.4625 26.6802 8.28944 Indien
467.304 75.4625 49.8363 8.28944 inschrijving

221.102 86.121 23.6634 8.28944 reeds
247.283 86.121 21.6431 8.28944 heeft
271.444 86.121 70.9812 8.28944 plaatsgevonden,
344.943 86.121 21.1449 8.28944 haalt
368.605 86.121 10.5724 8.28944 de
381.696 86.121 64.4402 8.28944 Nederlandsche
448.653 86.121 21.1449 8.28944 Bank
472.316 86.121 19.6319 8.28944 deze
494.465 86.121 21.9802 8.28944 door.

230.162 96.7795 7.55562 8.28944 4.
240.235 96.7795 11.578 8.28944 De
254.331 96.7795 64.4402 8.28944 Nederlandsche
321.289 96.7795 21.1449 8.28944 Bank
344.951 96.7795 27.6858 8.28944 beslist
375.155 96.7795 11.0707 8.28944 op
388.743 96.7795 10.5724 8.28944 de
401.833 96.7795 39.7803 8.28944 aanvraag
444.131 96.7795 29.697 8.28944 binnen
476.346 96.7795 16.6151 8.28944 drie
495.478 96.7795 40.2695 8.28944 maanden

221.102 107.438 10.5724 8.28944 na
234.191 107.438 45.2975 8.28944 ontvangst,
282.006 107.438 11.0707 8.28944 of,
295.593 107.438 26.6802 8.28944 indien
324.79 107.438 10.5724 8.28944 de
337.879 107.438 39.7803 8.28944 aanvraag
380.176 107.438 45.3066 8.28944 onvolledig
428 107.438 9.56683 8.28944 is,
440.083 107.438 29.697 8.28944 binnen
472.297 107.438 16.6151 8.28944 drie
491.429 107.438 40.2695 8.28944 maanden

221.102 118.097 10.5724 8.28944 na
234.192 118.097 42.779 8.28944 ontvangst
279.489 118.097 15.6095 8.28944 van
297.616 118.097 15.1112 8.28944 alle
315.245 118.097 45.8048 8.28944 benodigde
363.567 118.097 43.8027 8.28944 gegevens.
409.888 118.097 11.578 8.28944 De
423.983 118.097 76.5165 8.28944 betaaldienstagent
503.018 118.097 8.55217 8.28944 of
514.087 118.097 13.5893 8.28944 het

221.102 128.755 43.2863 8.28944 bijkantoor
266.906 128.755 34.7432 8.28944 verleent
304.167 128.755 21.1449 8.28944 geen
327.83 128.755 62.9273 8.28944 betaaldiensten
393.274 128.755 16.1078 8.28944 dan
411.9 128.755 24.1617 8.28944 nadat
438.579 128.755 10.5724 8.28944 de
451.669 128.755 49.8363 8.28944 inschrijving
504.023 128.755 8.0539 8.28944 in
514.595 128.755 13.5893 8.28944 het

221.102 139.414 32.7229 8.28944 register
256.343 139.414 7.04829 8.28944 is
265.909 139.414 35.2324 8.28944 voltooid
303.659 139.414 10.5724 8.28944 en
316.749 139.414 10.5724 8.28944 de
329.839 139.414 64.4402 8.28944 Nederlandsche
396.797 139.414 21.1449 8.28944 Bank
420.459 139.414 7.04829 8.28944 is
430.025 139.414 58.3885 8.28944 geïnformeerd
490.931 139.414 19.1337 8.28944 over
512.583 139.414 10.5724 8.28944 de

221.102 150.072 60.3997 8.28944 voorgenomen
284.02 150.072 27.6768 8.28944 datum
314.214 150.072 15.6095 8.28944 van
332.341 150.072 36.7544 8.28944 aanvang
371.613 150.072 15.6095 8.28944 van
389.74 150.072 10.5724 8.28944 de
402.83 150.072 68.97 8.28944 dienstverlening.

230.162 160.731 7.55562 8.28944 5.
240.235 160.731 14.5949 8.28944 Het
257.348 160.731 26.182 8.28944 eerste
286.047 160.731 11.569 8.28944 tot
300.134 160.731 10.5724 8.28944 en
313.224 160.731 16.6061 8.28944 met
332.348 160.731 13.5892 8.28944 het
348.454 160.731 26.6893 8.28944 vierde
377.661 160.731 10.5724 8.28944 lid
390.751 160.731 14.5949 8.28944 zijn
407.864 160.731 15.6095 8.28944 van
425.991 160.731 73.998 8.28944 overeenkomstige

221.102 171.389 46.8104 8.28944 toepassing
270.429 171.389 8.0539 8.28944 in
281 171.389 23.1651 8.28944 geval
306.682 171.389 15.6095 8.28944 van
324.808 171.389 15.6095 8.28944 een
342.934 171.389 38.2492 8.28944 wijziging
383.7 171.389 15.6095 8.28944 van
401.827 171.389 10.5724 8.28944 de
414.916 171.389 8.0539 8.28944 in
425.486 171.389 13.5892 8.28944 het
441.592 171.389 26.182 8.28944 eerste
470.291 171.389 10.5724 8.28944 lid
483.38 171.389 39.7712 8.28944 bedoelde

221.102 182.048 43.8027 8.28944 gegevens.
267.423 182.048 16.1078 8.28944 Een
286.048 182.048 38.2492 8.28944 wijziging
326.815 182.048 15.6095 8.28944 van
344.942 182.048 10.5724 8.28944 de
358.032 182.048 8.0539 8.28944 in
368.604 182.048 13.5892 8.28944 het
384.711 182.048 26.182 8.28944 eerste
413.41 182.048 10.5724 8.28944 lid
426.5 182.048 39.7712 8.28944 bedoelde
468.789 182.048 41.2841 8.28944 gegevens
512.591 182.048 21.6431 8.28944 dient

221.102 192.706 45.3066 8.28944 onverwijld
268.926 192.706 15.6095 8.28944 aan
287.052 192.706 10.5724 8.28944 de
300.141 192.706 76.4984 8.28944 toezichthoudende
379.156 192.706 36.7453 8.28944 instantie
418.418 192.706 15.6095 8.28944 van
436.544 192.706 10.5724 8.28944 de
449.634 192.706 29.7061 8.28944 andere
481.856 192.706 31.21 8.28944 lidstaat
515.583 192.706 8.0539 8.28944 te

221.102 203.365 32.7139 8.28944 worden
256.333 203.365 34.7341 8.28944 gemeld.

221.102 224.681 7.04829 8.28944 Q

230.162 245.997 27.6858 8.28944 Artikel
260.364 245.997 27.704 8.28944 2:107a
290.585 245.997 21.6341 8.28944 komt
314.736 245.997 8.0539 8.28944 te
325.306 245.997 29.1988 8.28944 luiden:

221.102 267.313 33.2194 8.26226 Artikel
256.841 267.313 32.7365 8.26226 2:107a

230.162 288.629 7.55562 8.28944 1.
240.234 288.629 16.1078 8.28944 Een
258.859 288.629 109.738 8.28944 elektronischgeldinstelling
371.113 288.629 13.091 8.28944 die
386.721 288.629 53.8587 8.28944 voornemens
443.096 288.629 7.04829 8.28944 is
452.661 288.629 26.6802 8.28944 vanuit
481.858 288.629 15.6095 8.28944 een

221.102 299.287 43.2863 8.28944 bijkantoor
266.906 299.287 8.0539 8.28944 in
277.478 299.287 15.6095 8.28944 een
295.605 299.287 29.7061 8.28944 andere
327.829 299.287 31.21 8.28944 lidstaat
361.556 299.287 8.55217 8.28944 of
372.626 299.287 20.1302 8.28944 door
395.274 299.287 29.697 8.28944 middel
427.489 299.287 15.6095 8.28944 van
445.616 299.287 13.5892 8.28944 het
461.723 299.287 43.2954 8.28944 verrichten
507.536 299.287 15.6095 8.28944 van

221.102 309.946 39.2639 8.28944 diensten,
262.884 309.946 7.55562 8.28944 al
272.957 309.946 16.1078 8.28944 dan
291.582 309.946 16.1078 8.28944 niet
310.208 309.946 20.1302 8.28944 door
332.856 309.946 54.3479 8.28944 tussenkomst
389.721 309.946 15.6095 8.28944 van
407.848 309.946 15.6095 8.28944 een
425.976 309.946 79.0351 8.28944 betaaldienstagent,
507.528 309.946 8.0539 8.28944 in
518.1 309.946 15.6095 8.28944 een

221.102 320.604 29.7061 8.28944 andere
253.326 320.604 31.21 8.28944 lidstaat
287.054 320.604 19.1337 8.28944 haar
308.705 320.604 27.6858 8.28944 bedrijf
338.908 320.604 11.0707 8.28944 uit
352.497 320.604 8.0539 8.28944 te
363.068 320.604 37.2527 8.28944 oefenen,
402.839 320.604 18.119 8.28944 stelt
423.475 320.604 10.5724 8.28944 de
436.565 320.604 64.4402 8.28944 Nederlandsche
503.523 320.604 21.1449 8.28944 Bank

221.102 331.263 32.2246 8.28944 hiervan
255.845 331.263 8.0539 8.28944 in
266.416 331.263 30.2044 8.28944 kennis,
299.138 331.263 25.1673 8.28944 onder
326.823 331.263 31.7173 8.28944 opgave
361.058 331.263 15.6095 8.28944 van
379.185 331.263 10.5724 8.28944 bij
392.275 331.263 8.55217 8.28944 of
403.345 331.263 41.2751 8.28944 krachtens
447.138 331.263 42.2897 8.28944 algemene
491.945 331.263 43.2954 8.28944 maatregel

221.102 341.921 15.6095 8.28944 van
239.229 341.921 32.7139 8.28944 bestuur
274.459 341.921 8.0539 8.28944 te
285.03 341.921 34.2359 8.28944 bepalen
321.782 341.921 43.8027 8.28944 gegevens.

230.162 352.58 7.55562 8.28944 2.
240.235 352.58 11.578 8.28944 De
254.331 352.58 64.4402 8.28944 Nederlandsche
321.289 352.58 21.1449 8.28944 Bank
344.951 352.58 37.2527 8.28944 verstrekt
384.721 352.58 10.5724 8.28944 de
397.811 352.58 8.0539 8.28944 in
408.383 352.58 13.5892 8.28944 het
424.49 352.58 26.182 8.28944 eerste
453.189 352.58 10.5724 8.28944 lid
466.28 352.58 39.7712 8.28944 bedoelde

221.102 363.238 41.2841 8.28944 gegevens
264.903 363.238 29.697 8.28944 binnen
297.117 363.238 15.6095 8.28944 een
315.243 363.238 29.697 8.28944 maand
347.457 363.238 10.5724 8.28944 na
360.546 363.238 42.779 8.28944 ontvangst
405.842 363.238 15.6095 8.28944 aan
423.968 363.238 10.5724 8.28944 de
437.057 363.238 76.4984 8.28944 toezichthoudende

221.102 373.897 36.7453 8.28944 instantie
260.364 373.897 15.6095 8.28944 van
278.491 373.897 10.5724 8.28944 de
291.58 373.897 29.7061 8.28944 andere
323.803 373.897 33.7285 8.28944 lidstaat.

230.162 384.555 7.55562 8.28944 3.
240.235 384.555 11.578 8.28944 De
254.331 384.555 64.4402 8.28944 Nederlandsche
321.289 384.555 21.1449 8.28944 Bank
344.951 384.555 18.6263 8.28944 gaat
366.095 384.555 19.1337 8.28944 over
387.746 384.555 11.569 8.28944 tot
401.833 384.555 49.8363 8.28944 inschrijving
454.187 384.555 15.6095 8.28944 van
472.314 384.555 13.5892 8.28944 het
488.421 384.555 43.2863 8.28944 bijkantoor

221.102 395.214 8.55217 8.28944 of
232.172 395.214 10.5724 8.28944 de
245.262 395.214 76.5165 8.28944 betaaldienstagent
324.296 395.214 8.0539 8.28944 in
334.868 395.214 13.5892 8.28944 het
350.975 395.214 34.5729 8.28944 register,
388.065 395.214 34.7341 8.28944 bedoeld
425.317 395.214 8.0539 8.28944 in
435.889 395.214 26.182 8.28944 artikel
464.588 395.214 25.1854 8.28944 1:107,
492.291 395.214 22.6488 8.28944 tenzij
517.458 395.214 10.5724 8.28944 de

221.102 405.872 76.4984 8.28944 toezichthoudende
300.118 405.872 36.7453 8.28944 instantie
339.381 405.872 15.6095 8.28944 van
357.508 405.872 10.5724 8.28944 de
370.599 405.872 29.7061 8.28944 andere
402.822 405.872 31.21 8.28944 lidstaat
436.55 405.872 15.6095 8.28944 aan
454.677 405.872 10.5724 8.28944 de
467.767 405.872 64.4402 8.28944 Nederlandsche

221.102 416.531 21.1449 8.28944 Bank
244.765 416.531 21.6431 8.28944 heeft
268.926 416.531 52.8622 8.28944 meegedeeld
324.305 416.531 13.5892 8.28944 dat
340.412 416.531 9.0595 8.28944 zij
351.989 416.531 13.5892 8.28944 het
368.096 416.531 48.8307 8.28944 vermoeden
419.445 416.531 21.6431 8.28944 heeft
443.605 416.531 13.5892 8.28944 dat
459.712 416.531 16.6061 8.28944 met
478.836 416.531 10.5724 8.28944 de
491.926 416.531 33.2212 8.28944 voorge-

221.102 427.189 30.1953 8.28944 nomen
253.815 427.189 39.2639 8.28944 vestiging
295.597 427.189 15.6095 8.28944 van
313.724 427.189 13.5892 8.28944 het
329.831 427.189 43.2863 8.28944 bijkantoor
375.635 427.189 8.55217 8.28944 of
386.705 427.189 20.1302 8.28944 door
409.352 427.189 10.5724 8.28944 de
422.442 427.189 53.3605 8.28944 inschakeling
478.321 427.189 15.6095 8.28944 van
496.448 427.189 10.5724 8.28944 de

221.102 437.848 76.5165 8.28944 betaaldienstagent
300.136 437.848 36.7453 8.28944 mogelijk
339.399 437.848 8.0539 8.28944 in
349.971 437.848 21.6431 8.28944 strijd
374.132 437.848 11.578 8.28944 zal
388.227 437.848 32.7139 8.28944 worden
423.459 437.848 45.3066 8.28944 gehandeld
471.283 437.848 16.6061 8.28944 met
490.407 437.848 13.5892 8.28944 het
506.514 437.848 24.1617 8.28944 recht,

221.102 448.506 46.3122 8.28944 waaronder
269.932 448.506 40.7768 8.28944 wettelijke
313.227 448.506 56.8755 8.28944 voorschriften
372.62 448.506 49.329 8.28944 betreffende
424.466 448.506 13.5892 8.28944 het
440.573 448.506 45.2975 8.28944 witwassen
488.388 448.506 15.6095 8.28944 van
506.516 448.506 18.6263 8.28944 geld
527.659 448.506 8.55217 8.28944 of

221.102 459.165 10.5724 8.28944 de
234.192 459.165 50.8419 8.28944 financiering
287.552 459.165 15.6095 8.28944 van
305.679 459.165 44.7992 8.28944 terrorisme
352.996 459.165 8.0539 8.28944 in
363.567 459.165 10.5724 8.28944 de
376.658 459.165 12.0763 8.28944 zin
391.251 459.165 15.6095 8.28944 van
409.379 459.165 34.7341 8.28944 Richtlijn
446.63 459.165 18.6173 8.28944 (EU)
467.765 459.165 37.7781 8.28944 2015/849
508.061 459.165 15.6095 8.28944 van
526.188 459.165 13.5893 8.28944 het

221.102 469.823 40.2695 8.28944 Europees
263.889 469.823 43.7936 8.28944 Parlement
310.201 469.823 10.5724 8.28944 en
323.291 469.823 10.5724 8.28944 de
336.381 469.823 21.6522 8.28944 Raad
360.551 469.823 15.6095 8.28944 van
378.678 469.823 10.0742 8.28944 20
391.27 469.823 16.1078 8.28944 mei
409.895 469.823 20.1483 8.28944 2015
432.561 469.823 26.6802 8.28944 inzake
461.759 469.823 10.5724 8.28944 de
474.849 469.823 51.8385 8.28944 voorkoming

221.102 480.482 15.6095 8.28944 van
239.229 480.482 13.5893 8.28944 het
255.336 480.482 32.2156 8.28944 gebruik
290.07 480.482 15.6095 8.28944 van
308.197 480.482 13.5892 8.28944 het
324.304 480.482 41.2841 8.28944 financiële
368.105 480.482 27.1876 8.28944 stelsel
397.811 480.482 19.6319 8.28944 voor
419.96 480.482 13.5892 8.28944 het
436.067 480.482 45.2975 8.28944 witwassen
483.882 480.482 15.6095 8.28944 van
502.009 480.482 18.6263 8.28944 geld
523.153 480.482 8.55217 8.28944 of

221.102 491.14 98.1597 8.28944 terrorismefinanciering,
321.78 491.14 11.569 8.28944 tot
335.866 491.14 38.2492 8.28944 wijziging
376.633 491.14 15.6095 8.28944 van
394.76 491.14 52.729 8.28944 Verordening
450.007 491.14 18.6173 8.28944 (EU)
471.142 491.14 10.9094 8.28944 nr.
484.569 491.14 37.7781 8.28944 648/2012

221.102 501.799 15.6095 8.28944 van
239.229 501.799 13.5893 8.28944 het
255.336 501.799 40.2695 8.28944 Europees
298.123 501.799 43.7936 8.28944 Parlement
344.435 501.799 10.5724 8.28944 en
357.525 501.799 10.5724 8.28944 de
370.615 501.799 21.6522 8.28944 Raad
394.785 501.799 10.5724 8.28944 en
407.875 501.799 11.569 8.28944 tot
421.961 501.799 42.2807 8.28944 intrekking
466.76 501.799 15.6095 8.28944 van
484.887 501.799 34.7341 8.28944 Richtlijn

221.102 512.457 47.8432 8.28944 2005/60/EG
271.463 512.457 15.6095 8.28944 van
289.59 512.457 13.5892 8.28944 het
305.697 512.457 40.2695 8.28944 Europees
348.484 512.457 43.7936 8.28944 Parlement
394.796 512.457 10.5724 8.28944 en
407.886 512.457 10.5724 8.28944 de
420.976 512.457 21.6522 8.28944 Raad
445.146 512.457 10.5724 8.28944 en
458.236 512.457 34.7341 8.28944 Richtlijn

221.102 523.116 47.8432 8.28944 2006/70/EG
271.463 523.116 15.6095 8.28944 van
289.59 523.116 10.5724 8.28944 de
302.68 523.116 47.816 8.28944 Commissie
353.014 523.116 26.6712 8.28944 (PbEU
382.203 523.116 22.6669 8.28944 2015,
407.387 523.116 5.03708 8.28944 L
414.942 523.116 20.6466 8.28944 141).
438.106 523.116 26.6802 8.28944 Indien
467.304 523.116 49.8363 8.28944 inschrijving

221.102 533.774 23.6634 8.28944 reeds
247.283 533.774 21.6431 8.28944 heeft
271.444 533.774 70.9812 8.28944 plaatsgevonden,
344.943 533.774 21.1449 8.28944 haalt
368.605 533.774 10.5724 8.28944 de
381.696 533.774 64.4402 8.28944 Nederlandsche
448.653 533.774 21.1449 8.28944 Bank
472.316 533.774 19.6319 8.28944 deze
494.465 533.774 21.9802 8.28944 door.

230.162 544.433 7.55562 8.28944 4.
240.235 544.433 11.578 8.28944 De
254.331 544.433 64.4402 8.28944 Nederlandsche
321.289 544.433 21.1449 8.28944 Bank
344.951 544.433 27.6858 8.28944 beslist
375.155 544.433 11.0707 8.28944 op
388.743 544.433 10.5724 8.28944 de
401.833 544.433 39.7803 8.28944 aanvraag
444.131 544.433 29.697 8.28944 binnen
476.346 544.433 16.6151 8.28944 drie
495.478 544.433 40.2695 8.28944 maanden

221.102 555.091 10.5724 8.28944 na
234.191 555.091 45.2975 8.28944 ontvangst,
282.006 555.091 11.0707 8.28944 of,
295.593 555.091 26.6802 8.28944 indien
324.79 555.091 10.5724 8.28944 de
337.879 555.091 39.7803 8.28944 aanvraag
380.176 555.091 45.3066 8.28944 onvolledig
428 555.091 9.56683 8.28944 is,
440.083 555.091 29.697 8.28944 binnen
472.297 555.091 16.6151 8.28944 drie
491.429 555.091 40.2695 8.28944 maanden

221.102 565.75 10.5724 8.28944 na
234.192 565.75 42.779 8.28944 ontvangst
279.489 565.75 15.6095 8.28944 van
297.616 565.75 15.1112 8.28944 alle
315.245 565.75 45.8048 8.28944 benodigde
363.567 565.75 43.8027 8.28944 gegevens.
409.888 565.75 11.578 8.28944 De
423.983 565.75 76.5165 8.28944 betaaldienstagent
503.018 565.75 8.55217 8.28944 of
514.087 565.75 13.5893 8.28944 het

221.102 576.408 43.2863 8.28944 bijkantoor
266.906 576.408 34.7432 8.28944 verleent
304.167 576.408 21.1449 8.28944 geen
327.83 576.408 62.9273 8.28944 betaaldiensten
393.274 576.408 16.1078 8.28944 dan
411.9 576.408 24.1617 8.28944 nadat
438.579 576.408 10.5724 8.28944 de
451.669 576.408 49.8363 8.28944 inschrijving
504.023 576.408 8.0539 8.28944 in
514.595 576.408 13.5893 8.28944 het

221.102 587.067 32.7229 8.28944 register
256.343 587.067 7.04829 8.28944 is
265.909 587.067 35.2324 8.28944 voltooid
303.659 587.067 10.5724 8.28944 en
316.749 587.067 10.5724 8.28944 de
329.839 587.067 64.4402 8.28944 Nederlandsche
396.797 587.067 21.1449 8.28944 Bank
420.459 587.067 7.04829 8.28944 is
430.025 587.067 58.3885 8.28944 geïnformeerd
490.931 587.067 19.1337 8.28944 over
512.583 587.067 10.5724 8.28944 de

221.102 597.725 60.3997 8.28944 voorgenomen
284.02 597.725 27.6768 8.28944 datum
314.214 597.725 15.6095 8.28944 van
332.341 597.725 36.7544 8.28944 aanvang
371.613 597.725 15.6095 8.28944 van
389.74 597.725 10.5724 8.28944 de
402.83 597.725 68.97 8.28944 dienstverlening.

230.162 608.384 7.55562 8.28944 5.
240.235 608.384 14.5949 8.28944 Het
257.348 608.384 26.182 8.28944 eerste
286.047 608.384 11.569 8.28944 tot
300.134 608.384 10.5724 8.28944 en
313.224 608.384 16.6061 8.28944 met
332.348 608.384 13.5892 8.28944 het
348.454 608.384 26.6893 8.28944 vierde
377.661 608.384 10.5724 8.28944 lid
390.751 608.384 14.5949 8.28944 zijn
407.864 608.384 15.6095 8.28944 van
425.991 608.384 73.998 8.28944 overeenkomstige

221.102 619.042 46.8104 8.28944 toepassing
270.429 619.042 8.0539 8.28944 in
281 619.042 23.1651 8.28944 geval
306.682 619.042 15.6095 8.28944 van
324.808 619.042 15.6095 8.28944 een
342.934 619.042 38.2492 8.28944 wijziging
383.7 619.042 15.6095 8.28944 van
401.827 619.042 10.5724 8.28944 de
414.916 619.042 8.0539 8.28944 in
425.486 619.042 13.5892 8.28944 het
441.592 619.042 26.182 8.28944 eerste
470.291 619.042 10.5724 8.28944 lid
483.38 619.042 39.7712 8.28944 bedoelde

221.102 629.701 43.8027 8.28944 gegevens.

221.102 651.017 6.04269 8.28944 R

230.162 672.333 17.1134 8.28944 Aan
249.793 672.333 26.182 8.28944 artikel
278.492 672.333 17.6298 8.28944 3:17
298.64 672.333 32.7139 8.28944 worden
333.871 672.333 20.6375 8.28944 twee
357.027 672.333 23.6634 8.28944 leden
383.208 672.333 53.3605 8.28944 toegevoegd,
439.086 672.333 39.7712 8.28944 luidende:

221.102 766.046 26.182 8.38004 Eerste
250.3 766.046 28.7032 8.38004 Kamer,
282.019 766.046 50.851 8.38004 vergaderjaar
335.886 766.046 47.8523 8.38004 2017–2018,
386.754 766.046 10.0742 8.38004 34
399.844 766.046 17.6298 8.38004 813,
420.49 766.046 6.04269 8.38004 A

534.953 766.046 5.03708 8.38004 8

230.162 64.804 7.55562 8.28944 7.
240.234 64.804 11.0798 8.28944 Bij
253.831 64.804 8.55217 8.28944 of
264.9 64.804 41.2751 8.28944 krachtens
308.691 64.804 42.2897 8.28944 algemene
353.498 64.804 43.2954 8.28944 maatregel
399.31 64.804 15.6095 8.28944 van
417.436 64.804 32.7139 8.28944 bestuur
452.667 64.804 32.7139 8.28944 worden
487.897 64.804 26.182 8.28944 regels

221.102 75.4625 31.21 8.28944 gesteld
254.83 75.4625 16.6061 8.28944 met
273.954 75.4625 44.7992 8.28944 betrekking
321.271 75.4625 11.569 8.28944 tot
335.357 75.4625 10.5724 8.28944 de
348.447 75.4625 35.2324 8.28944 toegang
386.197 75.4625 15.6095 8.28944 van
404.324 75.4625 92.1351 8.28944 betaaldienstverleners
498.977 75.4625 11.569 8.28944 tot
513.064 75.4625 10.5724 8.28944 de

221.102 86.121 81.0463 8.28944 persoonsgegevens
304.665 86.121 15.6095 8.28944 van
322.792 86.121 100.18 8.28944 betaaldienstgebruikers.

230.162 96.7795 7.55562 8.28944 8.
240.235 96.7795 11.578 8.28944 De
254.331 96.7795 46.8104 8.28944 voordracht
303.659 96.7795 19.6319 8.28944 voor
325.808 96.7795 15.6095 8.28944 een
343.936 96.7795 41.2751 8.28944 krachtens
387.728 96.7795 13.5892 8.28944 het
403.835 96.7795 35.2415 8.28944 zevende
441.594 96.7795 10.5724 8.28944 lid
454.684 96.7795 17.6207 8.28944 vast
474.823 96.7795 8.0539 8.28944 te
485.394 96.7795 28.1932 8.28944 stellen

221.102 107.438 42.2897 8.28944 algemene
265.91 107.438 43.2954 8.28944 maatregel
311.723 107.438 15.6095 8.28944 van
329.85 107.438 32.7139 8.28944 bestuur
365.081 107.438 25.1582 8.28944 wordt
392.757 107.438 16.1078 8.28944 niet
411.383 107.438 27.6949 8.28944 eerder
441.595 107.438 31.7173 8.28944 gedaan
475.83 107.438 16.1078 8.28944 dan
494.456 107.438 16.1169 8.28944 vier

221.102 118.097 27.6858 8.28944 weken
251.305 118.097 24.1617 8.28944 nadat
277.983 118.097 13.5892 8.28944 het
294.089 118.097 35.7307 8.28944 ontwerp
332.337 118.097 15.6095 8.28944 aan
350.463 118.097 23.6634 8.28944 beide
376.643 118.097 31.21 8.28944 kamers
410.37 118.097 14.0966 8.28944 der
426.983 118.097 69.4773 8.28944 Staten-Generaal
498.977 118.097 7.04829 8.28944 is

221.102 128.755 50.851 8.28944 overgelegd.

221.102 150.071 6.04269 8.28944 S

230.162 171.387 17.1134 8.28944 Aan
249.793 171.387 26.182 8.28944 artikel
278.493 171.387 22.6669 8.28944 3:29a
303.677 171.387 25.1582 8.28944 wordt
331.353 171.387 15.6095 8.28944 een
349.48 171.387 10.5724 8.28944 lid
362.57 171.387 53.3605 8.28944 toegevoegd,
418.448 171.387 39.7712 8.28944 luidende:

230.162 182.046 7.55562 8.28944 3.
240.235 182.046 14.5949 8.28944 Het
257.348 182.046 26.182 8.28944 eerste
286.047 182.046 10.5724 8.28944 lid
299.137 182.046 7.04829 8.28944 is
308.703 182.046 16.1078 8.28944 niet
327.329 182.046 15.6095 8.28944 van
345.456 182.046 46.8104 8.28944 toepassing
394.784 182.046 26.6802 8.28944 indien
423.982 182.046 15.6095 8.28944 een
442.109 182.046 65.4458 8.28944 betaalinstelling
510.072 182.046 25.6837 8.28944 alleen

221.102 192.704 62.9273 8.28944 betaaldiensten
286.547 192.704 34.7432 8.28944 verleent
323.808 192.704 12.0854 8.28944 als
338.411 192.704 34.7341 8.28944 bedoeld
375.663 192.704 25.1673 8.28944 onder
403.348 192.704 5.03708 8.28944 7
410.903 192.704 10.5724 8.28944 en
423.993 192.704 5.03708 8.28944 8
431.547 192.704 15.6095 8.28944 van
449.674 192.704 10.5724 8.28944 de
462.765 192.704 28.7005 8.28944 bijlage
493.983 192.704 10.5724 8.28944 bij
507.073 192.704 10.5724 8.28944 de

221.102 203.363 32.2156 8.28944 richtlijn
255.835 203.363 65.4458 8.28944 betaaldiensten.

221.102 224.679 5.53535 8.28944 T

230.162 245.995 8.0539 8.28944 In
240.733 245.995 26.182 8.28944 artikel
269.431 245.995 24.6781 8.28944 3:29c,
296.626 245.995 26.6893 8.28944 vierde
325.832 245.995 13.091 8.28944 lid,
341.44 245.995 25.1582 8.28944 wordt
369.115 245.995 30.2044 8.28944 «onder
401.836 245.995 7.55562 8.28944 4,
411.908 245.995 5.03708 8.28944 5
419.462 245.995 10.5724 8.28944 en
432.551 245.995 10.0742 8.28944 7»
445.142 245.995 45.3156 8.28944 vervangen
492.974 245.995 22.6488 8.28944 door:

221.102 256.653 25.1673 8.28944 onder
248.786 256.653 5.03708 8.28944 4
256.34 256.653 10.5724 8.28944 en
269.429 256.653 7.55562 8.28944 5.

221.102 277.97 7.04829 8.28944 U

230.162 299.286 17.1134 8.28944 Aan
249.793 299.286 26.182 8.28944 artikel
278.493 299.286 17.6298 8.28944 3:53
298.64 299.286 25.1582 8.28944 wordt
326.316 299.286 15.6095 8.28944 een
344.443 299.286 10.5724 8.28944 lid
357.533 299.286 53.3605 8.28944 toegevoegd,
413.411 299.286 39.7712 8.28944 luidende:

230.162 309.944 7.55562 8.28944 8.
240.234 309.944 14.5949 8.28944 Het
257.346 309.944 26.182 8.28944 eerste
286.045 309.944 10.5724 8.28944 en
299.134 309.944 24.669 8.28944 derde
326.319 309.944 10.5724 8.28944 lid
339.409 309.944 14.5949 8.28944 zijn
356.52 309.944 16.1078 8.28944 niet
375.145 309.944 15.6095 8.28944 van
393.271 309.944 46.8104 8.28944 toepassing
442.598 309.944 26.6802 8.28944 indien
471.795 309.944 15.6095 8.28944 een
489.921 309.944 37.2527 8.28944 betaalin-

221.102 320.603 31.21 8.28944 stelling
254.829 320.603 25.6837 8.28944 alleen
283.03 320.603 62.9273 8.28944 betaaldiensten
348.474 320.603 34.7432 8.28944 verleent
385.733 320.603 12.0854 8.28944 als
400.336 320.603 34.7341 8.28944 bedoeld
437.586 320.603 25.1673 8.28944 onder
465.27 320.603 5.03708 8.28944 8
472.824 320.603 15.6095 8.28944 van
490.95 320.603 10.5724 8.28944 de
504.04 320.603 28.7005 8.28944 bijlage

221.102 331.261 10.5724 8.28944 bij
234.192 331.261 10.5724 8.28944 de
247.281 331.261 32.2156 8.28944 richtlijn
282.013 331.261 65.4458 8.28944 betaaldiensten.

221.102 352.577 6.04269 8.28944 V

230.162 373.893 17.1134 8.28944 Aan
249.793 373.893 26.182 8.28944 artikel
278.493 373.893 17.6298 8.28944 3:57
298.64 373.893 25.1582 8.28944 wordt
326.316 373.893 15.6095 8.28944 een
344.443 373.893 10.5724 8.28944 lid
357.533 373.893 53.3605 8.28944 toegevoegd,
413.411 373.893 39.7712 8.28944 luidende:

230.162 384.552 7.55562 8.28944 7.
240.235 384.552 14.5949 8.28944 Het
257.348 384.552 26.182 8.28944 eerste
286.047 384.552 11.569 8.28944 tot
300.134 384.552 10.5724 8.28944 en
313.224 384.552 16.6061 8.28944 met
332.348 384.552 13.5892 8.28944 het
348.455 384.552 24.669 8.28944 derde
375.641 384.552 10.5724 8.28944 lid
388.731 384.552 14.5949 8.28944 zijn
405.844 384.552 16.1078 8.28944 niet
424.469 384.552 15.6095 8.28944 van
442.596 384.552 46.8104 8.28944 toepassing
491.924 384.552 26.6802 8.28944 indien
521.122 384.552 15.6095 8.28944 een

221.102 395.21 65.4458 8.28944 betaalinstelling
289.066 395.21 25.6837 8.28944 alleen
317.267 395.21 62.9273 8.28944 betaaldiensten
382.712 395.21 34.7432 8.28944 verleent
419.973 395.21 12.0854 8.28944 als
434.576 395.21 34.7341 8.28944 bedoeld
471.828 395.21 25.1673 8.28944 onder
499.513 395.21 5.03708 8.28944 7
507.067 395.21 10.5724 8.28944 en
520.157 395.21 5.03708 8.28944 8

221.102 405.869 15.6095 8.28944 van
239.23 405.869 10.5724 8.28944 de
252.32 405.869 28.7005 8.28944 bijlage
283.538 405.869 10.5724 8.28944 bij
296.628 405.869 10.5724 8.28944 de
309.718 405.869 32.2156 8.28944 richtlijn
344.451 405.869 65.4458 8.28944 betaaldiensten.

221.102 427.185 9.0595 8.28944 W

230.162 448.501 27.6858 8.28944 Artikel
260.364 448.501 20.1483 8.28944 3:95,
283.03 448.501 26.182 8.28944 eerste
311.728 448.501 13.091 8.28944 lid,
327.336 448.501 25.1582 8.28944 wordt
355.011 448.501 40.7678 8.28944 gewijzigd
398.295 448.501 12.0854 8.28944 als
412.897 448.501 24.1617 8.28944 volgt:

230.162 469.817 7.55562 8.28944 1.
240.234 469.817 8.0539 8.28944 In
250.805 469.817 43.2954 8.28944 onderdeel
296.617 469.817 3.01681 8.28944 f
302.15 469.817 31.7264 8.28944 vervalt:
336.394 469.817 11.0707 8.28944 of.

230.162 491.133 7.55562 8.28944 2.
240.235 491.133 26.6802 8.28944 Onder
269.433 491.133 48.3324 8.28944 vervanging
320.283 491.133 15.6095 8.28944 van
338.41 491.133 10.5724 8.28944 de
351.5 491.133 19.6229 8.28944 punt
373.641 491.133 15.6095 8.28944 aan
391.768 491.133 13.5892 8.28944 het
407.875 491.133 15.6005 8.28944 slot
425.993 491.133 15.6095 8.28944 van
444.12 491.133 43.2954 8.28944 onderdeel
489.933 491.133 5.53535 8.28944 g
497.986 491.133 20.1302 8.28944 door
520.634 491.133 15.6095 8.28944 een

221.102 501.792 54.3479 8.28944 puntkomma,
277.967 501.792 32.7139 8.28944 worden
313.198 501.792 20.6375 8.28944 twee
336.352 501.792 48.8307 8.28944 onderdelen
387.699 501.792 53.3605 8.28944 toegevoegd,
443.577 501.792 39.7712 8.28944 luidende:

230.162 512.45 8.0539 8.28944 h.
240.733 512.45 65.4458 8.28944 betaalinstelling
308.697 512.45 13.091 8.28944 die
324.306 512.45 15.6095 8.28944 een
342.433 512.45 8.55217 8.28944 of
353.502 512.45 22.1505 8.28944 meer
378.171 512.45 15.6095 8.28944 van
396.298 512.45 10.5724 8.28944 de
409.388 512.45 8.0539 8.28944 in
419.959 512.45 28.7005 8.28944 bijlage
451.177 512.45 5.03708 8.28944 I,
458.732 512.45 19.6229 8.28944 punt
480.873 512.45 5.03708 8.28944 1
488.427 512.45 11.569 8.28944 tot
502.514 512.45 10.5724 8.28944 en
515.604 512.45 16.6061 8.28944 met

221.102 523.109 7.55562 8.28944 7,
231.175 523.109 15.6095 8.28944 van
249.301 523.109 10.5724 8.28944 de
262.39 523.109 32.2156 8.28944 richtlijn
297.122 523.109 62.9273 8.28944 betaaldiensten
362.566 523.109 39.7712 8.28944 bedoelde
404.854 523.109 79.0351 8.28944 bedrijfsactiviteiten
486.406 523.109 40.7678 8.28944 uitoefent;
529.691 523.109 8.55217 8.28944 of

230.162 533.767 5.03708 8.28944 i.
237.716 533.767 112.256 8.28944 elektronischgeldinstelling.

221.102 555.083 6.54096 8.28944 X

230.162 576.399 17.1134 8.28944 Aan
249.793 576.399 26.182 8.28944 artikel
278.493 576.399 25.1854 8.28944 3:102,
306.196 576.399 26.182 8.28944 eerste
334.895 576.399 13.091 8.28944 lid,
350.504 576.399 25.1582 8.28944 wordt
378.18 576.399 15.6095 8.28944 een
396.307 576.399 25.1673 8.28944 volzin
423.992 576.399 53.3605 8.28944 toegevoegd,
479.87 576.399 39.7712 8.28944 luidende:

221.102 587.058 20.0061 8.28944 Voor
243.626 587.058 15.6095 8.28944 een
261.753 587.058 65.4458 8.28944 betaalinstelling
329.717 587.058 15.1022 8.28944 kan
347.337 587.058 15.6095 8.28944 een
365.464 587.058 50.8419 8.28944 bovengrens
418.823 587.058 29.1988 8.28944 gelden
450.54 587.058 15.6095 8.28944 van
468.667 587.058 12.5927 8.28944 20,
483.777 587.058 12.5927 8.28944 30,
498.888 587.058 10.0742 8.28944 50
511.479 587.058 8.55217 8.28944 of
522.549 587.058 15.1112 8.28944 100

221.102 597.716 35.2324 8.28944 procent.

221.102 619.033 6.04269 8.28944 Y

230.162 640.349 17.1134 8.28944 Aan
249.793 640.349 26.182 8.28944 artikel
278.493 640.349 22.6669 8.28944 3:103
303.677 640.349 25.1582 8.28944 wordt
331.353 640.349 15.6095 8.28944 een
349.48 640.349 10.5724 8.28944 lid
362.57 640.349 53.3605 8.28944 toegevoegd,
418.448 640.349 39.7712 8.28944 luidende:

230.162 651.007 7.55562 8.28944 6.
240.235 651.007 20.0061 8.28944 Voor
262.759 651.007 10.5724 8.28944 de
275.849 651.007 46.8104 8.28944 toepassing
325.177 651.007 15.6095 8.28944 van
343.304 651.007 13.5892 8.28944 het
359.411 651.007 26.182 8.28944 eerste
388.111 651.007 10.5724 8.28944 en
401.201 651.007 31.21 8.28944 tweede
434.928 651.007 10.5724 8.28944 lid
448.018 651.007 21.6431 8.28944 geldt
472.179 651.007 19.6319 8.28944 voor
494.329 651.007 15.6095 8.28944 een

221.102 661.666 65.4458 8.28944 betaalinstelling
289.066 661.666 15.6095 8.28944 een
307.193 661.666 50.8419 8.28944 verplichting
360.553 661.666 11.569 8.28944 tot
374.639 661.666 56.8846 8.28944 kennisgeving
434.041 661.666 12.0854 8.28944 als
448.644 661.666 10.5724 8.28944 de
461.734 661.666 35.2324 8.28944 omvang
499.485 661.666 15.6095 8.28944 van
517.612 661.666 10.5724 8.28944 de

221.102 672.324 50.8419 8.28944 deelneming
274.462 672.324 26.6802 8.28944 boven
303.66 672.324 10.5724 8.28944 de
316.75 672.324 12.5927 8.28944 20,
331.86 672.324 10.0742 8.28944 30
344.452 672.324 8.55217 8.28944 of
355.522 672.324 10.0742 8.28944 50
368.114 672.324 32.7139 8.28944 procent
403.345 672.324 21.1358 8.28944 stijgt
426.999 672.324 16.1078 8.28944 dan
445.624 672.324 15.1022 8.28944 wel
463.244 672.324 25.1673 8.28944 onder
490.929 672.324 10.5724 8.28944 de
504.019 672.324 12.5927 8.28944 10,
519.129 672.324 12.5927 8.28944 20,

221.102 682.983 10.0742 8.28944 30
233.693 682.983 8.55217 8.28944 of
244.762 682.983 10.0742 8.28944 50
257.353 682.983 32.7139 8.28944 procent
292.584 682.983 23.6634 8.28944 daalt.

221.102 766.046 26.182 8.38004 Eerste
250.3 766.046 28.7032 8.38004 Kamer,
282.019 766.046 50.851 8.38004 vergaderjaar
335.886 766.046 47.8523 8.38004 2017–2018,
386.754 766.046 10.0742 8.38004 34
399.844 766.046 17.6298 8.38004 813,
420.49 766.046 6.04269 8.38004 A

534.953 766.046 5.03708 8.38004 9

221.102 64.804 10.2463 8.28944 Ya

230.162 86.1201 27.6858 8.28944 Artikel
260.364 86.1201 27.704 8.28944 3:108a
290.585 86.1201 31.7264 8.28944 vervalt.

221.102 107.436 11.578 8.28944 Yb

230.162 128.752 27.6858 8.28944 Artikel
260.364 128.752 18.1281 8.28944 4:2b
281.009 128.752 31.7264 8.28944 vervalt.

221.102 150.068 5.53535 8.28944 Z

230.162 171.385 27.6858 8.28944 Artikel
260.364 171.385 20.1483 8.28944 5:88,
283.029 171.385 25.1582 8.28944 wordt
310.704 171.385 40.7678 8.28944 gewijzigd
353.989 171.385 12.0854 8.28944 als
368.591 171.385 24.1617 8.28944 volgt:

230.162 192.701 7.55562 8.28944 1.
240.235 192.701 14.5949 8.28944 Het
257.348 192.701 24.669 8.28944 derde
284.534 192.701 13.091 8.28944 lid,
300.143 192.701 43.2954 8.28944 onderdeel
345.956 192.701 8.0539 8.28944 b,
356.527 192.701 21.6341 8.28944 komt
380.679 192.701 8.0539 8.28944 te
391.251 192.701 29.1988 8.28944 luiden:

230.162 203.359 8.0539 8.28944 b.
240.732 203.359 80.539 8.28944 betalingssystemen
323.788 203.359 36.7544 8.28944 waaraan
363.059 203.359 29.697 8.28944 slechts
395.273 203.359 92.1351 8.28944 betaaldienstverleners
489.925 203.359 47.8251 8.28944 deelnemen

221.102 214.018 13.091 8.28944 die
236.711 214.018 18.1281 8.28944 deel
257.357 214.018 39.7621 8.28944 uitmaken
299.636 214.018 15.6095 8.28944 van
317.764 214.018 15.6095 8.28944 een
335.891 214.018 59.9014 8.28944 richtlijngroep.

230.162 235.334 7.55562 8.28944 2.
240.235 235.334 14.5949 8.28944 Het
257.348 235.334 24.669 8.28944 derde
284.534 235.334 13.091 8.28944 lid,
300.143 235.334 43.2954 8.28944 onderdeel
345.956 235.334 7.04829 8.28944 c,
355.522 235.334 31.7264 8.28944 vervalt,
389.766 235.334 25.1673 8.28944 onder
417.451 235.334 48.3324 8.28944 vervanging
468.301 235.334 15.6095 8.28944 van
486.428 235.334 23.1651 8.28944 «en;»
512.111 235.334 15.6095 8.28944 aan

221.102 245.992 13.5893 8.28944 het
237.209 245.992 15.6005 8.28944 slot
255.327 245.992 15.6095 8.28944 van
273.454 245.992 43.2954 8.28944 onderdeel
319.267 245.992 5.53535 8.28944 b
327.32 245.992 20.1302 8.28944 door
349.968 245.992 15.6095 8.28944 een
368.095 245.992 22.1414 8.28944 punt.

230.162 267.308 7.55562 8.28944 3.
240.235 267.308 9.0595 8.28944 Er
251.812 267.308 32.7139 8.28944 worden
287.044 267.308 20.6375 8.28944 twee
310.199 267.308 23.6634 8.28944 leden
336.38 267.308 53.3605 8.28944 toegevoegd,
392.258 267.308 39.7712 8.28944 luidende:

230.162 277.967 7.55562 8.28944 4.
240.235 277.967 16.1078 8.28944 Een
258.86 277.967 15.6095 8.28944 aan
276.988 277.967 15.6095 8.28944 een
295.115 277.967 35.7397 8.28944 systeem
333.372 277.967 12.0854 8.28944 als
347.975 277.967 34.7341 8.28944 bedoeld
385.227 277.967 8.0539 8.28944 in
395.798 277.967 26.182 8.28944 artikel
424.498 277.967 22.6669 8.28944 212a,
449.683 277.967 43.2954 8.28944 onderdeel
495.496 277.967 8.0539 8.28944 b,
506.067 277.967 15.6095 8.28944 van
524.194 277.967 10.5724 8.28944 de

221.102 288.625 76.5165 8.28944 Faillissementswet
300.136 288.625 58.3975 8.28944 deelnemende
361.052 288.625 87.6054 8.28944 betaaldienstverlener
451.175 288.625 13.091 8.28944 die
466.783 288.625 34.2268 8.28944 toestaat
503.528 288.625 13.5893 8.28944 dat
519.635 288.625 15.6095 8.28944 een

221.102 299.284 92.6153 8.28944 vergunninghoudende
316.234 299.284 87.6054 8.28944 betaaldienstverlener
406.356 299.284 12.5927 8.28944 via
421.466 299.284 13.5892 8.28944 het
437.572 299.284 35.7397 8.28944 systeem
475.828 299.284 60.907 8.28944 overboekings-

221.102 309.942 48.8216 8.28944 opdrachten
272.442 309.942 44.2919 8.28944 doorgeeft,
319.251 309.942 21.6431 8.28944 biedt
343.412 309.942 19.6319 8.28944 deze
365.561 309.942 55.3717 8.28944 mogelijkheid
423.451 309.942 55.3807 8.28944 desgevraagd
481.349 309.942 37.76 8.28944 overeen-

221.102 320.601 34.2177 8.28944 komstig
257.838 320.601 13.5892 8.28944 het
273.945 320.601 26.182 8.28944 eerste
302.644 320.601 10.5724 8.28944 lid
315.734 320.601 11.0707 8.28944 op
329.323 320.601 46.3212 8.28944 objectieve,
378.161 320.601 47.8342 8.28944 evenredige
428.513 320.601 10.5724 8.28944 en
441.603 320.601 25.1673 8.28944 onder
469.288 320.601 56.3682 8.28944 niet-discrimi-

221.102 331.259 35.2415 8.28944 nerende
258.86 331.259 56.8846 8.28944 voorwaarden
318.262 331.259 15.6095 8.28944 aan
336.388 331.259 29.7061 8.28944 andere
368.611 331.259 92.6153 8.28944 vergunninghoudende
463.743 331.259 8.55217 8.28944 of
474.812 331.259 62.429 8.28944 geregistreerde

221.102 341.918 94.6537 8.28944 betaaldienstverleners.

230.162 352.576 7.55562 8.28944 5.
240.234 352.576 8.0539 8.28944 In
250.805 352.576 23.1651 8.28944 geval
276.487 352.576 15.6095 8.28944 van
294.613 352.576 15.6095 8.28944 een
312.739 352.576 42.788 8.28944 weigering
358.044 352.576 37.2527 8.28944 verstrekt
397.813 352.576 10.5724 8.28944 de
410.902 352.576 15.6095 8.28944 aan
429.029 352.576 15.6095 8.28944 een
447.155 352.576 75.0036 8.28944 betalingssysteem

221.102 363.235 58.3975 8.28944 deelnemende
282.017 363.235 87.6054 8.28944 betaaldienstverlener
372.139 363.235 10.5724 8.28944 de
385.228 363.235 53.8678 8.28944 verzoekende
441.612 363.235 87.6054 8.28944 betaaldienstverlener

221.102 373.893 15.6095 8.28944 een
239.229 373.893 31.7173 8.28944 opgave
273.464 373.893 15.6095 8.28944 van
291.592 373.893 10.5724 8.28944 de
304.682 373.893 35.2415 8.28944 redenen
342.441 373.893 19.6319 8.28944 voor
364.59 373.893 10.5724 8.28944 de
377.68 373.893 45.3066 8.28944 weigering.
425.505 373.893 11.578 8.28944 De
439.6 373.893 58.3975 8.28944 deelnemende

221.102 384.552 87.6054 8.28944 betaaldienstverlener
311.225 384.552 37.2527 8.28944 verstrekt
350.996 384.552 15.6095 8.28944 een
369.123 384.552 34.7251 8.28944 afschrift
406.365 384.552 15.6095 8.28944 van
424.493 384.552 19.6319 8.28944 deze
446.642 384.552 31.7173 8.28944 opgave
480.877 384.552 15.6095 8.28944 aan
499.004 384.552 10.5724 8.28944 de

221.102 395.21 40.2604 8.28944 Autoriteit
263.88 395.21 49.3199 8.28944 Consument
315.718 395.21 10.5724 8.28944 en
328.808 395.21 27.1785 8.28944 Markt.

221.102 416.526 13.0819 8.28944 AA

230.162 437.843 12.0854 8.28944 Na
244.765 437.843 26.182 8.28944 artikel
273.464 437.843 17.6298 8.28944 5:88
293.612 437.843 25.1582 8.28944 wordt
321.288 437.843 15.6095 8.28944 een
339.415 437.843 26.182 8.28944 artikel
368.114 437.843 47.8251 8.28944 ingevoegd,
418.457 437.843 39.7712 8.28944 luidende:

221.102 459.159 33.2194 8.26226 Artikel
256.841 459.159 26.6911 8.26226 5:88a

230.162 480.475 7.55562 8.28944 1.
240.235 480.475 62.42 8.28944 Onverminderd
305.173 480.475 13.5892 8.28944 het
321.28 480.475 39.2729 8.28944 bepaalde
363.07 480.475 8.0539 8.28944 in
373.642 480.475 57.8721 8.28944 hoofdstukken
434.031 480.475 5.03708 8.28944 3
441.586 480.475 10.5724 8.28944 en
454.676 480.475 5.03708 8.28944 4
462.231 480.475 15.6095 8.28944 van
480.358 480.475 10.5724 8.28944 de
493.448 480.475 40.7678 8.28944 Mededin-

221.102 491.133 41.7734 8.28944 gingswet,
265.393 491.133 14.5949 8.28944 zijn
282.506 491.133 10.5724 8.28944 de
295.596 491.133 56.8846 8.28944 voorwaarden
354.998 491.133 13.091 8.28944 die
370.607 491.133 20.1302 8.28944 door
393.255 491.133 31.21 8.28944 banken
426.982 491.133 32.7139 8.28944 worden
462.214 491.133 46.3122 8.28944 verbonden
511.043 491.133 15.6095 8.28944 aan
529.171 491.133 10.5724 8.28944 de

221.102 501.792 35.2324 8.28944 toegang
258.852 501.792 15.6095 8.28944 van
276.979 501.792 76.0183 8.28944 betaalinstellingen
355.515 501.792 11.569 8.28944 tot
369.602 501.792 104.71 8.28944 betaalrekeningsdiensten
476.829 501.792 39.2639 8.28944 objectief,

221.102 512.45 83.5558 8.28944 niet-discriminerend
307.175 512.45 10.5724 8.28944 en
320.264 512.45 45.3156 8.28944 evenredig.
368.096 512.45 20.6375 8.28944 Deze
391.251 512.45 35.2324 8.28944 toegang
429 512.45 7.04829 8.28944 is
438.565 512.45 45.3066 8.28944 voldoende
486.388 512.45 14.0875 8.28944 om

221.102 523.109 76.0183 8.28944 betaalinstellingen
299.638 523.109 8.0539 8.28944 in
310.21 523.109 20.6375 8.28944 staat
333.365 523.109 8.0539 8.28944 te
343.936 523.109 28.1932 8.28944 stellen
374.647 523.109 11.0707 8.28944 op
388.236 523.109 65.4368 8.28944 onbelemmerde
456.19 523.109 10.5724 8.28944 en
469.28 523.109 39.2639 8.28944 efficiënte
511.062 523.109 21.6431 8.28944 wijze

221.102 533.767 62.9273 8.28944 betaaldiensten
286.546 533.767 15.6095 8.28944 aan
304.673 533.767 8.0539 8.28944 te
315.243 533.767 31.7173 8.28944 bieden.

230.162 544.426 7.55562 8.28944 2.
240.235 544.426 16.1078 8.28944 Een
258.86 544.426 42.788 8.28944 weigering
304.166 544.426 15.6095 8.28944 van
322.293 544.426 35.2324 8.28944 toegang
360.043 544.426 25.1582 8.28944 wordt
387.719 544.426 20.1302 8.28944 door
410.367 544.426 10.5724 8.28944 de
423.457 544.426 20.6375 8.28944 bank
446.612 544.426 25.1673 8.28944 onder
474.297 544.426 39.2729 8.28944 volledige

221.102 555.084 31.7173 8.28944 opgave
255.336 555.084 15.6095 8.28944 van
273.463 555.084 35.2415 8.28944 redenen
311.221 555.084 32.2156 8.28944 gemeld
345.953 555.084 10.5724 8.28944 bij
359.042 555.084 10.5724 8.28944 de
372.131 555.084 40.2604 8.28944 Autoriteit
414.909 555.084 49.3199 8.28944 Consument
466.745 555.084 10.5724 8.28944 en
479.834 555.084 27.1785 8.28944 Markt.

230.162 565.743 7.55562 8.28944 3.
240.235 565.743 14.5949 8.28944 Het
257.348 565.743 26.182 8.28944 eerste
286.047 565.743 10.5724 8.28944 en
299.137 565.743 31.21 8.28944 tweede
332.865 565.743 10.5724 8.28944 lid
345.955 565.743 14.5949 8.28944 zijn
363.067 565.743 15.6095 8.28944 van
381.195 565.743 73.998 8.28944 overeenkomstige
457.71 565.743 46.8104 8.28944 toepassing
507.038 565.743 11.0707 8.28944 op
520.627 565.743 10.5724 8.28944 de

221.102 576.401 35.2324 8.28944 toegang
258.852 576.401 15.6095 8.28944 van
276.979 576.401 92.1351 8.28944 betaaldienstverleners
371.632 576.401 13.091 8.28944 die
387.241 576.401 28.7005 8.28944 geheel
418.459 576.401 8.55217 8.28944 of
429.529 576.401 48.8398 8.28944 gedeeltelijk
480.886 576.401 14.5949 8.28944 zijn
497.999 576.401 27.1876 8.28944 vrijge-

221.102 587.06 20.6375 8.28944 steld
244.257 587.06 15.6095 8.28944 van
262.383 587.06 26.182 8.28944 artikel
291.082 587.06 20.1483 8.28944 2:3a,
313.747 587.06 26.182 8.28944 eerste
342.445 587.06 13.091 8.28944 lid.

221.102 608.376 12.0854 8.28944 BB

230.162 629.692 11.578 8.28944 De
244.257 629.692 28.7005 8.28944 bijlage
275.476 629.692 46.3122 8.28944 behorende
324.305 629.692 10.5724 8.28944 bij
337.395 629.692 26.182 8.28944 artikel
366.095 629.692 17.6298 8.28944 1:79
386.242 629.692 25.1582 8.28944 wordt
413.918 629.692 40.7678 8.28944 gewijzigd
457.204 629.692 12.0854 8.28944 als
471.807 629.692 24.1617 8.28944 volgt:

230.162 651.008 7.55562 8.28944 1.
240.235 651.008 8.0539 8.28944 In
250.807 651.008 10.5724 8.28944 de
263.897 651.008 51.8294 8.28944 opsomming
318.244 651.008 15.6095 8.28944 van
336.371 651.008 10.5724 8.28944 de
349.461 651.008 36.7544 8.28944 artikelen
388.733 651.008 11.0707 8.28944 uit
402.321 651.008 13.5892 8.28944 het
418.428 651.008 19.1337 8.28944 Deel
440.079 651.008 59.8924 8.28944 Markttoegang

221.102 661.667 41.2841 8.28944 financiële
264.904 661.667 68.4536 8.28944 ondernemingen
335.875 661.667 25.1582 8.28944 wordt
363.551 661.667 25.1854 8.28944 «2:3e,
391.254 661.667 26.182 8.28944 eerste
419.954 661.667 15.6095 8.28944 lid»
438.081 661.667 45.3156 8.28944 vervangen
485.914 661.667 22.6487 8.28944 door:
511.081 661.667 20.1483 8.28944 2:3e,

221.102 672.325 28.7005 8.28944 eerste,
252.32 672.325 31.21 8.28944 tweede
286.048 672.325 10.5724 8.28944 en
299.138 672.325 24.669 8.28944 derde
326.325 672.325 10.5724 8.28944 lid
339.415 672.325 10.5724 8.28944 en
352.505 672.325 35.2596 8.28944 «2:106a,
390.282 672.325 26.182 8.28944 eerste
418.982 672.325 15.6095 8.28944 lid»
437.109 672.325 45.3156 8.28944 vervangen
484.942 672.325 22.6487 8.28944 door:

221.102 682.984 30.2225 8.28944 2:106a,
253.842 682.984 26.182 8.28944 eerste
282.542 682.984 10.5724 8.28944 en
295.632 682.984 26.6893 8.28944 vierde
324.839 682.984 10.5724 8.28944 lid
337.929 682.984 10.5724 8.28944 en
351.019 682.984 35.2596 8.28944 «2:107a,
388.796 682.984 26.182 8.28944 eerste
417.496 682.984 10.5724 8.28944 en
430.586 682.984 31.21 8.28944 tweede
464.314 682.984 15.6095 8.28944 lid»
482.441 682.984 45.3156 8.28944 vervangen

221.102 693.642 22.6488 8.28944 door:
246.269 693.642 30.2225 8.28944 2:107a,
279.009 693.642 26.182 8.28944 eerste
307.708 693.642 13.091 8.28944 lid.

221.102 766.046 26.182 8.38004 Eerste
250.3 766.046 28.7032 8.38004 Kamer,
282.019 766.046 50.851 8.38004 vergaderjaar
335.886 766.046 47.8523 8.38004 2017–2018,
386.754 766.046 10.0742 8.38004 34
399.844 766.046 17.6298 8.38004 813,
420.49 766.046 6.04269 8.38004 A

529.919 766.046 10.0742 8.38004 10

230.162 64.804 7.55562 8.28944 2.
240.235 64.804 8.0539 8.28944 In
250.807 64.804 10.5724 8.28944 de
263.897 64.804 51.8294 8.28944 opsomming
318.244 64.804 15.6095 8.28944 van
336.371 64.804 10.5724 8.28944 de
349.461 64.804 36.7544 8.28944 artikelen
388.733 64.804 11.0707 8.28944 uit
402.321 64.804 13.5892 8.28944 het
418.428 64.804 19.1337 8.28944 Deel
440.08 64.804 69.4592 8.28944 Gedragstoezicht

221.102 75.4625 41.2841 8.28944 financiële
264.904 75.4625 35.2324 8.28944 markten
302.654 75.4625 25.1582 8.28944 wordt
330.33 75.4625 25.1854 8.28944 «5:88,
358.033 75.4625 26.182 8.28944 eerste
386.733 75.4625 10.5724 8.28944 en
399.823 75.4625 31.21 8.28944 tweede
433.55 75.4625 15.6095 8.28944 lid»
451.678 75.4625 45.3156 8.28944 vervangen
499.511 75.4625 22.6488 8.28944 door:

221.102 86.121 20.1483 8.28944 5:88,
243.768 86.121 28.7005 8.28944 eerste,
274.986 86.121 33.7285 8.28944 tweede,
311.233 86.121 26.6893 8.28944 vierde
340.44 86.121 10.5724 8.28944 en
353.53 86.121 23.6634 8.28944 vijfde
379.711 86.121 13.091 8.28944 lid,
395.319 86.121 25.1854 8.28944 5:88a,
423.022 86.121 26.182 8.28944 eerste
451.722 86.121 10.5724 8.28944 en
464.812 86.121 31.21 8.28944 tweede
498.54 86.121 13.091 8.28944 lid.

230.162 107.437 7.55562 8.28944 3.
240.235 107.437 8.0539 8.28944 In
250.807 107.437 10.5724 8.28944 de
263.897 107.437 51.8294 8.28944 opsomming
318.244 107.437 15.6095 8.28944 van
336.371 107.437 10.5724 8.28944 de
349.461 107.437 36.7544 8.28944 artikelen
388.733 107.437 11.0707 8.28944 uit
402.321 107.437 13.5892 8.28944 het
418.428 107.437 19.1337 8.28944 Deel
440.08 107.437 48.8307 8.28944 Prudentieel
491.428 107.437 33.2121 8.28944 toezicht

221.102 118.096 41.2841 8.28944 financiële
264.904 118.096 68.4536 8.28944 ondernemingen
335.875 118.096 29.2078 8.28944 vervalt
367.601 118.096 30.7208 8.28944 3:111b,
400.839 118.096 26.182 8.28944 eerste
429.539 118.096 13.091 8.28944 lid.

230.162 139.412 7.55562 8.28944 4.
240.235 139.412 8.0539 8.28944 In
250.807 139.412 10.5724 8.28944 de
263.897 139.412 51.8294 8.28944 opsomming
318.244 139.412 15.6095 8.28944 van
336.371 139.412 10.5724 8.28944 de
349.461 139.412 36.7544 8.28944 artikelen
388.733 139.412 11.0707 8.28944 uit
402.321 139.412 13.5892 8.28944 het
418.428 139.412 43.7936 8.28944 Algemeen
464.74 139.412 18.1281 8.28944 deel
485.385 139.412 25.1582 8.28944 wordt
513.061 139.412 19.6319 8.28944 voor

221.102 150.07 27.704 8.28944 «1:10»
251.324 150.07 47.8251 8.28944 ingevoegd:
301.667 150.07 20.1483 8.28944 1:5a,
324.333 150.07 31.21 8.28944 tweede
358.06 150.07 13.091 8.28944 lid,
373.669 150.07 48.8307 8.28944 onderdelen
425.017 150.07 4.52975 8.28944 k
432.065 150.07 10.5724 8.28944 en
445.155 150.07 5.03708 8.28944 l,
452.709 150.07 10.5724 8.28944 en
465.799 150.07 24.669 8.28944 derde
492.986 150.07 15.6095 8.28944 lid,.

221.102 171.386 12.0854 8.28944 CC

230.162 192.702 11.578 8.28944 De
244.258 192.702 28.7005 8.28944 bijlage
275.476 192.702 46.3122 8.28944 behorende
324.306 192.702 10.5724 8.28944 bij
337.396 192.702 26.182 8.28944 artikel
366.095 192.702 17.6298 8.28944 1:80
386.243 192.702 25.1582 8.28944 wordt
413.918 192.702 40.7678 8.28944 gewijzigd
457.204 192.702 12.0854 8.28944 als
471.807 192.702 24.1617 8.28944 volgt:

230.162 214.019 7.55562 8.28944 1.
240.235 214.019 8.0539 8.28944 In
250.807 214.019 10.5724 8.28944 de
263.897 214.019 51.8294 8.28944 opsomming
318.244 214.019 15.6095 8.28944 van
336.371 214.019 10.5724 8.28944 de
349.461 214.019 36.7544 8.28944 artikelen
388.733 214.019 11.0707 8.28944 uit
402.321 214.019 13.5892 8.28944 het
418.428 214.019 19.1337 8.28944 Deel
440.08 214.019 59.8924 8.28944 Markttoegang

221.102 224.677 41.2841 8.28944 financiële
264.904 224.677 68.4536 8.28944 ondernemingen
335.875 224.677 25.1582 8.28944 wordt
363.551 224.677 25.1854 8.28944 «2:3e,
391.254 224.677 26.182 8.28944 eerste
419.954 224.677 15.6095 8.28944 lid»
438.081 224.677 45.3156 8.28944 vervangen
485.914 224.677 22.6487 8.28944 door:
511.081 224.677 20.1483 8.28944 2:3e,

221.102 235.336 28.7005 8.28944 eerste,
252.321 235.336 31.21 8.28944 tweede
286.048 235.336 10.5724 8.28944 en
299.138 235.336 24.669 8.28944 derde
326.325 235.336 10.5724 8.28944 lid
339.415 235.336 10.5724 8.28944 en
352.505 235.336 35.2596 8.28944 «2:106a,
390.282 235.336 26.182 8.28944 eerste
418.982 235.336 15.6095 8.28944 lid»
437.109 235.336 45.3156 8.28944 vervangen
484.942 235.336 22.6487 8.28944 door:

221.102 245.994 30.2225 8.28944 2:106a,
253.843 245.994 26.182 8.28944 eerste
282.542 245.994 10.5724 8.28944 en
295.632 245.994 26.6893 8.28944 vierde
324.839 245.994 10.5724 8.28944 lid
337.929 245.994 10.5724 8.28944 en
351.019 245.994 35.2596 8.28944 «2:107a,
388.796 245.994 26.182 8.28944 eerste
417.496 245.994 10.5724 8.28944 en
430.586 245.994 31.21 8.28944 tweede
464.314 245.994 15.6095 8.28944 lid»
482.441 245.994 45.3156 8.28944 vervangen

221.102 256.653 22.6488 8.28944 door:
246.269 256.653 30.2225 8.28944 2:107a,
279.009 256.653 26.182 8.28944 eerste
307.709 256.653 13.091 8.28944 lid.

230.162 277.969 7.55562 8.28944 2.
240.235 277.969 8.0539 8.28944 In
250.807 277.969 10.5724 8.28944 de
263.897 277.969 51.8294 8.28944 opsomming
318.244 277.969 15.6095 8.28944 van
336.371 277.969 10.5724 8.28944 de
349.461 277.969 36.7544 8.28944 artikelen
388.733 277.969 11.0707 8.28944 uit
402.321 277.969 13.5892 8.28944 het
418.428 277.969 19.1337 8.28944 Deel
440.08 277.969 69.4592 8.28944 Gedragstoezicht

221.102 288.627 41.2841 8.28944 financiële
264.904 288.627 35.2324 8.28944 markten
302.654 288.627 25.1582 8.28944 wordt
330.33 288.627 25.1854 8.28944 «5:88,
358.033 288.627 26.182 8.28944 eerste
386.733 288.627 10.5724 8.28944 en
399.823 288.627 31.21 8.28944 tweede
433.55 288.627 15.6095 8.28944 lid»
451.678 288.627 45.3156 8.28944 vervangen
499.511 288.627 22.6488 8.28944 door:

221.102 299.286 20.1483 8.28944 5:88,
243.768 299.286 28.7005 8.28944 eerste,
274.986 299.286 33.7285 8.28944 tweede,
311.233 299.286 26.6893 8.28944 vierde
340.44 299.286 10.5724 8.28944 en
353.53 299.286 23.6634 8.28944 vijfde
379.711 299.286 13.091 8.28944 lid,
395.319 299.286 25.1854 8.28944 5:88a,
423.022 299.286 26.182 8.28944 eerste
451.722 299.286 10.5724 8.28944 en
464.812 299.286 31.21 8.28944 tweede
498.54 299.286 13.091 8.28944 lid.

230.162 320.602 7.55562 8.28944 3.
240.235 320.602 8.0539 8.28944 In
250.807 320.602 10.5724 8.28944 de
263.897 320.602 51.8294 8.28944 opsomming
318.244 320.602 15.6095 8.28944 van
336.371 320.602 10.5724 8.28944 de
349.461 320.602 36.7544 8.28944 artikelen
388.733 320.602 11.0707 8.28944 uit
402.321 320.602 13.5892 8.28944 het
418.428 320.602 19.1337 8.28944 Deel
440.08 320.602 48.8307 8.28944 Prudentieel
491.428 320.602 33.2121 8.28944 toezicht

221.102 331.26 41.2841 8.28944 financiële
264.904 331.26 68.4536 8.28944 ondernemingen
335.875 331.26 29.2078 8.28944 vervalt
367.601 331.26 30.7208 8.28944 3:111b,
400.839 331.26 26.182 8.28944 eerste
429.539 331.26 13.091 8.28944 lid.

230.162 352.576 7.55562 8.28944 4.
240.235 352.576 8.0539 8.28944 In
250.807 352.576 10.5724 8.28944 de
263.897 352.576 51.8294 8.28944 opsomming
318.244 352.576 15.6095 8.28944 van
336.371 352.576 10.5724 8.28944 de
349.461 352.576 36.7544 8.28944 artikelen
388.733 352.576 11.0707 8.28944 uit
402.321 352.576 13.5892 8.28944 het
418.428 352.576 43.7936 8.28944 Algemeen
464.74 352.576 18.1281 8.28944 deel
485.385 352.576 25.1582 8.28944 wordt
513.061 352.576 19.6319 8.28944 voor

221.102 363.235 27.704 8.28944 «1:10»
251.324 363.235 47.8251 8.28944 ingevoegd:
301.667 363.235 20.1483 8.28944 1:5a,
324.333 363.235 31.21 8.28944 tweede
358.06 363.235 13.091 8.28944 lid,
373.669 363.235 48.8307 8.28944 onderdelen
425.017 363.235 4.52975 8.28944 k
432.065 363.235 10.5724 8.28944 en
445.155 363.235 5.03708 8.28944 l,
452.709 363.235 10.5724 8.28944 en
465.799 363.235 24.669 8.28944 derde
492.986 363.235 15.6095 8.28944 lid,.

221.102 395.21 41.6121 8.26226 ARTIKEL
265.231 395.21 6.03363 8.26226 II

230.162 416.526 11.578 8.28944 De
244.258 416.526 16.7791 8.28944 Wet
263.555 416.526 49.8272 8.28944 bekostiging
315.9 416.526 41.2841 8.28944 financieel
359.701 416.526 33.2121 8.28944 toezicht
395.431 416.526 25.1582 8.28944 wordt
423.107 416.526 40.7678 8.28944 gewijzigd
466.392 416.526 12.0854 8.28944 als
480.995 416.526 24.1617 8.28944 volgt:

221.103 437.842 6.54096 8.28944 A

230.162 459.159 17.1134 8.28944 Aan
249.793 459.159 10.5724 8.28944 de
262.883 459.159 21.1449 8.28944 tabel
286.546 459.159 8.0539 8.28944 in
297.117 459.159 29.2078 8.28944 Bijlage
328.843 459.159 5.03708 8.28944 I,
336.398 459.159 43.2954 8.28944 onderdeel
382.211 459.159 31.7083 8.28944 Wft.D4,
416.436 459.159 32.7139 8.28944 worden
451.668 459.159 8.0539 8.28944 in
462.239 459.159 45.3066 8.28944 numerieke

221.103 469.817 38.2583 8.28944 volgorde
261.879 469.817 10.5724 8.28944 de
274.969 469.817 39.7712 8.28944 volgende
317.258 469.817 48.8307 8.28944 onderdelen
368.606 469.817 53.3605 8.28944 toegevoegd:

221.102 495.338 35.8096 6.33903 Wft.D4.08a

276.378 495.338 8.85455 6.33903 De
287.158 495.338 40.8123 6.33903 behandeling
329.895 495.338 11.9382 6.33903 van
343.759 495.338 11.9382 6.33903 een
357.622 495.338 30.4253 6.33903 aanvraag
389.973 495.338 8.84831 6.33903 tot
400.746 495.338 30.807 6.33903 verlening
433.478 495.338 11.9382 6.33903 van
447.342 495.338 11.9382 6.33903 een

276.378 503.842 32.7336 6.33903 verklaring
311.037 503.842 11.9382 6.33903 van
324.9 503.842 16.1718 6.33903 geen
342.997 503.842 27.3347 6.33903 bezwaar
372.257 503.842 9.2432 6.33903 als
383.426 503.842 26.5657 6.33903 bedoeld
411.917 503.842 6.1596 6.33903 in
420.002 503.842 20.0258 6.33903 artikel
441.953 503.842 15.4104 6.33903 3:95,
459.288 503.842 20.0251 6.33903 eerste
481.239 503.842 10.0129 6.33903 lid,

276.378 512.346 22.3286 6.33903 aanhef
300.631 512.346 8.08486 6.33903 en
310.641 512.346 33.1084 6.33903 onderdeel
345.674 512.346 6.1589 6.33903 h,
353.757 512.346 11.9368 6.33903 van
367.618 512.346 8.08486 6.33903 de
377.628 512.346 12.8332 6.33903 Wet
392.386 512.346 8.46589 6.33903 op
402.776 512.346 10.3918 6.33903 het
415.092 512.346 31.5704 6.33903 financieel
448.587 512.346 27.3236 6.33903 toezicht,

276.378 520.85 20.4061 6.33903 indien
298.709 520.85 15.0141 6.33903 DNB
315.649 520.85 15.0148 6.33903 voor
332.589 520.85 8.08555 6.33903 de
342.6 520.85 40.8123 6.33903 behandeling
385.337 520.85 11.9382 6.33903 van
399.201 520.85 8.08555 6.33903 de
409.211 520.85 30.4253 6.33903 aanvraag
441.562 520.85 12.3199 6.33903 niet
455.807 520.85 16.9408 6.33903 meer
474.673 520.85 12.3192 6.33903 dan

276.378 529.354 7.70452 6.33903 15
286.008 529.354 11.1622 6.33903 uur
299.095 529.354 18.8605 6.33903 nodig
319.881 529.354 16.5535 6.33903 heeft

503.15 495.144 5.19592 6.9279 €
510.271 495.338 17.3364 6.33903 1.600

221.102 537.858 36.1907 6.33903 Wft.D4.08b

276.378 537.858 8.85455 6.33903 De
287.158 537.858 40.8123 6.33903 behandeling
329.895 537.858 11.9382 6.33903 van
343.759 537.858 11.9382 6.33903 een
357.622 537.858 30.4253 6.33903 aanvraag
389.973 537.858 8.84831 6.33903 tot
400.746 537.858 30.807 6.33903 verlening
433.478 537.858 11.9382 6.33903 van
447.342 537.858 11.9382 6.33903 een

276.378 546.362 32.7336 6.33903 verklaring
311.037 546.362 11.9382 6.33903 van
324.9 546.362 16.1718 6.33903 geen
342.997 546.362 27.3347 6.33903 bezwaar
372.257 546.362 9.2432 6.33903 als
383.426 546.362 26.5657 6.33903 bedoeld
411.917 546.362 6.1596 6.33903 in
420.002 546.362 20.0258 6.33903 artikel
441.953 546.362 15.4104 6.33903 3:95,
459.288 546.362 20.0251 6.33903 eerste
481.239 546.362 10.0129 6.33903 lid,

276.378 554.866 22.3286 6.33903 aanhef
300.631 554.866 8.08486 6.33903 en
310.641 554.866 33.1084 6.33903 onderdeel
345.674 554.866 6.1589 6.33903 h,
353.757 554.866 11.9368 6.33903 van
367.618 554.866 8.08486 6.33903 de
377.628 554.866 12.8332 6.33903 Wet
392.386 554.866 8.46589 6.33903 op
402.776 554.866 10.3918 6.33903 het
415.092 554.866 31.5704 6.33903 financieel
448.587 554.866 27.3236 6.33903 toezicht,

276.378 563.37 20.4061 6.33903 indien
298.709 563.37 15.0141 6.33903 DNB
315.649 563.37 15.0148 6.33903 voor
332.589 563.37 8.08555 6.33903 de
342.6 563.37 40.8123 6.33903 behandeling
385.337 563.37 11.9382 6.33903 van
399.201 563.37 8.08555 6.33903 de
409.211 563.37 30.4253 6.33903 aanvraag
441.562 563.37 16.9408 6.33903 meer
460.428 563.37 12.3192 6.33903 dan
474.672 563.37 7.70452 6.33903 15

276.378 571.874 11.1622 6.33903 uur
289.465 571.874 8.08555 6.33903 en
299.476 571.874 12.3199 6.33903 niet
313.721 571.874 16.9408 6.33903 meer
332.587 571.874 12.3192 6.33903 dan
346.832 571.874 11.5571 6.33903 150
360.314 571.874 11.1622 6.33903 uur
373.402 571.874 18.8605 6.33903 nodig
394.188 571.874 16.5535 6.33903 heeft

503.15 537.664 5.19592 6.9279 €
510.271 537.858 17.3364 6.33903 5.000

221.102 580.378 35.4217 6.33903 Wft.D4.08c

276.378 580.378 8.85455 6.33903 De
287.158 580.378 40.8123 6.33903 behandeling
329.895 580.378 11.9382 6.33903 van
343.759 580.378 11.9382 6.33903 een
357.622 580.378 30.4253 6.33903 aanvraag
389.973 580.378 8.84831 6.33903 tot
400.746 580.378 30.807 6.33903 verlening
433.478 580.378 11.9382 6.33903 van
447.342 580.378 11.9382 6.33903 een

276.378 588.882 32.7336 6.33903 verklaring
311.037 588.882 11.9382 6.33903 van
324.9 588.882 16.1718 6.33903 geen
342.997 588.882 27.3347 6.33903 bezwaar
372.257 588.882 9.2432 6.33903 als
383.426 588.882 26.5657 6.33903 bedoeld
411.917 588.882 6.1596 6.33903 in
420.002 588.882 20.0258 6.33903 artikel
441.953 588.882 15.4104 6.33903 3:95,
459.288 588.882 20.0251 6.33903 eerste
481.239 588.882 10.0129 6.33903 lid,

276.378 597.386 22.3286 6.33903 aanhef
300.631 597.386 8.08486 6.33903 en
310.641 597.386 33.1084 6.33903 onderdeel
345.674 597.386 6.1589 6.33903 h,
353.757 597.386 11.9368 6.33903 van
367.618 597.386 8.08486 6.33903 de
377.628 597.386 12.8332 6.33903 Wet
392.386 597.386 8.46589 6.33903 op
402.776 597.386 10.3918 6.33903 het
415.092 597.386 31.5704 6.33903 financieel
448.587 597.386 27.3236 6.33903 toezicht,

276.378 605.89 20.4061 6.33903 indien
298.709 605.89 15.0141 6.33903 DNB
315.649 605.89 15.0148 6.33903 voor
332.589 605.89 8.08555 6.33903 de
342.6 605.89 40.8123 6.33903 behandeling
385.337 605.89 11.9382 6.33903 van
399.201 605.89 8.08555 6.33903 de
409.211 605.89 30.4253 6.33903 aanvraag
441.562 605.89 16.9408 6.33903 meer
460.428 605.89 12.3192 6.33903 dan
474.672 605.89 11.5571 6.33903 150

276.378 614.394 11.1622 6.33903 uur
289.465 614.394 18.8605 6.33903 nodig
310.251 614.394 16.5535 6.33903 heeft

503.15 580.184 5.19592 6.9279 €
510.271 580.378 21.189 6.33903 30.500

221.102 622.897 36.1907 6.33903 Wft.D4.08d

276.378 622.897 8.85455 6.33903 De
287.158 622.897 40.8123 6.33903 behandeling
329.895 622.897 11.9382 6.33903 van
343.759 622.897 11.9382 6.33903 een
357.622 622.897 30.4253 6.33903 aanvraag
389.973 622.897 8.84831 6.33903 tot
400.746 622.897 30.807 6.33903 verlening
433.478 622.897 11.9382 6.33903 van
447.342 622.897 11.9382 6.33903 een

276.378 631.401 32.7336 6.33903 verklaring
311.037 631.401 11.9382 6.33903 van
324.9 631.401 16.1718 6.33903 geen
342.997 631.401 27.3347 6.33903 bezwaar
372.257 631.401 9.2432 6.33903 als
383.426 631.401 26.5657 6.33903 bedoeld
411.917 631.401 6.1596 6.33903 in
420.002 631.401 20.0258 6.33903 artikel
441.953 631.401 15.4104 6.33903 3:95,
459.288 631.401 20.0251 6.33903 eerste
481.239 631.401 10.0129 6.33903 lid,

276.378 639.905 22.3321 6.33903 aanhef
300.635 639.905 8.08555 6.33903 en
310.646 639.905 33.114 6.33903 onderdeel
345.685 639.905 3.85261 6.33903 i,
351.463 639.905 11.9382 6.33903 van
365.327 639.905 8.08555 6.33903 de
375.337 639.905 12.8332 6.33903 Wet
390.096 639.905 8.46659 6.33903 op
400.488 639.905 10.3932 6.33903 het
412.806 639.905 31.5767 6.33903 financieel
446.308 639.905 27.3292 6.33903 toezicht,

276.378 648.409 20.4061 6.33903 indien
298.709 648.409 15.0141 6.33903 DNB
315.649 648.409 15.0148 6.33903 voor
332.589 648.409 8.08555 6.33903 de
342.6 648.409 40.8123 6.33903 behandeling
385.337 648.409 11.9382 6.33903 van
399.201 648.409 8.08555 6.33903 de
409.211 648.409 30.4253 6.33903 aanvraag
441.562 648.409 12.3199 6.33903 niet
455.807 648.409 16.9408 6.33903 meer
474.673 648.409 12.3192 6.33903 dan

276.378 656.913 7.70452 6.33903 15
286.008 656.913 11.1622 6.33903 uur
299.095 656.913 18.8605 6.33903 nodig
319.881 656.913 16.5535 6.33903 heeft

503.15 622.703 5.19592 6.9279 €
510.271 622.897 17.3364 6.33903 1.600

221.102 766.046 26.182 8.38004 Eerste
250.3 766.046 28.7032 8.38004 Kamer,
282.019 766.046 50.851 8.38004 vergaderjaar
335.886 766.046 47.8523 8.38004 2017–2018,
386.754 766.046 10.0742 8.38004 34
399.844 766.046 17.6298 8.38004 813,
420.49 766.046 6.04269 8.38004 A

530.588 766.046 9.40557 8.38004 11

221.102 69.1777 35.8096 6.33903 Wft.D4.08e

276.378 69.1777 8.85455 6.33903 De
287.158 69.1777 40.8123 6.33903 behandeling
329.895 69.1777 11.9382 6.33903 van
343.759 69.1777 11.9382 6.33903 een
357.622 69.1777 30.4253 6.33903 aanvraag
389.973 69.1777 8.84831 6.33903 tot
400.746 69.1777 30.807 6.33903 verlening
433.478 69.1777 11.9382 6.33903 van
447.342 69.1777 11.9382 6.33903 een

276.378 77.6817 32.7336 6.33903 verklaring
311.037 77.6817 11.9382 6.33903 van
324.9 77.6817 16.1718 6.33903 geen
342.997 77.6817 27.3347 6.33903 bezwaar
372.257 77.6817 9.2432 6.33903 als
383.426 77.6817 26.5657 6.33903 bedoeld
411.917 77.6817 6.1596 6.33903 in
420.002 77.6817 20.0258 6.33903 artikel
441.953 77.6817 15.4104 6.33903 3:95,
459.288 77.6817 20.0251 6.33903 eerste
481.239 77.6817 10.0129 6.33903 lid,

276.378 86.1857 22.3321 6.33903 aanhef
300.635 86.1857 8.08555 6.33903 en
310.646 86.1857 33.114 6.33903 onderdeel
345.685 86.1857 3.85261 6.33903 i,
351.463 86.1857 11.9382 6.33903 van
365.327 86.1857 8.08555 6.33903 de
375.337 86.1857 12.8332 6.33903 Wet
390.096 86.1857 8.46659 6.33903 op
400.488 86.1857 10.3932 6.33903 het
412.806 86.1857 31.5767 6.33903 financieel
446.308 86.1857 27.3292 6.33903 toezicht,

276.378 94.6897 20.4061 6.33903 indien
298.709 94.6897 15.0141 6.33903 DNB
315.649 94.6897 15.0148 6.33903 voor
332.589 94.6897 8.08555 6.33903 de
342.6 94.6897 40.8123 6.33903 behandeling
385.337 94.6897 11.9382 6.33903 van
399.201 94.6897 8.08555 6.33903 de
409.211 94.6897 30.4253 6.33903 aanvraag
441.562 94.6897 16.9408 6.33903 meer
460.428 94.6897 12.3192 6.33903 dan
474.672 94.6897 7.70452 6.33903 15

276.378 103.194 11.1622 6.33903 uur
289.465 103.194 8.08555 6.33903 en
299.476 103.194 12.3199 6.33903 niet
313.721 103.194 16.9408 6.33903 meer
332.587 103.194 12.3192 6.33903 dan
346.832 103.194 11.5571 6.33903 150
360.314 103.194 11.1622 6.33903 uur
373.402 103.194 18.8605 6.33903 nodig
394.188 103.194 16.5535 6.33903 heeft

503.15 68.9837 5.19592 6.9279 €
510.271 69.1777 17.3364 6.33903 5.000

221.102 111.697 34.2647 6.33903 Wft.D4.08f

276.378 111.697 8.85455 6.33903 De
287.158 111.697 40.8123 6.33903 behandeling
329.895 111.697 11.9382 6.33903 van
343.759 111.697 11.9382 6.33903 een
357.622 111.697 30.4253 6.33903 aanvraag
389.973 111.697 8.84831 6.33903 tot
400.746 111.697 30.807 6.33903 verlening
433.478 111.697 11.9382 6.33903 van
447.342 111.697 11.9382 6.33903 een

276.378 120.201 32.7336 6.33903 verklaring
311.037 120.201 11.9382 6.33903 van
324.9 120.201 16.1718 6.33903 geen
342.997 120.201 27.3347 6.33903 bezwaar
372.257 120.201 9.2432 6.33903 als
383.426 120.201 26.5657 6.33903 bedoeld
411.917 120.201 6.1596 6.33903 in
420.002 120.201 20.0258 6.33903 artikel
441.953 120.201 15.4104 6.33903 3:95,
459.288 120.201 20.0251 6.33903 eerste
481.239 120.201 10.0129 6.33903 lid,

276.378 128.705 22.3321 6.33903 aanhef
300.635 128.705 8.08555 6.33903 en
310.646 128.705 33.114 6.33903 onderdeel
345.685 128.705 3.85261 6.33903 i,
351.463 128.705 11.9382 6.33903 van
365.327 128.705 8.08555 6.33903 de
375.337 128.705 12.8332 6.33903 Wet
390.096 128.705 8.46659 6.33903 op
400.488 128.705 10.3932 6.33903 het
412.806 128.705 31.5767 6.33903 financieel
446.308 128.705 27.3292 6.33903 toezicht,

276.378 137.209 20.4061 6.33903 indien
298.709 137.209 15.0141 6.33903 DNB
315.649 137.209 15.0148 6.33903 voor
332.589 137.209 8.08555 6.33903 de
342.6 137.209 40.8123 6.33903 behandeling
385.337 137.209 11.9382 6.33903 van
399.201 137.209 8.08555 6.33903 de
409.211 137.209 30.4253 6.33903 aanvraag
441.562 137.209 16.9408 6.33903 meer
460.428 137.209 12.3192 6.33903 dan
474.672 137.209 11.5571 6.33903 150

276.378 145.713 11.1622 6.33903 uur
289.465 145.713 18.8605 6.33903 nodig
310.251 145.713 16.5535 6.33903 heeft

503.15 111.503 5.19592 6.9279 €
510.271 111.697 21.189 6.33903 30.500

221.102 192.703 41.6121 8.26226 ARTIKEL
265.231 192.703 9.05044 8.26226 III

230.162 214.019 21.1449 8.28944 Boek
253.825 214.019 5.03708 8.28944 7
261.38 214.019 15.6095 8.28944 van
279.507 214.019 13.5892 8.28944 het
295.614 214.019 41.2841 8.28944 Burgerlijk
339.415 214.019 37.4166 8.28944 Wetboek
379.35 214.019 25.1582 8.28944 wordt
407.026 214.019 12.0854 8.28944 als
421.629 214.019 21.6431 8.28944 volgt
445.789 214.019 43.2863 8.28944 gewijzigd:

221.103 235.335 6.54096 8.28944 A

230.162 256.651 27.6858 8.28944 Artikel
260.365 256.651 15.1112 8.28944 514
277.993 256.651 25.1582 8.28944 wordt
305.668 256.651 12.0854 8.28944 als
320.27 256.651 21.6431 8.28944 volgt
344.43 256.651 43.2863 8.28944 gewijzigd:

230.162 277.968 7.55562 8.28944 1.
240.235 277.968 44.8083 8.28944 Onderdeel
287.56 277.968 5.03708 8.28944 a
295.114 277.968 21.6341 8.28944 komt
319.264 277.968 8.0539 8.28944 te
329.835 277.968 29.1988 8.28944 luiden:

230.162 288.626 7.55562 8.28944 a.
240.236 288.626 58.8958 8.28944 authenticeren
301.648 288.626 8.55217 8.28944 of
312.717 288.626 57.8902 8.28944 authenticatie:
373.133 288.626 29.1988 8.28944 volgen
404.849 288.626 15.6095 8.28944 van
422.975 288.626 15.6095 8.28944 een
441.101 288.626 43.7936 8.28944 procedure
487.411 288.626 13.091 8.28944 die
503.019 288.626 10.5724 8.28944 de

221.104 299.285 87.6054 8.28944 betaaldienstverlener
311.227 299.285 8.0539 8.28944 in
321.798 299.285 20.6375 8.28944 staat
344.954 299.285 18.119 8.28944 stelt
365.59 299.285 10.5724 8.28944 de
378.68 299.285 37.7509 8.28944 identiteit
418.949 299.285 15.6095 8.28944 van
437.076 299.285 15.6095 8.28944 een
455.203 299.285 65.9441 8.28944 betaaldienstge-

221.104 309.943 30.2044 8.28944 bruiker
253.826 309.943 16.1078 8.28944 dan
272.451 309.943 15.1022 8.28944 wel
290.071 309.943 10.5724 8.28944 de
303.161 309.943 36.7544 8.28944 validiteit
342.433 309.943 15.6095 8.28944 van
360.56 309.943 13.5892 8.28944 het
376.667 309.943 32.2156 8.28944 gebruik
411.4 309.943 15.6095 8.28944 van
429.528 309.943 15.6095 8.28944 een
447.655 309.943 37.2527 8.28944 specifiek
487.425 309.943 37.2527 8.28944 betaalin-

221.104 320.602 38.7475 8.28944 strument
262.369 320.602 8.0539 8.28944 te
272.94 320.602 43.3044 8.28944 verifiëren,
318.763 320.602 16.6061 8.28944 met
337.886 320.602 35.7397 8.28944 inbegrip
376.144 320.602 15.6095 8.28944 van
394.271 320.602 10.5724 8.28944 de
407.361 320.602 52.3549 8.28944 persoonlijke
462.233 320.602 65.4458 8.28944 beveiligingsge-

221.104 331.26 30.7117 8.28944 gevens
254.332 331.26 15.6095 8.28944 van
272.459 331.26 10.5724 8.28944 de
285.548 331.26 95.6502 8.28944 betaaldienstgebruiker;

230.163 352.576 7.55562 8.28944 2.
240.236 352.576 44.8083 8.28944 Onderdeel
287.561 352.576 5.53535 8.28944 g
295.613 352.576 21.6341 8.28944 komt
319.764 352.576 8.0539 8.28944 te
330.334 352.576 29.1988 8.28944 luiden:

230.163 363.235 8.0539 8.28944 g.
240.735 363.235 75.5019 8.28944 betaalinstrument:
318.758 363.235 74.0071 8.28944 gepersonaliseerd
395.282 363.235 46.8014 8.28944 instrument
444.6 363.235 8.55217 8.28944 of
455.669 363.235 79.0441 8.28944 gepersonaliseerde

221.104 373.893 57.3738 8.28944 instrumenten
280.995 373.893 8.55217 8.28944 of
292.065 373.893 13.5892 8.28944 het
308.172 373.893 28.7005 8.28944 geheel
339.39 373.893 15.6095 8.28944 van
357.517 373.893 50.8419 8.28944 procedures,
410.877 373.893 74.5053 8.28944 overeengekomen
487.9 373.893 28.1841 8.28944 tussen

221.104 384.552 93.1317 8.28944 betaaldienstgebruiker
316.753 384.552 10.5724 8.28944 en
329.843 384.552 89.4553 8.28944 betaaldienstverlener,
421.816 384.552 36.7544 8.28944 waarvan
461.088 384.552 32.2156 8.28944 gebruik
495.821 384.552 25.1582 8.28944 wordt

221.104 395.21 36.7453 8.28944 gemaakt
260.367 395.21 19.6319 8.28944 voor
282.516 395.21 13.5892 8.28944 het
298.623 395.21 35.2415 8.28944 initiëren
336.382 395.21 15.6095 8.28944 van
354.509 395.21 15.6095 8.28944 een
372.637 395.21 66.9497 8.28944 betaalopdracht;

230.163 416.526 7.55562 8.28944 3.
240.237 416.526 44.8083 8.28944 Onderdeel
287.563 416.526 4.52975 8.28944 k
294.61 416.526 21.6341 8.28944 komt
318.762 416.526 8.0539 8.28944 te
329.333 416.526 29.1988 8.28944 luiden:

230.163 427.185 7.04829 8.28944 k.
239.729 427.185 83.5648 8.28944 betalingstransactie:
325.816 427.185 20.1302 8.28944 door
348.464 427.185 8.55217 8.28944 of
359.534 427.185 19.6319 8.28944 voor
381.683 427.185 37.2527 8.28944 rekening
421.454 427.185 15.6095 8.28944 van
439.581 427.185 10.5724 8.28944 de
452.671 427.185 29.7061 8.28944 betaler
484.895 427.185 8.55217 8.28944 of
495.965 427.185 20.1302 8.28944 door
518.612 427.185 10.5724 8.28944 de

221.104 437.843 92.6153 8.28944 betalingsbegunstigde
316.237 437.843 50.851 8.28944 geïnitieerde
369.605 437.843 42.788 8.28944 handeling
414.911 437.843 31.7173 8.28944 waarbij
449.146 437.843 58.8958 8.28944 geldmiddelen

221.104 448.502 32.7139 8.28944 worden
256.335 448.502 59.4031 8.28944 gedeponeerd,
318.256 448.502 55.879 8.28944 overgemaakt
376.653 448.502 8.55217 8.28944 of
387.723 448.502 54.357 8.28944 opgenomen,
444.597 448.502 39.7621 8.28944 ongeacht
486.877 448.502 8.55217 8.28944 of
497.947 448.502 8.56123 8.28944 er

221.104 459.16 62.42 8.28944 onderliggende
286.041 459.16 61.4144 8.28944 verplichtingen
349.973 459.16 28.1841 8.28944 tussen
380.675 459.16 10.5724 8.28944 de
393.765 459.16 29.7061 8.28944 betaler
425.989 459.16 10.5724 8.28944 en
439.079 459.16 10.5724 8.28944 de
452.169 459.16 69.4592 8.28944 betalingsbegun-

221.104 469.819 26.1729 8.28944 stigde
249.793 469.819 17.1134 8.28944 zijn;

230.163 491.135 7.55562 8.28944 4.
240.236 491.135 44.8083 8.28944 Onderdeel
287.561 491.135 5.53535 8.28944 p
295.613 491.135 21.6341 8.28944 komt
319.764 491.135 8.0539 8.28944 te
330.334 491.135 29.1988 8.28944 luiden:

230.163 501.793 8.0539 8.28944 p.
240.735 501.793 84.5795 8.28944 referentierentevoet:
327.837 501.793 10.5724 8.28944 de
340.927 501.793 40.7768 8.28944 rentevoet
384.221 501.793 13.091 8.28944 die
399.83 501.793 12.0854 8.28944 als
414.433 501.793 95.6411 8.28944 berekeningsgrondslag
512.591 501.793 19.6319 8.28944 voor

221.104 512.452 8.0539 8.28944 in
231.674 512.452 37.2527 8.28944 rekening
271.444 512.452 8.0539 8.28944 te
282.014 512.452 35.7397 8.28944 brengen
320.271 512.452 42.788 8.28944 interesten
365.576 512.452 25.1582 8.28944 wordt
393.251 512.452 51.3492 8.28944 gehanteerd,
447.117 512.452 10.5724 8.28944 en
460.206 512.452 13.091 8.28944 die
475.813 512.452 42.2716 8.28944 afkomstig
520.602 512.452 7.04829 8.28944 is

221.104 523.11 15.6095 8.28944 van
239.231 523.11 15.6095 8.28944 een
257.358 523.11 20.1302 8.28944 bron
280.006 523.11 13.091 8.28944 die
295.615 523.11 20.1302 8.28944 door
318.262 523.11 13.5892 8.28944 het
334.369 523.11 31.21 8.28944 publiek
368.097 523.11 15.1022 8.28944 kan
385.717 523.11 32.7139 8.28944 worden
420.948 523.11 58.9049 8.28944 geraadpleegd
482.371 523.11 10.5724 8.28944 en
495.461 523.11 20.1302 8.28944 door

221.104 533.769 23.6634 8.28944 beide
247.284 533.769 32.7229 8.28944 partijen
282.524 533.769 15.1022 8.28944 kan
300.143 533.769 32.7139 8.28944 worden
335.373 533.769 53.8768 8.28944 geverifieerd;

230.163 555.085 7.55562 8.28944 5.
240.236 555.085 44.8083 8.28944 Onderdeel
287.561 555.085 3.52415 8.28944 r
293.602 555.085 21.6341 8.28944 komt
317.752 555.085 8.0539 8.28944 te
328.323 555.085 29.1988 8.28944 luiden:

230.163 565.743 5.3741 8.28944 r.
238.054 565.743 34.7341 8.28944 richtlijn:
275.308 565.743 34.7341 8.28944 Richtlijn
312.559 565.743 18.6173 8.28944 (EU)
333.694 565.743 42.8152 8.28944 2015/2366
379.027 565.743 15.6095 8.28944 van
397.154 565.743 13.5892 8.28944 het
413.261 565.743 40.2695 8.28944 Europees
456.048 565.743 43.7936 8.28944 Parlement
502.36 565.743 10.5724 8.28944 en
515.45 565.743 10.5724 8.28944 de

221.104 576.402 21.6522 8.28944 Raad
245.274 576.402 15.6095 8.28944 van
263.401 576.402 10.0742 8.28944 25
275.993 576.402 43.7936 8.28944 november
322.304 576.402 20.1483 8.28944 2015
344.97 576.402 49.329 8.28944 betreffende
396.816 576.402 76.0092 8.28944 betalingsdiensten
475.343 576.402 8.0539 8.28944 in
485.915 576.402 10.5724 8.28944 de
499.005 576.402 30.2044 8.28944 interne

221.104 587.06 27.1785 8.28944 markt,
250.8 587.06 43.2863 8.28944 houdende
296.604 587.06 38.2492 8.28944 wijziging
337.371 587.06 15.6095 8.28944 van
355.498 587.06 10.5724 8.28944 de
368.588 587.06 45.3066 8.28944 Richtlijnen
416.412 587.06 50.3618 8.28944 2002/65/EG,
469.292 587.06 52.8803 8.28944 2009/110/EG
524.689 587.06 10.5724 8.28944 en

221.104 597.719 47.8432 8.28944 2013/36/EU
271.464 597.719 10.5724 8.28944 en
284.553 597.719 52.729 8.28944 Verordening
339.799 597.719 18.6173 8.28944 (EU)
360.933 597.719 10.9094 8.28944 nr.
374.359 597.719 42.8152 8.28944 1093/2010
419.691 597.719 10.5724 8.28944 en
432.78 597.719 43.2863 8.28944 houdende
478.583 597.719 42.2807 8.28944 intrekking
523.38 597.719 15.6095 8.28944 van

221.104 608.377 34.7341 8.28944 Richtlijn
258.356 608.377 47.8432 8.28944 2007/64/EG
308.716 608.377 14.0875 8.28944 (Pb
325.322 608.377 12.5836 8.28944 EU
340.423 608.377 5.03708 8.28944 L
347.978 608.377 33.2393 8.28944 337/58);

230.163 629.694 7.55562 8.28944 6.
240.237 629.694 8.0539 8.28944 In
250.808 629.694 43.2954 8.28944 onderdeel
296.621 629.694 5.53535 8.28944 u
304.674 629.694 29.2078 8.28944 vervalt
336.4 629.694 13.5892 8.28944 het
352.506 629.694 27.6768 8.28944 woord
382.701 629.694 52.373 8.28944 «relevante».

230.163 651.01 7.55562 8.28944 7.
240.236 651.01 12.0854 8.28944 Na
254.838 651.01 43.2954 8.28944 onderdeel
300.65 651.01 5.53535 8.28944 u
308.702 651.01 32.7139 8.28944 worden
343.933 651.01 10.5724 8.28944 de
357.022 651.01 39.7712 8.28944 volgende
399.31 651.01 48.8307 8.28944 onderdelen
450.657 651.01 53.3605 8.28944 toegevoegd:

230.163 661.668 7.06007 8.28944 v.
239.74 661.668 86.5907 8.28944 betaalinitiatiedienst:
328.853 661.668 15.6095 8.28944 een
346.98 661.668 26.1729 8.28944 dienst
375.671 661.668 19.6319 8.28944 voor
397.82 661.668 13.5892 8.28944 het
413.927 661.668 35.2415 8.28944 initiëren
451.686 661.668 15.6095 8.28944 van
469.813 661.668 15.6095 8.28944 een
487.941 661.668 40.2695 8.28944 betaalop-

221.104 672.327 29.697 8.28944 dracht,
253.318 672.327 11.0707 8.28944 op
266.907 672.327 32.7229 8.28944 verzoek
302.147 672.327 15.6095 8.28944 van
320.275 672.327 10.5724 8.28944 de
333.365 672.327 94.9816 8.28944 betaaldienstgebruiker,
430.864 672.327 16.6061 8.28944 met
449.988 672.327 44.7992 8.28944 betrekking
497.304 672.327 11.569 8.28944 tot
511.391 672.327 15.6095 8.28944 een

221.104 682.985 63.4346 8.28944 betaalrekening
287.055 682.985 13.091 8.28944 die
302.663 682.985 10.5724 8.28944 bij
315.752 682.985 15.6095 8.28944 een
333.878 682.985 29.7061 8.28944 andere
366.101 682.985 87.6054 8.28944 betaaldienstverlener
456.223 682.985 25.1582 8.28944 wordt
483.898 682.985 29.1988 8.28944 aange-

221.104 693.644 35.2324 8.28944 houden;

221.102 766.046 26.182 8.38004 Eerste
250.3 766.046 28.7032 8.38004 Kamer,
282.019 766.046 50.851 8.38004 vergaderjaar
335.886 766.046 47.8523 8.38004 2017–2018,
386.754 766.046 10.0742 8.38004 34
399.844 766.046 17.6298 8.38004 813,
420.49 766.046 6.04269 8.38004 A

529.919 766.046 10.0742 8.38004 12

230.162 64.804 9.56955 8.28944 w.
242.249 64.804 110.236 8.28944 rekeninginformatiedienst:
355.009 64.804 15.6095 8.28944 een
373.135 64.804 52.8531 8.28944 onlinedienst
428.505 64.804 19.6319 8.28944 voor
450.654 64.804 13.5892 8.28944 het
466.76 64.804 49.338 8.28944 verstrekken
518.615 64.804 15.6095 8.28944 van

221.103 75.4625 70.9812 8.28944 geconsolideerde
294.602 75.4625 44.2919 8.28944 informatie
341.412 75.4625 19.1337 8.28944 over
363.063 75.4625 15.6095 8.28944 een
381.19 75.4625 8.55217 8.28944 of
392.26 75.4625 22.1505 8.28944 meer
416.928 75.4625 74.0071 8.28944 betaalrekeningen
493.453 75.4625 13.091 8.28944 die
509.061 75.4625 10.5724 8.28944 de

221.103 86.121 93.1317 8.28944 betaaldienstgebruiker
316.753 86.121 10.5724 8.28944 bij
329.843 86.121 15.6095 8.28944 een
347.97 86.121 29.7061 8.28944 andere
380.194 86.121 87.6054 8.28944 betaaldienstverlener
470.317 86.121 8.55217 8.28944 of
481.386 86.121 10.5724 8.28944 bij
494.476 86.121 22.1505 8.28944 meer
519.145 86.121 16.1078 8.28944 dan

221.103 96.7795 15.6095 8.28944 één
239.23 96.7795 87.6054 8.28944 betaaldienstverlener
329.352 96.7795 43.2863 8.28944 aanhoudt;

230.163 107.438 7.55562 8.28944 x.
240.236 107.438 80.539 8.28944 rekeninghoudende
323.292 107.438 90.1239 8.28944 betaaldienstverlener:
415.943 107.438 15.6095 8.28944 een
434.07 107.438 87.6054 8.28944 betaaldienstverlener
524.192 107.438 13.091 8.28944 die

221.103 118.097 13.5893 8.28944 ten
237.21 118.097 36.7544 8.28944 behoeve
276.482 118.097 15.6095 8.28944 van
294.609 118.097 15.6095 8.28944 een
312.737 118.097 29.7061 8.28944 betaler
344.96 118.097 15.6095 8.28944 een
363.087 118.097 63.4346 8.28944 betaalrekening
429.04 118.097 37.2527 8.28944 aanbiedt
468.81 118.097 10.5724 8.28944 en
481.9 118.097 35.2415 8.28944 beheert;

230.163 128.755 7.06007 8.28944 y.
239.74 128.755 121.841 8.28944 betaalinitiatiedienstverlener:
364.105 128.755 15.6095 8.28944 een
382.231 128.755 87.6054 8.28944 betaaldienstverlener
472.353 128.755 13.091 8.28944 die
487.961 128.755 10.5724 8.28944 de
501.05 128.755 8.0539 8.28944 in

221.102 139.414 28.7005 8.28944 bijlage
252.32 139.414 5.03708 8.28944 I,
259.873 139.414 19.6229 8.28944 punt
282.013 139.414 7.55562 8.28944 7,
292.085 139.414 15.6095 8.28944 van
310.212 139.414 10.5724 8.28944 de
323.301 139.414 34.7341 8.28944 richtlijn,
360.552 139.414 39.7712 8.28944 bedoelde
402.84 139.414 79.0351 8.28944 bedrijfsactiviteiten
484.391 139.414 40.7678 8.28944 uitoefent;

230.162 150.072 6.54096 8.28944 z.
239.22 150.072 145.487 8.28944 rekeninginformatiedienstverlener:
387.233 150.072 15.6095 8.28944 een
405.359 150.072 87.6054 8.28944 betaaldienstverlener
495.481 150.072 13.091 8.28944 die
511.089 150.072 10.5724 8.28944 de
524.178 150.072 8.0539 8.28944 in

221.102 160.731 28.7005 8.28944 bijlage
252.32 160.731 5.03708 8.28944 I,
259.873 160.731 19.6229 8.28944 punt
282.013 160.731 7.55562 8.28944 8,
292.085 160.731 15.6095 8.28944 van
310.212 160.731 10.5724 8.28944 de
323.301 160.731 34.7341 8.28944 richtlijn,
360.552 160.731 39.7712 8.28944 bedoelde
402.84 160.731 79.0351 8.28944 bedrijfsactiviteiten
484.391 160.731 40.7678 8.28944 uitoefent;

230.162 171.389 12.5927 8.28944 aa.
245.272 171.389 53.3605 8.28944 overmaking:
301.153 171.389 15.6095 8.28944 een
319.28 171.389 52.3549 8.28944 betaaldienst
374.153 171.389 19.6319 8.28944 voor
396.302 171.389 13.5892 8.28944 het
412.409 171.389 43.2954 8.28944 crediteren
458.222 171.389 15.6095 8.28944 van
476.349 171.389 10.5724 8.28944 de
489.439 171.389 37.76 8.28944 betaalre-

221.102 182.048 28.6914 8.28944 kening
252.311 182.048 15.6095 8.28944 van
270.439 182.048 15.6095 8.28944 een
288.566 182.048 53.3514 8.28944 begunstigde
344.435 182.048 16.6061 8.28944 met
363.559 182.048 15.6095 8.28944 een
381.686 182.048 81.0463 8.28944 betalingstransactie
465.25 182.048 8.55217 8.28944 of
476.319 182.048 15.6095 8.28944 een
494.447 182.048 22.6578 8.28944 reeks

221.102 192.706 85.576 8.28944 betalingstransacties
309.195 192.706 15.6095 8.28944 van
327.321 192.706 15.6095 8.28944 een
345.448 192.706 63.4346 8.28944 betaalrekening
411.399 192.706 15.6095 8.28944 van
429.525 192.706 15.6095 8.28944 een
447.652 192.706 29.7061 8.28944 betaler
479.874 192.706 20.1302 8.28944 door
502.521 192.706 10.5724 8.28944 de

221.102 203.365 87.6054 8.28944 betaaldienstverlener
311.225 203.365 13.091 8.28944 die
326.834 203.365 10.5724 8.28944 de
339.924 203.365 63.4346 8.28944 betaalrekening
405.876 203.365 15.6095 8.28944 van
424.003 203.365 10.5724 8.28944 de
437.094 203.365 29.7061 8.28944 betaler
469.317 203.365 35.2415 8.28944 beheert,
507.076 203.365 11.0707 8.28944 op

221.102 214.023 22.1505 8.28944 basis
245.77 214.023 15.6095 8.28944 van
263.896 214.023 15.6095 8.28944 een
282.022 214.023 20.1302 8.28944 door
304.669 214.023 10.5724 8.28944 de
317.758 214.023 29.7061 8.28944 betaler
349.981 214.023 36.7544 8.28944 gegeven
389.252 214.023 40.7677 8.28944 opdracht;

230.162 224.682 13.091 8.28944 ab.
245.771 224.682 25.6746 8.28944 sterke
273.962 224.682 81.0463 8.28944 cliëntauthenticatie:
357.532 224.682 55.3717 8.28944 authenticatie
415.421 224.682 16.6061 8.28944 met
434.543 224.682 63.9238 8.28944 gebruikmaking
500.984 224.682 15.6095 8.28944 van
519.11 224.682 20.6375 8.28944 twee

221.102 235.34 8.55217 8.28944 of
232.172 235.34 22.1505 8.28944 meer
256.84 235.34 35.2324 8.28944 factoren
294.59 235.34 13.091 8.28944 die
310.199 235.34 32.7139 8.28944 worden
345.43 235.34 50.8419 8.28944 aangemerkt
398.79 235.34 12.0854 8.28944 als
413.393 235.34 27.6858 8.28944 kennis
443.596 235.34 18.119 8.28944 (iets
464.233 235.34 15.6005 8.28944 wat
482.351 235.34 25.6837 8.28944 alleen
510.553 235.34 10.5724 8.28944 de

221.102 245.999 40.7768 8.28944 gebruiker
264.396 245.999 26.1729 8.28944 weet),
293.086 245.999 20.1302 8.28944 bezit
315.733 245.999 18.119 8.28944 (iets
336.368 245.999 15.6005 8.28944 wat
354.485 245.999 25.6837 8.28944 alleen
382.686 245.999 10.5724 8.28944 de
395.775 245.999 40.7768 8.28944 gebruiker
439.069 245.999 24.66 8.28944 heeft)
466.245 245.999 10.5724 8.28944 en
479.334 245.999 40.7768 8.28944 inherente

221.102 256.657 48.8307 8.28944 eigenschap
272.451 256.657 18.119 8.28944 (iets
293.087 256.657 15.6005 8.28944 wat
311.205 256.657 10.5724 8.28944 de
324.296 256.657 40.7768 8.28944 gebruiker
367.59 256.657 10.0651 8.28944 is)
380.173 256.657 10.5724 8.28944 en
393.263 256.657 13.091 8.28944 die
408.871 256.657 41.2751 8.28944 onderling
452.664 256.657 56.8846 8.28944 onafhankelijk
512.066 256.657 17.1134 8.28944 zijn,
531.697 256.657 8.0539 8.28944 in

221.102 267.316 13.091 8.28944 die
236.711 267.316 14.5949 8.28944 zin,
253.824 267.316 13.5893 8.28944 dat
269.93 267.316 10.5724 8.28944 de
283.02 267.316 72.4669 8.28944 compromittering
358.005 267.316 15.6095 8.28944 van
376.132 267.316 15.6095 8.28944 één
394.259 267.316 24.1707 8.28944 ervan
420.948 267.316 21.1449 8.28944 geen
444.61 267.316 32.2156 8.28944 afbreuk
479.343 267.316 19.1246 8.28944 doet
500.986 267.316 15.6095 8.28944 aan
519.113 267.316 10.5724 8.28944 de

221.102 277.974 73.4907 8.28944 betrouwbaarheid
297.111 277.974 15.6095 8.28944 van
315.238 277.974 10.5724 8.28944 de
328.328 277.974 29.7061 8.28944 andere
360.552 277.974 10.5724 8.28944 en
373.642 277.974 13.091 8.28944 die
389.25 277.974 33.7195 8.28944 zodanig
425.487 277.974 7.04829 8.28944 is
435.053 277.974 33.7195 8.28944 opgezet
471.29 277.974 13.5892 8.28944 dat
487.397 277.974 10.5724 8.28944 de

221.102 288.633 74.5053 8.28944 vertrouwelijkheid
298.124 288.633 15.6095 8.28944 van
316.251 288.633 10.5724 8.28944 de
329.34 288.633 96.6558 8.28944 authenticatiegegevens
428.512 288.633 25.1582 8.28944 wordt
456.187 288.633 50.3346 8.28944 beschermd;

230.162 299.291 12.0854 8.28944 ac.
244.765 299.291 52.3549 8.28944 persoonlijke
299.636 299.291 95.6593 8.28944 beveiligingsgegevens:
397.822 299.291 19.6319 8.28944 voor
419.971 299.291 47.8251 8.28944 doeleinden
470.313 299.291 15.6095 8.28944 van
488.439 299.291 38.2492 8.28944 authenti-

221.102 309.95 20.1393 8.28944 catie
243.759 309.95 20.1302 8.28944 door
266.407 309.95 10.5724 8.28944 de
279.497 309.95 87.6054 8.28944 betaaldienstverlener
369.62 309.95 15.6095 8.28944 aan
387.747 309.95 15.6095 8.28944 een
405.875 309.95 93.1317 8.28944 betaaldienstgebruiker

221.102 320.608 42.2897 8.28944 verstrekte
265.909 320.608 79.0441 8.28944 gepersonaliseerde
347.47 320.608 49.8363 8.28944 kenmerken;

230.162 331.267 13.091 8.28944 ad.
245.771 331.267 41.7915 8.28944 gevoelige
290.079 331.267 69.9846 8.28944 betaalgegevens:
362.587 331.267 41.2841 8.28944 gegevens
406.389 331.267 39.7712 8.28944 waarmee
448.678 331.267 27.6858 8.28944 fraude
478.881 331.267 15.1022 8.28944 kan
496.501 331.267 32.7139 8.28944 worden

221.102 341.925 42.2897 8.28944 gepleegd,
265.91 341.925 46.3122 8.28944 waaronder
314.74 341.925 52.3549 8.28944 persoonlijke
369.612 341.925 95.6593 8.28944 beveiligingsgegevens.
467.789 341.925 20.0061 8.28944 Voor
490.313 341.925 10.5724 8.28944 de

221.102 352.584 46.8195 8.28944 activiteiten
270.439 352.584 15.6095 8.28944 van
288.565 352.584 123.852 8.28944 betaalinitiatiedienstverleners
414.934 352.584 10.5724 8.28944 en
428.023 352.584 110.734 8.28944 rekeninginformatiedienst-

221.102 363.242 39.7803 8.28944 verleners
263.399 363.242 33.2212 8.28944 vormen
299.137 363.242 10.5724 8.28944 de
312.226 363.242 24.1617 8.28944 naam
338.905 363.242 15.6095 8.28944 van
357.031 363.242 10.5724 8.28944 de
370.12 363.242 67.9553 8.28944 rekeninghouder
440.592 363.242 10.5724 8.28944 en
453.682 363.242 13.5892 8.28944 het
469.787 363.242 40.2695 8.28944 rekening-

221.102 373.901 36.7363 8.28944 nummer
260.356 373.901 21.1449 8.28944 geen
284.019 373.901 41.7915 8.28944 gevoelige
328.328 373.901 69.9846 8.28944 betaalgegevens.

221.102 395.217 6.04269 8.28944 B

230.162 416.533 8.0539 8.28944 In
240.733 416.533 26.182 8.28944 artikel
269.431 416.533 15.1112 8.28944 515
287.059 416.533 31.7082 8.28944 komen,
321.284 416.533 25.1673 8.28944 onder
348.968 416.533 63.9238 8.28944 vernummering
415.409 416.533 15.6095 8.28944 van
433.535 416.533 13.5892 8.28944 het
449.641 416.533 26.6893 8.28944 vierde
478.847 416.533 10.5724 8.28944 en
491.936 416.533 13.5892 8.28944 het
508.042 416.533 23.6634 8.28944 vijfde

221.102 427.191 10.5724 8.28944 lid
234.192 427.191 11.569 8.28944 tot
248.279 427.191 13.5893 8.28944 het
264.386 427.191 23.6634 8.28944 vijfde
290.567 427.191 10.5724 8.28944 en
303.657 427.191 24.1617 8.28944 zesde
330.336 427.191 13.091 8.28944 lid,
345.945 427.191 10.5724 8.28944 de
359.035 427.191 23.6634 8.28944 leden
385.216 427.191 5.03708 8.28944 1
392.771 427.191 11.569 8.28944 tot
406.857 427.191 10.5724 8.28944 en
419.948 427.191 16.6061 8.28944 met
439.071 427.191 5.03708 8.28944 4
446.626 427.191 8.0539 8.28944 te
457.197 427.191 29.1988 8.28944 luiden:

230.162 437.85 7.55562 8.28944 1.
240.235 437.85 20.6375 8.28944 Deze
263.39 437.85 16.1078 8.28944 titel
282.016 437.85 7.04829 8.28944 is
291.582 437.85 15.6095 8.28944 van
309.709 437.85 46.8104 8.28944 toepassing
359.037 437.85 26.6802 8.28944 indien
388.235 437.85 24.66 8.28944 zowel
415.412 437.85 10.5724 8.28944 de
428.502 437.85 87.6054 8.28944 betaaldienstverlener
518.625 437.85 15.6095 8.28944 van

221.102 448.508 10.5724 8.28944 de
234.192 448.508 29.7061 8.28944 betaler
266.414 448.508 12.0854 8.28944 als
281.016 448.508 10.5724 8.28944 de
294.106 448.508 87.6054 8.28944 betaaldienstverlener
384.228 448.508 15.6095 8.28944 van
402.354 448.508 10.5724 8.28944 de
415.443 448.508 53.3514 8.28944 begunstigde
471.311 448.508 8.55217 8.28944 of
482.38 448.508 10.5724 8.28944 de
495.469 448.508 23.6634 8.28944 enige
521.65 448.508 10.5724 8.28944 bij

221.102 459.167 10.5724 8.28944 de
234.192 459.167 81.0463 8.28944 betalingstransactie
317.756 459.167 42.2807 8.28944 betrokken
362.555 459.167 87.6054 8.28944 betaaldienstverlener
452.678 459.167 16.6061 8.28944 zich
471.801 459.167 8.0539 8.28944 in
482.373 459.167 10.5724 8.28944 de
495.463 459.167 20.1393 8.28944 Unie
518.12 459.167 8.55217 8.28944 of
529.19 459.167 10.5724 8.28944 de

221.102 469.825 40.2695 8.28944 Europese
263.889 469.825 57.3738 8.28944 Economische
323.779 469.825 30.7026 8.28944 Ruimte
356.999 469.825 42.2897 8.28944 bevinden.

230.162 480.484 7.55562 8.28944 2.
240.234 480.484 20.6375 8.28944 Deze
263.389 480.484 16.1078 8.28944 titel
282.013 480.484 7.04829 8.28944 is
291.578 480.484 27.1785 8.28944 voorts
321.273 480.484 15.6095 8.28944 van
339.4 480.484 49.329 8.28944 toepassing,
391.245 480.484 16.6061 8.28944 met
410.368 480.484 53.8497 8.28944 uitzondering
466.734 480.484 15.6095 8.28944 van
484.861 480.484 10.5724 8.28944 de
497.95 480.484 36.7544 8.28944 artikelen

221.102 491.142 15.1112 8.28944 535
238.731 491.142 11.569 8.28944 tot
252.818 491.142 10.5724 8.28944 en
265.908 491.142 16.6061 8.28944 met
285.032 491.142 17.6298 8.28944 540,
305.179 491.142 11.0707 8.28944 op
318.767 491.142 85.576 8.28944 betalingstransacties
406.861 491.142 8.0539 8.28944 in
417.433 491.142 32.5617 8.28944 valuta’s
452.512 491.142 15.6095 8.28944 van
470.639 491.142 55.8699 8.28944 niet-lidstaten
529.027 491.142 8.55217 8.28944 of

221.102 501.801 15.6095 8.28944 van
239.23 501.801 26.1729 8.28944 staten
267.92 501.801 13.091 8.28944 die
283.529 501.801 21.1449 8.28944 geen
307.191 501.801 22.1505 8.28944 partij
331.859 501.801 14.5949 8.28944 zijn
348.972 501.801 10.5724 8.28944 bij
362.062 501.801 10.5724 8.28944 de
375.152 501.801 62.42 8.28944 Overeenkomst
440.09 501.801 49.329 8.28944 betreffende
491.936 501.801 10.5724 8.28944 de

221.102 512.459 40.2695 8.28944 Europese
263.889 512.459 57.3738 8.28944 Economische
323.779 512.459 30.7026 8.28944 Ruimte
356.999 512.459 31.7173 8.28944 waarbij
391.233 512.459 24.66 8.28944 zowel
418.409 512.459 10.5724 8.28944 de
431.498 512.459 87.6054 8.28944 betaaldienstverlener
521.621 512.459 15.6095 8.28944 van

221.102 523.118 10.5724 8.28944 de
234.192 523.118 29.7061 8.28944 betaler
266.414 523.118 12.0854 8.28944 als
281.016 523.118 10.5724 8.28944 de
294.106 523.118 87.6054 8.28944 betaaldienstverlener
384.228 523.118 15.6095 8.28944 van
402.354 523.118 10.5724 8.28944 de
415.443 523.118 55.8699 8.28944 begunstigde,
473.83 523.118 8.55217 8.28944 of
484.899 523.118 10.5724 8.28944 de
497.988 523.118 23.6634 8.28944 enige
524.168 523.118 10.5724 8.28944 bij

221.102 533.776 10.5724 8.28944 de
234.192 533.776 81.0463 8.28944 betalingstransactie
317.756 533.776 42.2807 8.28944 betrokken
362.555 533.776 87.6054 8.28944 betaaldienstverlener
452.678 533.776 16.6061 8.28944 zich
471.801 533.776 8.0539 8.28944 in
482.373 533.776 10.5724 8.28944 de
495.463 533.776 20.1393 8.28944 Unie
518.12 533.776 8.55217 8.28944 of
529.19 533.776 8.0539 8.28944 in

221.102 544.435 10.5724 8.28944 de
234.192 544.435 40.2695 8.28944 Europese
276.978 544.435 57.3738 8.28944 Economische
336.868 544.435 30.7026 8.28944 Ruimte
370.088 544.435 42.2897 8.28944 bevinden.

230.162 555.093 7.55562 8.28944 3.
240.234 555.093 20.6375 8.28944 Deze
263.389 555.093 16.1078 8.28944 titel
282.013 555.093 7.04829 8.28944 is
291.578 555.093 27.1785 8.28944 voorts
321.273 555.093 15.6095 8.28944 van
339.4 555.093 49.329 8.28944 toepassing,
391.245 555.093 16.6061 8.28944 met
410.368 555.093 53.8497 8.28944 uitzondering
466.734 555.093 15.6095 8.28944 van
484.861 555.093 10.5724 8.28944 de
497.95 555.093 36.7544 8.28944 artikelen

221.102 565.752 17.6298 8.28944 520,
241.25 565.752 31.21 8.28944 tweede
274.977 565.752 10.5724 8.28944 en
288.068 565.752 26.6893 8.28944 vierde
317.274 565.752 13.091 8.28944 lid,
332.883 565.752 17.6298 8.28944 530,
353.03 565.752 17.6298 8.28944 531,
373.178 565.752 17.6298 8.28944 535,
393.325 565.752 17.6298 8.28944 537,
413.473 565.752 26.182 8.28944 eerste
442.172 565.752 13.091 8.28944 lid,
457.781 565.752 15.1112 8.28944 543
475.41 565.752 11.569 8.28944 tot
489.496 565.752 10.5724 8.28944 en
502.587 565.752 16.6061 8.28944 met
521.71 565.752 15.1112 8.28944 545

221.102 576.41 10.5724 8.28944 en
234.192 576.41 17.6298 8.28944 547,
254.34 576.41 11.0707 8.28944 op
267.928 576.41 85.576 8.28944 betalingstransacties
356.022 576.41 8.0539 8.28944 in
366.593 576.41 15.1112 8.28944 alle
384.222 576.41 26.182 8.28944 valuta
412.922 576.41 31.7173 8.28944 waarbij
447.157 576.41 29.697 8.28944 slechts
479.372 576.41 15.6095 8.28944 een
497.499 576.41 15.6095 8.28944 van
515.626 576.41 10.5724 8.28944 de

221.102 587.069 92.1351 8.28944 betaaldienstverleners
315.755 587.069 16.6061 8.28944 zich
334.879 587.069 8.0539 8.28944 in
345.45 587.069 10.5724 8.28944 de
358.54 587.069 20.1393 8.28944 Unie
381.197 587.069 8.55217 8.28944 of
392.267 587.069 10.5724 8.28944 de
405.357 587.069 40.2695 8.28944 Europese
448.144 587.069 57.3738 8.28944 Economische
508.036 587.069 30.7026 8.28944 Ruimte

221.102 597.727 32.2156 8.28944 bevindt
255.836 597.727 16.6061 8.28944 met
274.959 597.727 44.7992 8.28944 betrekking
322.276 597.727 11.569 8.28944 tot
336.363 597.727 10.5724 8.28944 de
349.453 597.727 23.6634 8.28944 delen
375.634 597.727 15.6095 8.28944 van
393.761 597.727 10.5724 8.28944 de
406.851 597.727 81.0463 8.28944 betalingstransactie
490.415 597.727 13.091 8.28944 die
506.024 597.727 29.697 8.28944 binnen

221.102 608.386 10.5724 8.28944 de
234.192 608.386 20.1393 8.28944 Unie
256.849 608.386 8.55217 8.28944 of
267.919 608.386 10.5724 8.28944 de
281.009 608.386 40.2695 8.28944 Europese
323.796 608.386 57.3738 8.28944 Economische
383.688 608.386 30.7026 8.28944 Ruimte
416.908 608.386 32.7139 8.28944 worden
452.14 608.386 48.8307 8.28944 uitgevoerd.

230.162 619.044 7.55562 8.28944 4.
240.235 619.044 20.6375 8.28944 Deze
263.39 619.044 16.1078 8.28944 titel
282.016 619.044 7.04829 8.28944 is
291.582 619.044 16.1078 8.28944 niet
310.207 619.044 15.6095 8.28944 van
328.334 619.044 46.8104 8.28944 toepassing
377.662 619.044 11.0707 8.28944 op
391.251 619.044 10.5724 8.28944 de
404.341 619.044 65.4458 8.28944 betaaldiensten,
472.304 619.044 34.7341 8.28944 bedoeld
509.556 619.044 8.0539 8.28944 in

221.102 629.703 26.182 8.28944 artikel
249.802 629.703 20.1483 8.28944 1:5a,
272.468 629.703 31.21 8.28944 tweede
306.196 629.703 13.091 8.28944 lid,
321.804 629.703 15.6095 8.28944 van
339.931 629.703 10.5724 8.28944 de
353.021 629.703 16.7791 8.28944 Wet
372.318 629.703 11.0707 8.28944 op
385.906 629.703 13.5892 8.28944 het
402.013 629.703 41.2841 8.28944 financieel
445.815 629.703 35.7307 8.28944 toezicht.

221.102 651.019 6.04269 8.28944 C

230.162 672.335 12.0854 8.28944 Na
244.765 672.335 26.182 8.28944 artikel
273.464 672.335 15.1112 8.28944 515
291.093 672.335 25.1582 8.28944 wordt
318.769 672.335 15.6095 8.28944 een
336.896 672.335 26.182 8.28944 artikel
365.596 672.335 47.8251 8.28944 ingevoegd,
415.939 672.335 39.7712 8.28944 luidende:

221.102 766.046 26.182 8.38004 Eerste
250.3 766.046 28.7032 8.38004 Kamer,
282.019 766.046 50.851 8.38004 vergaderjaar
335.886 766.046 47.8523 8.38004 2017–2018,
386.754 766.046 10.0742 8.38004 34
399.844 766.046 17.6298 8.38004 813,
420.49 766.046 6.04269 8.38004 A

529.919 766.046 10.0742 8.38004 13

221.102 64.804 33.2248 8.26226 Artikel
256.847 64.804 23.6743 8.26226 515a

230.162 86.1201 12.5836 8.28944 Op
245.263 86.1201 92.1351 8.28944 betaaldienstverleners
339.916 86.1201 13.091 8.28944 die
355.524 86.1201 45.2975 8.28944 uitsluitend
403.34 86.1201 15.6095 8.28944 een
421.467 86.1201 107.717 8.28944 rekeninginformatiedienst

221.102 96.7786 44.8083 8.28944 aanbieden
268.428 96.7786 14.5949 8.28944 zijn
285.541 96.7786 15.6095 8.28944 van
303.668 96.7786 19.6319 8.28944 deze
325.817 96.7786 16.1078 8.28944 titel
344.443 96.7786 29.697 8.28944 slechts
376.658 96.7786 10.5724 8.28944 de
389.748 96.7786 36.7544 8.28944 artikelen
429.02 96.7786 19.641 8.28944 522c
451.178 96.7786 10.5724 8.28944 en
464.268 96.7786 15.1112 8.28944 524
481.897 96.7786 15.6095 8.28944 van

221.102 107.437 49.329 8.28944 toepassing.

221.102 128.753 6.54096 8.28944 D

230.162 150.069 27.6858 8.28944 Artikel
260.365 150.069 15.1112 8.28944 517
277.994 150.069 25.1582 8.28944 wordt
305.67 150.069 40.7678 8.28944 gewijzigd
348.955 150.069 12.0854 8.28944 als
363.558 150.069 24.1617 8.28944 volgt:

230.162 171.385 7.55562 8.28944 1.
240.235 171.385 17.1134 8.28944 Aan
259.866 171.385 13.5892 8.28944 het
275.973 171.385 26.182 8.28944 eerste
304.673 171.385 10.5724 8.28944 lid
317.763 171.385 25.1582 8.28944 wordt
345.439 171.385 15.6095 8.28944 een
363.566 171.385 12.0763 8.28944 zin
378.16 171.385 53.3605 8.28944 toegevoegd,
434.038 171.385 39.7712 8.28944 luidende:

230.162 182.044 11.578 8.28944 De
244.257 182.044 93.1317 8.28944 betaaldienstgebruiker
339.907 182.044 15.1022 8.28944 kan
357.527 182.044 10.5724 8.28944 de
370.617 182.044 48.8216 8.28944 wijzigingen
421.956 182.044 19.6319 8.28944 vóór
444.106 182.044 10.5724 8.28944 de
457.196 182.044 37.7509 8.28944 beoogde
497.464 182.044 27.6768 8.28944 datum

221.102 192.702 15.6095 8.28944 van
239.229 192.702 72.9833 8.28944 inwerkingtreding
314.73 192.702 50.3527 8.28944 aanvaarden
367.601 192.702 8.55217 8.28944 of
378.671 192.702 48.3324 8.28944 verwerpen.

230.162 214.019 7.55562 8.28944 2.
240.235 214.019 8.0539 8.28944 In
250.807 214.019 13.5893 8.28944 het
266.913 214.019 31.21 8.28944 tweede
300.641 214.019 10.5724 8.28944 lid
313.731 214.019 25.1582 8.28944 wordt
341.407 214.019 8.0539 8.28944 in
351.979 214.019 43.2954 8.28944 onderdeel
397.792 214.019 5.03708 8.28944 a
405.346 214.019 26.182 8.28944 «deelt
434.046 214.019 10.5724 8.28944 de
447.136 214.019 87.6054 8.28944 betaaldienstverlener

221.102 224.677 10.5724 8.28944 de
234.192 224.677 93.1317 8.28944 betaaldienstgebruiker
329.842 224.677 23.6634 8.28944 mee»
356.023 224.677 45.3156 8.28944 vervangen
403.856 224.677 22.6487 8.28944 door:
429.022 224.677 18.119 8.28944 stelt
449.659 224.677 10.5724 8.28944 de
462.749 224.677 68.6357 8.28944 betaaldienstver-

221.102 235.336 21.6522 8.28944 lener
245.272 235.336 10.5724 8.28944 de
258.362 235.336 93.1317 8.28944 betaaldienstgebruiker
354.012 235.336 24.1707 8.28944 ervan
380.7 235.336 8.0539 8.28944 in
391.271 235.336 30.2044 8.28944 kennis.

230.162 256.652 7.55562 8.28944 3.
240.235 256.652 8.0539 8.28944 In
250.807 256.652 13.5893 8.28944 het
266.913 256.652 31.21 8.28944 tweede
300.641 256.652 10.5724 8.28944 lid
313.731 256.652 21.6341 8.28944 komt
337.883 256.652 43.2954 8.28944 onderdeel
383.696 256.652 5.53535 8.28944 b
391.749 256.652 12.0854 8.28944 als
406.352 256.652 21.6431 8.28944 volgt
430.513 256.652 8.0539 8.28944 te
441.084 256.652 29.1988 8.28944 luiden:

230.162 267.31 8.0539 8.28944 b.
240.733 267.31 18.119 8.28944 stelt
261.37 267.31 10.5724 8.28944 de
274.46 267.31 87.6054 8.28944 betaaldienstverlener
364.583 267.31 10.5724 8.28944 de
377.673 267.31 93.1317 8.28944 betaaldienstgebruiker
473.322 267.31 8.56123 8.28944 er
484.401 267.31 15.6005 8.28944 ook
502.519 267.31 15.6095 8.28944 van
520.647 267.31 8.0539 8.28944 in

221.102 277.969 27.6858 8.28944 kennis
251.306 277.969 13.5892 8.28944 dat
267.413 277.969 37.2527 8.28944 wanneer
307.183 277.969 10.5724 8.28944 de
320.273 277.969 93.1317 8.28944 betaaldienstgebruiker
415.922 277.969 19.6319 8.28944 deze
438.072 277.969 48.8216 8.28944 wijzigingen
489.411 277.969 40.7768 8.28944 verwerpt,

221.102 288.627 10.5724 8.28944 de
234.192 288.627 93.1317 8.28944 betaaldienstgebruiker
329.842 288.627 13.5892 8.28944 het
345.949 288.627 21.6431 8.28944 recht
370.109 288.627 21.6431 8.28944 heeft
394.27 288.627 10.5724 8.28944 de
407.36 288.627 83.0575 8.28944 raamovereenkomst
492.935 288.627 40.7678 8.28944 kosteloos

221.102 299.286 10.5724 8.28944 en
234.192 299.286 16.6061 8.28944 met
253.316 299.286 29.697 8.28944 ingang
285.531 299.286 15.6095 8.28944 van
303.658 299.286 12.0854 8.28944 elk
318.261 299.286 36.2289 8.28944 moment
357.007 299.286 11.569 8.28944 tot
371.094 299.286 10.5724 8.28944 de
384.184 299.286 27.6768 8.28944 datum
414.379 299.286 32.2156 8.28944 waarop
449.112 299.286 10.5724 8.28944 de
462.202 299.286 38.2492 8.28944 wijziging
502.969 299.286 15.0931 8.28944 zou

221.102 309.944 31.7173 8.28944 ingaan,
255.336 309.944 8.0539 8.28944 te
265.907 309.944 50.3436 8.28944 beëindigen.

221.102 331.26 5.53535 8.28944 E

230.162 352.576 27.6858 8.28944 Artikel
260.365 352.576 17.6298 8.28944 518,
280.513 352.576 31.21 8.28944 tweede
314.24 352.576 13.091 8.28944 lid,
329.849 352.576 21.6341 8.28944 komt
354.001 352.576 12.0854 8.28944 als
368.604 352.576 21.6431 8.28944 volgt
392.764 352.576 8.0539 8.28944 te
403.336 352.576 29.1988 8.28944 luiden:

230.162 363.235 7.55562 8.28944 2.
240.235 363.235 11.578 8.28944 De
254.331 363.235 83.0575 8.28944 raamovereenkomst
339.906 363.235 15.1022 8.28944 kan
357.526 363.235 20.1302 8.28944 door
380.174 363.235 10.5724 8.28944 de
393.264 363.235 93.1317 8.28944 betaaldienstgebruiker
488.913 363.235 40.7678 8.28944 kosteloos

221.102 373.893 32.7139 8.28944 worden
256.334 373.893 45.3066 8.28944 beëindigd,
304.158 373.893 33.7376 8.28944 behalve
340.413 373.893 37.2527 8.28944 wanneer
380.183 373.893 10.5724 8.28944 de
393.274 373.893 60.907 8.28944 overeenkomst
456.698 373.893 30.7026 8.28944 minder
489.919 373.893 16.1078 8.28944 dan
508.544 373.893 13.5893 8.28944 zes

221.102 384.552 40.2695 8.28944 maanden
263.889 384.552 8.0539 8.28944 in
274.461 384.552 34.2268 8.28944 werking
311.205 384.552 7.04829 8.28944 is
320.771 384.552 38.2583 8.28944 geweest.
361.547 384.552 42.2897 8.28944 Eventuele
406.355 384.552 19.6319 8.28944 voor
428.504 384.552 50.8419 8.28944 beëindiging
481.864 384.552 15.6095 8.28944 van
499.991 384.552 10.5724 8.28944 de

221.102 395.21 83.0575 8.28944 raamovereenkomst
306.677 395.21 15.6095 8.28944 aan
324.805 395.21 8.0539 8.28944 te
335.376 395.21 34.2359 8.28944 rekenen
372.13 395.21 28.1841 8.28944 kosten
402.831 395.21 14.5949 8.28944 zijn
419.944 395.21 35.7397 8.28944 passend
458.201 395.21 10.5724 8.28944 en
471.291 395.21 8.0539 8.28944 in
481.863 395.21 37.76 8.28944 overeen-

221.102 405.869 43.2772 8.28944 stemming
266.897 405.869 16.6061 8.28944 met
286.021 405.869 10.5724 8.28944 de
299.111 405.869 35.7488 8.28944 feitelijke
337.377 405.869 30.7026 8.28944 kosten.

221.102 427.185 10.5724 8.28944 Ea

230.162 448.501 8.0539 8.28944 In
240.733 448.501 26.182 8.28944 artikel
269.433 448.501 17.6298 8.28944 519,
289.58 448.501 31.21 8.28944 tweede
323.308 448.501 13.091 8.28944 lid,
338.917 448.501 25.1582 8.28944 wordt
366.592 448.501 10.5724 8.28944 na
379.683 448.501 31.7173 8.28944 «Indien
413.917 448.501 19.6319 8.28944 voor
436.067 448.501 13.5892 8.28944 het
452.174 448.501 35.2415 8.28944 initiëren
489.933 448.501 15.6095 8.28944 van
508.06 448.501 15.6095 8.28944 een

221.102 459.16 86.0834 8.28944 betalingstransactie»
309.703 459.16 47.8251 8.28944 ingevoegd:
360.046 459.16 10.5724 8.28944 bij
373.136 459.16 15.6095 8.28944 een
391.263 459.16 64.4312 8.28944 geldautomaat,.

221.102 480.476 5.03708 8.28944 F

230.162 501.792 27.6858 8.28944 Artikel
260.365 501.792 15.1112 8.28944 520
277.994 501.792 25.1582 8.28944 wordt
305.67 501.792 40.7678 8.28944 gewijzigd
348.955 501.792 12.0854 8.28944 als
363.558 501.792 24.1617 8.28944 volgt:

230.162 523.108 7.55562 8.28944 1.
240.234 523.108 8.0539 8.28944 In
250.805 523.108 13.5893 8.28944 het
266.911 523.108 26.182 8.28944 eerste
295.609 523.108 10.5724 8.28944 lid
308.699 523.108 25.1582 8.28944 wordt
336.374 523.108 22.6669 8.28944 «542,
361.557 523.108 31.21 8.28944 tweede
395.284 523.108 15.6095 8.28944 lid»
413.41 523.108 45.3156 8.28944 vervangen
461.242 523.108 22.6487 8.28944 door:
486.408 523.108 17.6298 8.28944 542,
506.554 523.108 26.6893 8.28944 vierde

221.102 533.766 13.091 8.28944 lid.

230.162 555.082 7.55562 8.28944 2.
240.234 555.082 14.5949 8.28944 Het
257.346 555.082 31.21 8.28944 tweede
291.072 555.082 10.5724 8.28944 lid
304.162 555.082 21.6341 8.28944 komt
328.312 555.082 8.0539 8.28944 te
338.883 555.082 29.1988 8.28944 luiden:

230.162 565.741 7.55562 8.28944 2.
240.235 565.741 11.0798 8.28944 Bij
253.832 565.741 15.6095 8.28944 een
271.96 565.741 81.0463 8.28944 betalingstransactie
355.524 565.741 13.091 8.28944 die
371.132 565.741 29.697 8.28944 binnen
403.347 565.741 10.5724 8.28944 de
416.437 565.741 40.2695 8.28944 Europese
459.224 565.741 20.1393 8.28944 Unie
481.881 565.741 25.1582 8.28944 wordt

221.102 576.399 32.7229 8.28944 verricht
256.343 576.399 10.5724 8.28944 en
269.433 576.399 31.7173 8.28944 waarbij
303.668 576.399 10.5724 8.28944 de
316.758 576.399 92.1351 8.28944 betaaldienstverleners
411.411 576.399 15.6095 8.28944 van
429.538 576.399 24.66 8.28944 zowel
456.715 576.399 10.5724 8.28944 de
469.806 576.399 29.7061 8.28944 betaler
502.029 576.399 12.0854 8.28944 als
516.632 576.399 10.5724 8.28944 de

221.102 587.058 55.8699 8.28944 begunstigde,
279.49 587.058 8.55217 8.28944 of
290.56 587.058 10.5724 8.28944 de
303.65 587.058 23.6634 8.28944 enige
329.831 587.058 10.5724 8.28944 bij
342.921 587.058 10.5724 8.28944 de
356.011 587.058 81.0463 8.28944 betalingstransactie
439.575 587.058 42.2807 8.28944 betrokken
484.373 587.058 55.3717 8.28944 betaaldienst-

221.102 597.716 37.1005 8.28944 verlener,
260.72 597.716 16.6061 8.28944 zich
279.844 597.716 29.697 8.28944 binnen
312.059 597.716 10.5724 8.28944 de
325.149 597.716 40.2695 8.28944 Europese
367.936 597.716 20.1393 8.28944 Unie
390.593 597.716 42.2897 8.28944 bevinden,
435.4 597.716 31.7173 8.28944 betalen
469.635 597.716 10.5724 8.28944 de
482.725 597.716 29.7061 8.28944 betaler
514.949 597.716 10.5724 8.28944 en
528.039 597.716 10.5724 8.28944 de

221.102 608.375 53.3514 8.28944 begunstigde
276.971 608.375 12.0854 8.28944 elk
291.574 608.375 19.6319 8.28944 voor
313.724 608.375 16.6061 8.28944 zich
332.848 608.375 10.5724 8.28944 de
345.938 608.375 28.1841 8.28944 kosten
376.639 608.375 13.091 8.28944 die
392.248 608.375 16.6061 8.28944 hun
411.372 608.375 48.8398 8.28944 respectieve
462.729 608.375 68.6357 8.28944 betaaldienstver-

221.102 619.033 21.6522 8.28944 lener
245.271 619.033 8.0539 8.28944 in
255.842 619.033 37.2527 8.28944 rekening
295.611 619.033 30.7026 8.28944 brengt.

230.162 640.35 7.55562 8.28944 3.
240.234 640.35 17.1134 8.28944 Aan
259.864 640.35 13.5892 8.28944 het
275.97 640.35 23.6634 8.28944 einde
302.15 640.35 15.6095 8.28944 van
320.277 640.35 13.5892 8.28944 het
336.383 640.35 24.669 8.28944 derde
363.568 640.35 10.5724 8.28944 lid
376.658 640.35 25.1582 8.28944 wordt
404.332 640.35 15.6095 8.28944 een
422.459 640.35 12.0763 8.28944 zin
437.052 640.35 53.3605 8.28944 toegevoegd,
492.929 640.35 39.7712 8.28944 luidende:

230.162 651.008 11.578 8.28944 De
244.257 651.008 41.7915 8.28944 eventueel
288.567 651.008 8.0539 8.28944 in
299.138 651.008 37.2527 8.28944 rekening
338.908 651.008 42.788 8.28944 gebrachte
384.214 651.008 28.1841 8.28944 kosten
414.916 651.008 26.6802 8.28944 liggen
444.114 651.008 16.1078 8.28944 niet
462.739 651.008 25.1673 8.28944 hoger
490.424 651.008 16.1078 8.28944 dan
509.049 651.008 10.5724 8.28944 de

221.102 661.667 29.1988 8.28944 directe
252.819 661.667 28.1841 8.28944 kosten
283.52 661.667 13.091 8.28944 die
299.129 661.667 10.5724 8.28944 de
312.219 661.667 53.3514 8.28944 begunstigde
368.088 661.667 14.5949 8.28944 zelf
385.201 661.667 19.6319 8.28944 voor
407.35 661.667 13.5892 8.28944 het
423.457 661.667 32.2156 8.28944 gebruik
458.19 661.667 15.6095 8.28944 van
476.317 661.667 13.5892 8.28944 het
492.424 661.667 42.2897 8.28944 specifieke

221.102 672.325 72.9833 8.28944 betaalinstrument
296.602 672.325 28.6914 8.28944 maakt.

230.162 693.641 7.55562 8.28944 4.
240.234 693.641 9.0595 8.28944 Er
251.81 693.641 25.1582 8.28944 wordt
279.485 693.641 15.6095 8.28944 een
297.612 693.641 26.6893 8.28944 vierde
326.818 693.641 10.5724 8.28944 lid
339.907 693.641 53.3605 8.28944 toegevoegd,
395.784 693.641 39.7712 8.28944 luidende:

221.102 766.046 26.182 8.38004 Eerste
250.3 766.046 28.7032 8.38004 Kamer,
282.019 766.046 50.851 8.38004 vergaderjaar
335.886 766.046 47.8523 8.38004 2017–2018,
386.754 766.046 10.0742 8.38004 34
399.844 766.046 17.6298 8.38004 813,
420.49 766.046 6.04269 8.38004 A

529.919 766.046 10.0742 8.38004 14

230.162 64.804 7.55562 8.28944 4.
240.235 64.804 22.6578 8.28944 Geen
265.411 64.804 48.8307 8.28944 vergoeding
316.759 64.804 25.1582 8.28944 wordt
344.435 64.804 20.1302 8.28944 door
367.083 64.804 10.5724 8.28944 de
380.173 64.804 53.3514 8.28944 begunstigde
436.042 64.804 40.2785 8.28944 gevraagd
478.838 64.804 19.6319 8.28944 voor
500.987 64.804 13.5892 8.28944 het

221.102 75.4625 32.2156 8.28944 gebruik
255.835 75.4625 15.6095 8.28944 van
273.961 75.4625 83.5558 8.28944 betaalinstrumenten
360.033 75.4625 36.7544 8.28944 waarvan
399.305 75.4625 10.5724 8.28944 de
412.394 75.4625 112.256 8.28944 afwikkelingsvergoedingen

221.102 86.121 25.1673 8.28944 onder
248.786 86.121 42.7699 8.28944 hoofdstuk
294.073 86.121 5.03708 8.28944 II
301.627 86.121 15.6095 8.28944 van
319.753 86.121 52.729 8.28944 Verordening
374.999 86.121 18.6173 8.28944 (EU)
396.133 86.121 10.9094 8.28944 nr.
409.559 86.121 37.7781 8.28944 2015/571
449.854 86.121 28.2022 8.28944 vallen,
480.573 86.121 21.1358 8.28944 noch
504.225 86.121 19.6319 8.28944 voor

221.102 96.7795 62.9273 8.28944 betaaldiensten
286.547 96.7795 32.2156 8.28944 waarop
321.281 96.7795 52.729 8.28944 Verordening
376.527 96.7795 18.6173 8.28944 (EU)
397.662 96.7795 10.9094 8.28944 nr.
411.089 96.7795 37.7781 8.28944 260/2012
451.385 96.7795 15.6095 8.28944 van
469.512 96.7795 46.8104 8.28944 toepassing
518.84 96.7795 9.56683 8.28944 is.

221.102 118.096 7.04829 8.28944 G

230.162 139.412 27.6858 8.28944 Artikel
260.365 139.412 17.6298 8.28944 521,
280.513 139.412 26.182 8.28944 eerste
309.212 139.412 13.091 8.28944 lid,
324.821 139.412 25.1582 8.28944 wordt
352.497 139.412 12.0854 8.28944 als
367.1 139.412 21.6431 8.28944 volgt
391.261 139.412 43.2863 8.28944 gewijzigd:

230.162 160.728 7.55562 8.28944 1.
240.235 160.728 8.0539 8.28944 In
250.807 160.728 43.2954 8.28944 onderdeel
296.62 160.728 5.03708 8.28944 a
304.174 160.728 25.1582 8.28944 wordt
331.85 160.728 22.6669 8.28944 «525,
357.035 160.728 26.182 8.28944 eerste
385.734 160.728 13.091 8.28944 lid,
401.343 160.728 25.1673 8.28944 onder
429.028 160.728 4.52975 8.28944 c
436.075 160.728 10.5724 8.28944 en
449.165 160.728 10.5724 8.28944 d»
462.255 160.728 45.3156 8.28944 vervangen
510.089 160.728 22.6488 8.28944 door:

221.102 171.386 22.6669 8.28944 «525,
246.287 171.386 26.182 8.28944 eerste
274.986 171.386 13.091 8.28944 lid,
290.595 171.386 25.1673 8.28944 onder
318.28 171.386 4.52975 8.28944 c
325.327 171.386 10.5724 8.28944 en
338.417 171.386 12.5927 8.28944 e,»
353.528 171.386 10.5724 8.28944 en
366.618 171.386 25.1582 8.28944 wordt
394.294 171.386 13.5892 8.28944 «of
410.401 171.386 27.6949 8.28944 verder
440.613 171.386 32.2156 8.28944 gebruik
475.346 171.386 24.1707 8.28944 ervan
502.035 171.386 16.1078 8.28944 niet
520.66 171.386 15.1022 8.28944 kan

221.102 182.045 32.7139 8.28944 worden
256.334 182.045 57.3919 8.28944 geblokkeerd»
316.243 182.045 45.3156 8.28944 vervangen
364.077 182.045 22.6487 8.28944 door:
389.243 182.045 8.55217 8.28944 of
400.313 182.045 27.6949 8.28944 verder
430.525 182.045 32.2156 8.28944 gebruik
465.259 182.045 34.7432 8.28944 daarvan
502.519 182.045 16.1078 8.28944 niet
521.145 182.045 15.1022 8.28944 kan

221.102 192.703 32.7139 8.28944 worden
256.333 192.703 51.3402 8.28944 voorkomen.

230.162 214.019 7.55562 8.28944 2.
240.235 214.019 8.0539 8.28944 In
250.807 214.019 43.2954 8.28944 onderdeel
296.62 214.019 5.53535 8.28944 b
304.673 214.019 29.2078 8.28944 vervalt
336.398 214.019 15.6095 8.28944 «en
354.525 214.019 36.2471 8.28944 tweede»
393.29 214.019 10.5724 8.28944 en
406.38 214.019 25.1582 8.28944 wordt
434.056 214.019 12.0854 8.28944 «is
448.659 214.019 74.5053 8.28944 geauthenticeerd»

221.102 224.678 45.3156 8.28944 vervangen
268.935 224.678 22.6487 8.28944 door:
294.1 224.678 17.1134 8.28944 was
313.73 224.678 49.8363 8.28944 toegestaan.

230.162 245.994 7.55562 8.28944 3.
240.234 245.994 8.0539 8.28944 In
250.805 245.994 43.2954 8.28944 onderdeel
296.617 245.994 5.53535 8.28944 d
304.669 245.994 25.1582 8.28944 wordt
332.344 245.994 13.5892 8.28944 «of
348.45 245.994 14.5949 8.28944 zijn
365.562 245.994 51.3311 8.28944 instemming
419.409 245.994 16.6061 8.28944 met
438.532 245.994 10.5724 8.28944 de
451.621 245.994 43.7936 8.28944 uitvoering
497.932 245.994 15.6095 8.28944 van
516.058 245.994 10.5724 8.28944 de

221.102 256.653 81.0463 8.28944 betalingstransactie
304.666 256.653 15.6095 8.28944 aan
322.793 256.653 10.5724 8.28944 de
335.884 256.653 53.3514 8.28944 begunstigde
391.753 256.653 21.6431 8.28944 heeft
415.913 256.653 42.2897 8.28944 verstrekt»
460.721 256.653 45.3156 8.28944 vervangen
508.554 256.653 22.6488 8.28944 door:

221.102 267.311 8.55217 8.28944 of
232.171 267.311 10.5724 8.28944 de
245.26 267.311 53.3514 8.28944 begunstigde
301.129 267.311 16.6061 8.28944 met
320.251 267.311 10.5724 8.28944 de
333.341 267.311 43.7936 8.28944 uitvoering
379.651 267.311 15.6095 8.28944 van
397.777 267.311 10.5724 8.28944 de
410.866 267.311 81.0463 8.28944 betalingstransactie
494.429 267.311 21.6431 8.28944 heeft

221.102 277.97 47.816 8.28944 ingestemd.

221.102 299.286 6.54096 8.28944 H

230.162 320.602 14.5949 8.28944 Het
247.274 320.602 37.7419 8.28944 opschrift
287.534 320.602 15.6095 8.28944 van
305.661 320.602 36.238 8.28944 Afdeling
344.417 320.602 5.03708 8.28944 2
351.971 320.602 21.6341 8.28944 komt
376.123 320.602 8.0539 8.28944 te
386.695 320.602 29.1988 8.28944 luiden:

221.102 341.918 45.3066 8.28944 AFDELING
268.926 341.918 5.03708 8.28944 2
276.479 341.918 49.1587 8.28944 TOESTAAN
328.155 341.918 18.7994 8.28944 VAN
349.471 341.918 114.106 8.28944 BETALINGSTRANSACTIES

221.102 363.234 2.51854 8.28944 I

230.162 384.55 27.6858 8.28944 Artikel
260.364 384.55 15.1112 8.28944 522
277.992 384.55 25.1582 8.28944 wordt
305.667 384.55 12.0854 8.28944 als
320.269 384.55 21.6431 8.28944 volgt
344.429 384.55 43.2863 8.28944 gewijzigd:

230.162 405.866 7.55562 8.28944 1.
240.235 405.866 8.0539 8.28944 In
250.807 405.866 13.5893 8.28944 het
266.914 405.866 31.21 8.28944 tweede
300.641 405.866 13.091 8.28944 lid,
316.25 405.866 26.182 8.28944 eerste
344.949 405.866 27.6858 8.28944 volzin,
375.153 405.866 25.1582 8.28944 wordt
402.829 405.866 97.6795 8.28944 «betaaldienstverlener»

221.102 416.525 45.3156 8.28944 vervangen
268.936 416.525 22.6487 8.28944 door:
294.102 416.525 39.7803 8.28944 relevante
336.4 416.525 100.687 8.28944 betaaldienstverlener(s).

230.162 437.841 7.55562 8.28944 2.
240.235 437.841 8.0539 8.28944 In
250.807 437.841 13.5893 8.28944 het
266.914 437.841 31.21 8.28944 tweede
300.641 437.841 10.5724 8.28944 lid
313.731 437.841 25.1582 8.28944 wordt
341.407 437.841 10.5724 8.28944 na
354.497 437.841 10.5724 8.28944 de
367.587 437.841 26.182 8.28944 eerste
396.287 437.841 25.1673 8.28944 volzin
423.972 437.841 15.6095 8.28944 een
442.099 437.841 12.0763 8.28944 zin
456.693 437.841 53.3605 8.28944 toegevoegd,

221.102 448.499 39.7712 8.28944 luidende:

230.162 459.158 11.578 8.28944 De
244.258 459.158 51.3311 8.28944 instemming
298.106 459.158 16.6061 8.28944 met
317.23 459.158 10.5724 8.28944 de
330.32 459.158 43.7936 8.28944 uitvoering
376.631 459.158 15.6095 8.28944 van
394.759 459.158 15.6095 8.28944 een
412.886 459.158 81.0463 8.28944 betalingstransactie
496.45 459.158 15.1022 8.28944 kan
514.069 459.158 15.6005 8.28944 ook

221.102 469.816 32.7139 8.28944 worden
256.334 469.816 37.2617 8.28944 verleend
296.113 469.816 12.5927 8.28944 via
311.224 469.816 10.5724 8.28944 de
324.314 469.816 53.3514 8.28944 begunstigde
380.183 469.816 8.55217 8.28944 of
391.252 469.816 10.5724 8.28944 de
404.343 469.816 121.173 8.28944 betaalinitiatiedienstverlener.

221.102 491.132 5.03708 8.28944 J

230.162 512.448 9.0595 8.28944 Er
241.739 512.448 32.7139 8.28944 worden
276.971 512.448 10.5724 8.28944 na
290.061 512.448 26.182 8.28944 artikel
318.76 512.448 15.1112 8.28944 522
336.389 512.448 16.6151 8.28944 drie
355.522 512.448 36.7544 8.28944 artikelen
394.794 512.448 47.8251 8.28944 ingevoegd,
445.137 512.448 39.7712 8.28944 luidende:

221.102 533.765 33.2248 8.26226 Artikel
256.848 533.765 23.6743 8.26226 522a

230.162 555.081 7.55562 8.28944 1.
240.234 555.081 16.1078 8.28944 Een
258.859 555.081 80.539 8.28944 rekeninghoudende
341.914 555.081 87.6054 8.28944 betaaldienstverlener
432.037 555.081 39.2639 8.28944 bevestigt
473.817 555.081 11.0707 8.28944 op
487.405 555.081 32.7229 8.28944 verzoek
522.644 555.081 15.6095 8.28944 van

221.102 565.739 15.6095 8.28944 een
239.229 565.739 87.6054 8.28944 betaaldienstverlener
329.351 565.739 13.091 8.28944 die
344.958 565.739 11.0707 8.28944 op
358.546 565.739 31.7173 8.28944 kaarten
392.78 565.739 49.8454 8.28944 gebaseerde
445.142 565.739 83.5558 8.28944 betaalinstrumenten

221.102 576.398 35.2324 8.28944 uitgeeft,
258.852 576.398 52.8531 8.28944 onmiddellijk
314.223 576.398 8.55217 8.28944 of
325.293 576.398 15.6095 8.28944 een
343.42 576.398 30.2044 8.28944 bedrag
376.142 576.398 13.5892 8.28944 dat
392.249 576.398 52.8531 8.28944 noodzakelijk
447.62 576.398 7.04829 8.28944 is
457.186 576.398 19.6319 8.28944 voor
479.335 576.398 10.5724 8.28944 de
492.425 576.398 43.7936 8.28944 uitvoering

221.102 587.056 15.6095 8.28944 van
239.23 587.056 15.6095 8.28944 een
257.357 587.056 11.0707 8.28944 op
270.945 587.056 31.7173 8.28944 kaarten
305.18 587.056 49.8454 8.28944 gebaseerde
357.543 587.056 83.5648 8.28944 betalingstransactie,
443.625 587.056 51.3492 8.28944 beschikbaar
497.492 587.056 7.04829 8.28944 is
507.058 587.056 11.0707 8.28944 op
520.647 587.056 10.5724 8.28944 de

221.102 597.715 63.4346 8.28944 betaalrekening
287.055 597.715 15.6095 8.28944 van
305.182 597.715 10.5724 8.28944 de
318.272 597.715 31.5561 8.28944 betaler,
352.346 597.715 21.1358 8.28944 mits:

230.162 608.373 8.0539 8.28944 a)
240.733 608.373 10.5724 8.28944 de
253.822 608.373 63.4346 8.28944 betaalrekening
319.773 608.373 15.6095 8.28944 van
337.899 608.373 10.5724 8.28944 de
350.988 608.373 29.7061 8.28944 betaler
383.211 608.373 26.6802 8.28944 online
412.408 608.373 51.3492 8.28944 toegankelijk
466.274 608.373 7.04829 8.28944 is
475.839 608.373 11.0707 8.28944 op
489.427 608.373 13.5892 8.28944 het

221.102 619.032 36.2289 8.28944 moment
259.848 619.032 15.6095 8.28944 van
277.974 619.032 13.5892 8.28944 het
294.08 619.032 35.2415 8.28944 verzoek;

230.162 629.69 8.55217 8.28944 b)
241.232 629.69 10.5724 8.28944 de
254.322 629.69 29.7061 8.28944 betaler
286.546 629.69 8.56123 8.28944 er
297.624 629.69 51.8475 8.28944 uitdrukkelijk
351.99 629.69 18.6263 8.28944 mee
373.133 629.69 21.6431 8.28944 heeft
397.294 629.69 45.2975 8.28944 ingestemd
445.109 629.69 13.5892 8.28944 dat
461.216 629.69 10.5724 8.28944 de
474.306 629.69 56.8755 8.28944 rekeninghou-

221.102 640.349 26.6802 8.28944 dende
250.3 640.349 87.6054 8.28944 betaaldienstverlener
340.423 640.349 44.2828 8.28944 antwoordt
387.224 640.349 11.0707 8.28944 op
400.812 640.349 43.2954 8.28944 verzoeken
446.625 640.349 15.6095 8.28944 van
464.752 640.349 15.6095 8.28944 een
482.879 640.349 42.2897 8.28944 specifieke

221.102 651.007 87.6054 8.28944 betaaldienstverlener
311.225 651.007 14.0875 8.28944 om
327.831 651.007 8.0539 8.28944 te
338.402 651.007 46.8195 8.28944 bevestigen
387.739 651.007 13.5892 8.28944 dat
403.846 651.007 13.5892 8.28944 het
419.953 651.007 30.2044 8.28944 bedrag
452.675 651.007 13.5892 8.28944 dat
468.782 651.007 56.3773 8.28944 overeenkomt

221.102 661.666 16.6061 8.28944 met
240.225 661.666 15.6095 8.28944 een
258.351 661.666 39.2729 8.28944 bepaalde
300.141 661.666 11.0707 8.28944 op
313.729 661.666 31.7173 8.28944 kaarten
347.963 661.666 49.8454 8.28944 gebaseerde
400.325 661.666 83.5648 8.28944 betalingstransactie,
486.406 661.666 11.0707 8.28944 op
499.994 661.666 10.5724 8.28944 de

221.102 672.324 63.4346 8.28944 betaalrekening
287.055 672.324 15.6095 8.28944 van
305.182 672.324 10.5724 8.28944 de
318.272 672.324 29.7061 8.28944 betaler
350.496 672.324 51.3492 8.28944 beschikbaar
404.362 672.324 9.56683 8.28944 is;
416.447 672.324 10.5724 8.28944 en

230.162 682.983 7.54656 8.28944 c)
240.226 682.983 10.5724 8.28944 de
253.316 682.983 8.0539 8.28944 in
263.888 682.983 43.2954 8.28944 onderdeel
309.701 682.983 5.53535 8.28944 b
317.754 682.983 45.8048 8.28944 genoemde
366.076 682.983 51.3311 8.28944 instemming
419.925 682.983 7.04829 8.28944 is
429.491 682.983 37.2617 8.28944 verleend
469.27 682.983 33.2212 8.28944 voordat
505.009 682.983 13.5893 8.28944 het

221.102 693.641 26.182 8.28944 eerste
249.801 693.641 32.7229 8.28944 verzoek
285.041 693.641 14.0875 8.28944 om
301.645 693.641 49.8363 8.28944 bevestiging
353.998 693.641 7.04829 8.28944 is
363.563 693.641 34.2359 8.28944 gedaan.

221.102 766.046 26.182 8.38004 Eerste
250.3 766.046 28.7032 8.38004 Kamer,
282.019 766.046 50.851 8.38004 vergaderjaar
335.886 766.046 47.8523 8.38004 2017–2018,
386.754 766.046 10.0742 8.38004 34
399.844 766.046 17.6298 8.38004 813,
420.49 766.046 6.04269 8.38004 A

529.919 766.046 10.0742 8.38004 15

230.162 64.804 7.55562 8.28944 2.
240.235 64.804 11.578 8.28944 De
254.331 64.804 87.6054 8.28944 betaaldienstverlener
344.454 64.804 15.1022 8.28944 kan
362.074 64.804 14.0875 8.28944 om
378.679 64.804 10.5724 8.28944 de
391.769 64.804 8.0539 8.28944 in
402.34 64.804 13.5892 8.28944 het
418.447 64.804 26.182 8.28944 eerste
447.147 64.804 10.5724 8.28944 lid
460.237 64.804 39.7712 8.28944 bedoelde

221.102 75.4625 49.8363 8.28944 bevestiging
273.455 75.4625 43.2954 8.28944 verzoeken
319.268 75.4625 29.1988 8.28944 indien:

230.162 86.121 8.0539 8.28944 a)
240.733 86.121 10.5724 8.28944 de
253.824 86.121 29.7061 8.28944 betaler
286.047 86.121 8.56123 8.28944 er
297.126 86.121 51.8475 8.28944 uitdrukkelijk
351.491 86.121 18.6263 8.28944 mee
372.635 86.121 21.6431 8.28944 heeft
396.796 86.121 45.2975 8.28944 ingestemd
444.611 86.121 13.5892 8.28944 dat
460.718 86.121 10.5724 8.28944 de
473.808 86.121 55.3717 8.28944 betaaldienst-

221.102 96.7795 35.2505 8.28944 verlener
258.871 96.7795 14.0875 8.28944 om
275.476 96.7795 10.5724 8.28944 de
288.566 96.7795 8.0539 8.28944 in
299.137 96.7795 13.5892 8.28944 het
315.244 96.7795 26.182 8.28944 eerste
343.944 96.7795 10.5724 8.28944 lid
357.034 96.7795 39.7712 8.28944 bedoelde
399.323 96.7795 49.8363 8.28944 bevestiging
451.677 96.7795 38.2583 8.28944 verzoekt;

230.162 107.438 8.55217 8.28944 b)
241.232 107.438 10.5724 8.28944 de
254.322 107.438 29.7061 8.28944 betaler
286.546 107.438 10.5724 8.28944 de
299.636 107.438 11.0707 8.28944 op
313.224 107.438 31.7173 8.28944 kaarten
347.459 107.438 49.8454 8.28944 gebaseerde
399.822 107.438 81.0463 8.28944 betalingstransactie
483.386 107.438 19.6319 8.28944 voor
505.535 107.438 13.5893 8.28944 het

221.102 118.097 49.329 8.28944 betreffende
272.949 118.097 30.2044 8.28944 bedrag
305.671 118.097 45.8139 8.28944 geïnitieerd
354.003 118.097 21.6431 8.28944 heeft
378.163 118.097 15.6095 8.28944 aan
396.29 118.097 10.5724 8.28944 de
409.381 118.097 21.6431 8.28944 hand
433.541 118.097 15.6095 8.28944 van
451.668 118.097 15.6095 8.28944 een
469.796 118.097 11.0707 8.28944 op
483.384 118.097 31.7173 8.28944 kaarten

221.102 128.755 44.8083 8.28944 gebaseerd
268.428 128.755 72.9833 8.28944 betaalinstrument
343.929 128.755 13.5892 8.28944 dat
360.036 128.755 20.1302 8.28944 door
382.684 128.755 10.5724 8.28944 de
395.774 128.755 87.6054 8.28944 betaaldienstverlener
485.897 128.755 7.04829 8.28944 is
495.463 128.755 24.66 8.28944 uitge-

221.102 139.414 28.7005 8.28944 geven;
252.32 139.414 10.5724 8.28944 en

230.162 150.072 7.54656 8.28944 c)
240.225 150.072 10.5724 8.28944 hij
253.314 150.072 16.6061 8.28944 zich
272.437 150.072 19.6319 8.28944 vóór
294.586 150.072 12.0854 8.28944 elk
309.188 150.072 32.7229 8.28944 verzoek
344.428 150.072 14.0875 8.28944 om
361.032 150.072 49.8363 8.28944 bevestiging
413.385 150.072 56.3773 8.28944 authenticeert
472.279 150.072 10.5724 8.28944 bij
485.368 150.072 10.5724 8.28944 de
498.457 150.072 40.2695 8.28944 rekening-

221.102 160.731 43.2863 8.28944 houdende
266.906 160.731 87.6054 8.28944 betaaldienstverlener
357.029 160.731 10.5724 8.28944 en
370.119 160.731 11.0707 8.28944 op
383.708 160.731 15.6095 8.28944 een
401.835 160.731 28.2022 8.28944 veilige
432.555 160.731 30.2044 8.28944 manier
465.277 160.731 16.6061 8.28944 met
484.4 160.731 10.5724 8.28944 de
497.491 160.731 40.2695 8.28944 rekening-

221.102 171.389 43.2863 8.28944 houdende
266.906 171.389 87.6054 8.28944 betaaldienstverlener
357.029 171.389 64.4221 8.28944 communiceert,
423.969 171.389 68.9609 8.28944 overeenkomstig
495.448 171.389 26.182 8.28944 artikel
524.147 171.389 12.5927 8.28944 98,

221.102 182.048 26.182 8.28944 eerste
249.802 182.048 13.091 8.28944 lid,
265.411 182.048 25.1673 8.28944 onder
293.096 182.048 8.55217 8.28944 d)
304.165 182.048 15.6095 8.28944 van
322.292 182.048 10.5724 8.28944 de
335.383 182.048 34.7341 8.28944 richtlijn.

230.162 192.706 7.55562 8.28944 3.
240.234 192.706 8.0539 8.28944 In
250.805 192.706 78.0204 8.28944 overeenstemming
331.342 192.706 16.6061 8.28944 met
350.465 192.706 34.7341 8.28944 Richtlijn
387.716 192.706 37.7691 8.28944 95/46/EG
428.001 192.706 31.21 8.28944 bestaat
461.728 192.706 10.5724 8.28944 de
474.817 192.706 8.0539 8.28944 in
485.388 192.706 26.182 8.28944 eerste
514.087 192.706 10.5724 8.28944 lid

221.102 203.365 39.7712 8.28944 bedoelde
263.391 203.365 49.8363 8.28944 bevestiging
315.745 203.365 45.2975 8.28944 uitsluitend
363.56 203.365 11.0707 8.28944 uit
377.149 203.365 15.6095 8.28944 een
395.276 203.365 41.266 8.28944 antwoord
439.059 203.365 8.0539 8.28944 in
449.631 203.365 10.5724 8.28944 de
462.721 203.365 22.6487 8.28944 vorm
487.887 203.365 15.6095 8.28944 van
506.015 203.365 15.6095 8.28944 een

221.102 214.023 45.3066 8.28944 eenvoudig
268.927 214.023 17.6298 8.28944 „ja»
289.074 214.023 8.55217 8.28944 of
300.144 214.023 28.2022 8.28944 „nee»,
330.864 214.023 10.5724 8.28944 en
343.954 214.023 16.1078 8.28944 niet
362.579 214.023 11.0707 8.28944 uit
376.168 214.023 15.6095 8.28944 een
394.295 214.023 71.9777 8.28944 rekeningafschrift
468.79 214.023 15.6095 8.28944 van
486.917 214.023 13.5892 8.28944 het
503.024 214.023 25.6746 8.28944 saldo.

221.102 224.682 12.0763 8.28944 Dit
235.696 224.682 41.266 8.28944 antwoord
279.48 224.682 25.1582 8.28944 wordt
307.156 224.682 16.1078 8.28944 niet
325.781 224.682 49.8363 8.28944 opgeslagen
378.135 224.682 8.55217 8.28944 of
389.205 224.682 19.6319 8.28944 voor
411.355 224.682 29.7061 8.28944 andere
443.578 224.682 47.8251 8.28944 doeleinden
493.921 224.682 35.2324 8.28944 gebruikt

221.102 235.34 16.1078 8.28944 dan
239.727 235.34 19.6319 8.28944 voor
261.876 235.34 10.5724 8.28944 de
274.965 235.34 43.7936 8.28944 uitvoering
321.275 235.34 15.6095 8.28944 van
339.401 235.34 10.5724 8.28944 de
352.491 235.34 11.0707 8.28944 op
366.078 235.34 31.7173 8.28944 kaarten
400.312 235.34 49.8454 8.28944 gebaseerde
452.674 235.34 83.5648 8.28944 betalingstransactie.

230.162 245.999 7.55562 8.28944 4.
240.235 245.999 11.578 8.28944 De
254.331 245.999 8.0539 8.28944 in
264.902 245.999 13.5892 8.28944 het
281.009 245.999 26.182 8.28944 eerste
309.709 245.999 10.5724 8.28944 lid
322.799 245.999 39.7712 8.28944 bedoelde
365.088 245.999 49.8363 8.28944 bevestiging
417.442 245.999 21.6431 8.28944 biedt
441.602 245.999 10.5724 8.28944 de
454.693 245.999 80.539 8.28944 rekeninghoudende

221.102 256.657 87.6054 8.28944 betaaldienstverlener
311.225 256.657 16.1078 8.28944 niet
329.851 256.657 10.5724 8.28944 de
342.941 256.657 55.3717 8.28944 mogelijkheid
400.83 256.657 10.5724 8.28944 de
413.92 256.657 58.8958 8.28944 geldmiddelen
475.334 256.657 11.0707 8.28944 op
488.922 256.657 10.5724 8.28944 de

221.102 267.316 63.4346 8.28944 betaalrekening
287.055 267.316 15.6095 8.28944 van
305.182 267.316 10.5724 8.28944 de
318.272 267.316 29.7061 8.28944 betaler
350.496 267.316 8.0539 8.28944 te
361.067 267.316 44.301 8.28944 blokkeren.

230.162 277.974 7.55562 8.28944 5.
240.235 277.974 11.578 8.28944 De
254.331 277.974 29.7061 8.28944 betaler
286.555 277.974 15.1022 8.28944 kan
304.174 277.974 10.5724 8.28944 de
317.264 277.974 80.539 8.28944 rekeninghoudende
400.321 277.974 87.6054 8.28944 betaaldienstverlener
490.444 277.974 43.2954 8.28944 verzoeken

221.102 288.633 19.1246 8.28944 hem
242.744 288.633 10.5724 8.28944 de
255.833 288.633 49.8363 8.28944 identificatie
308.186 288.633 15.6095 8.28944 van
326.312 288.633 10.5724 8.28944 de
339.401 288.633 87.6054 8.28944 betaaldienstverlener
429.523 288.633 10.5724 8.28944 en
442.613 288.633 13.5892 8.28944 het
458.719 288.633 42.2897 8.28944 verstrekte

221.102 299.291 41.266 8.28944 antwoord
264.885 299.291 18.6263 8.28944 mee
286.028 299.291 8.0539 8.28944 te
296.599 299.291 26.182 8.28944 delen.

230.162 309.95 7.55562 8.28944 6.
240.235 309.95 12.0763 8.28944 Dit
254.829 309.95 26.182 8.28944 artikel
283.529 309.95 7.04829 8.28944 is
293.095 309.95 16.1078 8.28944 niet
311.72 309.95 15.6095 8.28944 van
329.847 309.95 46.8104 8.28944 toepassing
379.175 309.95 11.0707 8.28944 op
392.764 309.95 85.576 8.28944 betalingstransacties
480.857 309.95 13.091 8.28944 die
496.466 309.95 14.5949 8.28944 zijn

221.102 320.608 45.8139 8.28944 geïnitieerd
269.434 320.608 16.6061 8.28944 met
288.558 320.608 11.0707 8.28944 op
302.146 320.608 31.7173 8.28944 kaarten
336.381 320.608 49.8454 8.28944 gebaseerde
388.744 320.608 83.5558 8.28944 betaalinstrumenten
474.817 320.608 32.2156 8.28944 waarop

221.102 331.267 51.8475 8.28944 elektronisch
275.468 331.267 21.1449 8.28944 geld,
299.13 331.267 12.0854 8.28944 als
313.733 331.267 53.8678 8.28944 gedefinieerd
370.118 331.267 8.0539 8.28944 in
380.69 331.267 26.182 8.28944 artikel
409.39 331.267 7.55562 8.28944 2,
419.463 331.267 19.6229 8.28944 punt
441.603 331.267 7.55562 8.28944 2,
451.677 331.267 15.6095 8.28944 van
469.804 331.267 34.7341 8.28944 Richtlijn

221.102 341.925 55.3988 8.28944 2009/110/EG,
279.018 341.925 7.04829 8.28944 is
288.583 341.925 52.3549 8.28944 opgeslagen.

221.102 363.241 33.2248 8.26226 Artikel
256.848 363.241 24.1816 8.26226 522b

230.162 384.557 16.1078 8.28944 Een
248.787 384.557 29.7061 8.28944 betaler
281.011 384.557 21.6431 8.28944 heeft
305.172 384.557 13.5892 8.28944 het
321.279 384.557 21.6431 8.28944 recht
345.44 384.557 14.0875 8.28944 om
362.045 384.557 19.6319 8.28944 voor
384.194 384.557 62.9273 8.28944 betaaldiensten
449.639 384.557 12.0854 8.28944 als
464.242 384.557 34.7341 8.28944 bedoeld
501.494 384.557 8.0539 8.28944 in

221.102 395.216 28.7005 8.28944 bijlage
252.321 395.216 5.03708 8.28944 I,
259.875 395.216 19.6229 8.28944 punt
282.016 395.216 7.55562 8.28944 7,
292.089 395.216 15.6095 8.28944 van
310.216 395.216 10.5724 8.28944 de
323.306 395.216 32.2156 8.28944 richtlijn
358.039 395.216 32.2156 8.28944 gebruik
392.773 395.216 8.0539 8.28944 te
403.344 395.216 28.6914 8.28944 maken
434.553 395.216 15.6095 8.28944 van
452.68 395.216 15.6095 8.28944 een
470.808 395.216 60.9161 8.28944 betaalinitiatie-

221.102 405.874 63.2734 8.28944 dienstverlener.
286.892 405.874 12.0763 8.28944 Dit
301.486 405.874 21.6431 8.28944 recht
325.645 405.874 7.04829 8.28944 is
335.21 405.874 16.1078 8.28944 niet
353.835 405.874 15.6095 8.28944 van
371.961 405.874 46.8104 8.28944 toepassing
421.288 405.874 26.6802 8.28944 indien
450.485 405.874 10.5724 8.28944 de
463.574 405.874 63.4346 8.28944 betaalrekening

221.102 416.533 16.1078 8.28944 niet
239.727 416.533 26.6802 8.28944 online
268.924 416.533 61.9307 8.28944 raadpleegbaar
333.371 416.533 9.56683 8.28944 is.

221.102 437.849 33.2248 8.26226 Artikel
256.848 437.849 23.6743 8.26226 522c

230.162 459.165 16.1078 8.28944 Een
248.787 459.165 93.1317 8.28944 betaaldienstgebruiker
344.437 459.165 21.6431 8.28944 heeft
368.597 459.165 13.5892 8.28944 het
384.704 459.165 21.6431 8.28944 recht
408.865 459.165 32.2156 8.28944 gebruik
443.598 459.165 8.0539 8.28944 te
454.17 459.165 28.6914 8.28944 maken
485.379 459.165 15.6095 8.28944 van

221.102 469.823 36.7453 8.28944 diensten
260.365 469.823 13.091 8.28944 die
275.974 469.823 19.1246 8.28944 hem
297.616 469.823 35.2324 8.28944 toegang
335.366 469.823 29.1988 8.28944 bieden
367.083 469.823 11.569 8.28944 tot
381.169 469.823 81.5446 8.28944 rekeninginformatie
465.231 469.823 12.0854 8.28944 als
479.834 469.823 34.7341 8.28944 bedoeld
517.086 469.823 8.0539 8.28944 in

221.102 480.482 28.7005 8.28944 bijlage
252.32 480.482 5.03708 8.28944 I,
259.873 480.482 19.6229 8.28944 punt
282.013 480.482 5.03708 8.28944 8
289.567 480.482 15.6095 8.28944 van
307.693 480.482 10.5724 8.28944 de
320.782 480.482 34.7341 8.28944 richtlijn.
358.033 480.482 12.0763 8.28944 Dit
372.626 480.482 21.6431 8.28944 recht
396.786 480.482 7.04829 8.28944 is
406.351 480.482 16.1078 8.28944 niet
424.976 480.482 15.6095 8.28944 van
443.102 480.482 46.8104 8.28944 toepassing
492.429 480.482 26.6802 8.28944 indien
521.626 480.482 10.5724 8.28944 de

221.102 491.14 63.4346 8.28944 betaalrekening
287.055 491.14 16.1078 8.28944 niet
305.68 491.14 26.6802 8.28944 online
334.878 491.14 61.9307 8.28944 raadpleegbaar
399.326 491.14 9.56683 8.28944 is.

221.102 512.457 6.04269 8.28944 K

230.162 533.773 27.6858 8.28944 Artikel
260.364 533.773 15.1112 8.28944 523
277.992 533.773 25.1582 8.28944 wordt
305.667 533.773 12.0854 8.28944 als
320.269 533.773 21.6431 8.28944 volgt
344.429 533.773 43.2863 8.28944 gewijzigd:

230.162 555.089 7.55562 8.28944 1.
240.235 555.089 8.0539 8.28944 In
250.807 555.089 13.5893 8.28944 het
266.914 555.089 24.669 8.28944 derde
294.1 555.089 10.5724 8.28944 lid
307.19 555.089 25.1582 8.28944 wordt
334.866 555.089 46.3122 8.28944 «krachtens
383.696 555.089 29.7061 8.28944 andere
415.92 555.089 55.3807 8.28944 toepasselijke
473.818 555.089 49.8363 8.28944 wetgeving»

221.102 565.747 45.3156 8.28944 vervangen
268.935 565.747 22.6487 8.28944 door:
294.1 565.747 41.2751 8.28944 krachtens
337.892 565.747 41.7824 8.28944 Unierecht
382.191 565.747 8.55217 8.28944 of
393.26 565.747 41.2751 8.28944 krachtens
437.052 565.747 29.7061 8.28944 andere
469.275 565.747 55.3807 8.28944 toepasselijke

221.102 576.406 47.3178 8.28944 wetgeving.

230.162 597.722 7.55562 8.28944 2.
240.234 597.722 9.0595 8.28944 Er
251.81 597.722 32.7139 8.28944 worden
287.041 597.722 16.1169 8.28944 vier
305.675 597.722 23.6634 8.28944 leden
331.855 597.722 53.3605 8.28944 toegevoegd,
387.732 597.722 39.7712 8.28944 luidende:

230.162 608.38 7.55562 8.28944 5.
240.234 608.38 16.1078 8.28944 Een
258.859 608.38 80.539 8.28944 rekeninghoudende
341.914 608.38 87.6054 8.28944 betaaldienstverlener
432.037 608.38 15.1022 8.28944 kan
449.655 608.38 15.6095 8.28944 een
467.782 608.38 60.0654 8.28944 rekeninginfor-

221.102 619.039 85.5851 8.28944 matiedienstverlener
309.204 619.039 8.55217 8.28944 of
320.273 619.039 15.6095 8.28944 een
338.399 619.039 119.323 8.28944 betaalinitiatiedienstverlener
460.239 619.039 10.5724 8.28944 de
473.328 619.039 35.2324 8.28944 toegang
511.077 619.039 11.569 8.28944 tot

221.102 629.697 15.6095 8.28944 een
239.23 629.697 63.4346 8.28944 betaalrekening
305.182 629.697 44.7902 8.28944 ontzeggen
352.49 629.697 14.0875 8.28944 om
369.095 629.697 43.8027 8.28944 objectieve
415.415 629.697 10.5724 8.28944 en
428.505 629.697 11.0707 8.28944 op
442.094 629.697 45.3066 8.28944 voldoende
489.918 629.697 31.21 8.28944 aanwij-

221.102 640.356 28.1841 8.28944 zingen
251.804 640.356 49.8454 8.28944 gebaseerde
304.167 640.356 35.2415 8.28944 redenen
341.926 640.356 8.0539 8.28944 in
352.498 640.356 35.2415 8.28944 verband
390.257 640.356 16.6061 8.28944 met
409.381 640.356 66.4424 8.28944 niet-toegestane
478.341 640.356 8.55217 8.28944 of
489.41 640.356 50.3346 8.28944 frauduleuze

221.102 651.014 35.2324 8.28944 toegang
258.852 651.014 11.569 8.28944 tot
272.937 651.014 10.5724 8.28944 de
286.026 651.014 63.4346 8.28944 betaalrekening
351.978 651.014 20.1302 8.28944 door
374.625 651.014 13.091 8.28944 die
390.232 651.014 142.968 8.28944 rekeninginformatiedienstverlener

221.102 661.673 8.55217 8.28944 of
232.172 661.673 13.091 8.28944 die
247.781 661.673 121.173 8.28944 betaalinitiatiedienstverlener,
371.471 661.673 46.3122 8.28944 waaronder
420.301 661.673 10.5724 8.28944 de
433.391 661.673 66.4424 8.28944 niet-toegestane
502.351 661.673 8.55217 8.28944 of

221.102 672.331 50.3346 8.28944 frauduleuze
273.954 672.331 38.2583 8.28944 initiëring
314.729 672.331 15.6095 8.28944 van
332.855 672.331 15.6095 8.28944 een
350.981 672.331 83.5648 8.28944 betalingstransactie.

221.102 766.046 26.182 8.38004 Eerste
250.3 766.046 28.7032 8.38004 Kamer,
282.019 766.046 50.851 8.38004 vergaderjaar
335.886 766.046 47.8523 8.38004 2017–2018,
386.754 766.046 10.0742 8.38004 34
399.844 766.046 17.6298 8.38004 813,
420.49 766.046 6.04269 8.38004 A

529.919 766.046 10.0742 8.38004 16

230.162 64.804 7.55562 8.28944 6.
240.234 64.804 11.578 8.28944 De
254.329 64.804 80.539 8.28944 rekeninghoudende
337.385 64.804 87.6054 8.28944 betaaldienstverlener
427.507 64.804 47.816 8.28944 informeert,
477.84 64.804 8.0539 8.28944 in
488.41 64.804 10.5724 8.28944 de
501.499 64.804 35.7397 8.28944 situaties

221.102 75.4625 40.7678 8.28944 genoemd
264.388 75.4625 8.0539 8.28944 in
274.959 75.4625 13.5892 8.28944 het
291.066 75.4625 23.6634 8.28944 vijfde
317.247 75.4625 13.091 8.28944 lid,
332.856 75.4625 10.5724 8.28944 de
345.946 75.4625 29.7061 8.28944 betaler
378.17 75.4625 8.0539 8.28944 in
388.741 75.4625 10.5724 8.28944 de
401.831 75.4625 74.5053 8.28944 overeengekomen
478.854 75.4625 22.6487 8.28944 vorm
504.021 75.4625 19.1337 8.28944 over
525.672 75.4625 10.5724 8.28944 de

221.102 86.121 47.807 8.28944 ontzegging
271.427 86.121 15.6095 8.28944 van
289.554 86.121 35.2324 8.28944 toegang
327.304 86.121 11.569 8.28944 tot
341.391 86.121 10.5724 8.28944 de
354.481 86.121 63.4346 8.28944 betaalrekening
420.433 86.121 10.5724 8.28944 en
433.523 86.121 19.1337 8.28944 over
455.175 86.121 10.5724 8.28944 de
468.265 86.121 35.2415 8.28944 redenen

221.102 96.7795 40.6156 8.28944 daarvoor.
264.236 96.7795 26.6802 8.28944 Indien
293.433 96.7795 36.7453 8.28944 mogelijk
332.696 96.7795 25.1582 8.28944 wordt
360.372 96.7795 19.6319 8.28944 deze
382.522 96.7795 44.2919 8.28944 informatie
429.331 96.7795 15.6095 8.28944 aan
447.459 96.7795 10.5724 8.28944 de
460.549 96.7795 29.7061 8.28944 betaler
492.772 96.7795 32.2156 8.28944 meege-

221.102 107.438 23.6634 8.28944 deeld
247.283 107.438 33.2212 8.28944 voordat
283.022 107.438 10.5724 8.28944 de
296.112 107.438 35.2324 8.28944 toegang
333.862 107.438 25.1582 8.28944 wordt
361.538 107.438 36.7363 8.28944 ontzegd,
400.792 107.438 10.5724 8.28944 en
413.882 107.438 13.5892 8.28944 ten
429.989 107.438 28.1932 8.28944 laatste
460.7 107.438 52.8531 8.28944 onmiddellijk

221.102 118.097 32.2246 8.28944 daarna,
255.844 118.097 22.6488 8.28944 tenzij
281.009 118.097 13.5892 8.28944 het
297.115 118.097 49.338 8.28944 verstrekken
348.97 118.097 15.6095 8.28944 van
367.096 118.097 13.091 8.28944 die
382.704 118.097 44.2919 8.28944 informatie
429.513 118.097 36.7453 8.28944 objectief
468.775 118.097 53.5335 8.28944 gerechtvaar-

221.102 128.755 24.1617 8.28944 digde
247.782 128.755 107.736 8.28944 veiligheidsoverwegingen
358.035 128.755 15.0931 8.28944 zou
375.646 128.755 51.3402 8.28944 doorkruisen
429.504 128.755 8.55217 8.28944 of
440.573 128.755 41.2751 8.28944 krachtens
484.366 128.755 24.669 8.28944 ander

221.102 139.414 50.3436 8.28944 toepasselijk
273.964 139.414 41.7824 8.28944 Unierecht
318.264 139.414 8.55217 8.28944 of
329.334 139.414 50.3436 8.28944 toepasselijk
382.195 139.414 39.7712 8.28944 nationaal
424.484 139.414 21.6431 8.28944 recht
448.644 139.414 40.7768 8.28944 verboden
491.939 139.414 9.56683 8.28944 is.

230.162 150.072 7.55562 8.28944 7.
240.234 150.072 11.578 8.28944 De
254.329 150.072 80.539 8.28944 rekeninghoudende
337.385 150.072 87.6054 8.28944 betaaldienstverlener
427.507 150.072 34.7432 8.28944 verleent
464.767 150.072 35.2324 8.28944 toegang
502.516 150.072 11.569 8.28944 tot
516.602 150.072 10.5724 8.28944 de

221.102 160.731 63.4346 8.28944 betaalrekening
287.055 160.731 23.6544 8.28944 zodra
313.227 160.731 10.5724 8.28944 de
326.317 160.731 35.2415 8.28944 redenen
364.076 160.731 19.6319 8.28944 voor
386.225 160.731 13.5892 8.28944 het
402.332 160.731 44.7902 8.28944 ontzeggen
449.64 160.731 15.6095 8.28944 van
467.767 160.731 10.5724 8.28944 de
480.857 160.731 35.2324 8.28944 toegang
518.607 160.731 16.1078 8.28944 niet

221.102 171.389 27.1876 8.28944 langer
250.807 171.389 36.2471 8.28944 bestaan.

230.162 182.048 7.55562 8.28944 8.
240.235 182.048 8.0539 8.28944 In
250.807 182.048 10.5724 8.28944 de
263.897 182.048 8.0539 8.28944 in
274.468 182.048 13.5892 8.28944 het
290.575 182.048 24.1617 8.28944 zesde
317.254 182.048 10.5724 8.28944 lid
330.345 182.048 45.8048 8.28944 genoemde
378.667 182.048 36.2561 8.28944 gevallen
417.441 182.048 24.66 8.28944 meldt
444.618 182.048 10.5724 8.28944 de
457.708 182.048 80.539 8.28944 rekeninghoudende

221.102 192.706 87.6054 8.28944 betaaldienstverlener
311.225 192.706 13.5892 8.28944 het
327.332 192.706 34.2268 8.28944 incident
364.077 192.706 49.329 8.28944 betreffende
415.923 192.706 10.5724 8.28944 de
429.013 192.706 110.734 8.28944 rekeninginformatiedienst-

221.102 203.365 35.2505 8.28944 verlener
258.87 203.365 8.55217 8.28944 of
269.939 203.365 10.5724 8.28944 de
283.028 203.365 119.323 8.28944 betaalinitiatiedienstverlener
404.867 203.365 52.8531 8.28944 onmiddellijk
460.237 203.365 15.6095 8.28944 aan
478.363 203.365 10.5724 8.28944 de
491.452 203.365 28.8645 8.28944 Neder-

221.102 214.023 38.2583 8.28944 landsche
261.878 214.023 23.6634 8.28944 Bank.
288.059 214.023 30.7117 8.28944 Daarbij
321.289 214.023 32.7139 8.28944 moeten
356.52 214.023 10.5724 8.28944 de
369.61 214.023 39.7803 8.28944 relevante
411.908 214.023 41.2841 8.28944 gegevens
455.71 214.023 15.6095 8.28944 van
473.837 214.023 10.5724 8.28944 de
486.927 214.023 18.6263 8.28944 zaak

221.102 224.682 32.7139 8.28944 worden
256.334 224.682 35.2415 8.28944 vermeld
294.093 224.682 10.5724 8.28944 en
307.183 224.682 10.5724 8.28944 de
320.273 224.682 35.2415 8.28944 redenen
358.032 224.682 19.6319 8.28944 voor
380.182 224.682 13.5892 8.28944 het
396.289 224.682 29.697 8.28944 nemen
428.503 224.682 15.6095 8.28944 van
446.63 224.682 36.7453 8.28944 stappen.
485.893 224.682 11.578 8.28944 De

221.102 235.34 64.4402 8.28944 Nederlandsche
288.06 235.34 21.1449 8.28944 Bank
311.723 235.34 46.3122 8.28944 beoordeelt
360.553 235.34 10.5724 8.28944 de
373.643 235.34 18.6263 8.28944 zaak
394.787 235.34 10.5724 8.28944 en
407.877 235.34 29.697 8.28944 neemt,
440.091 235.34 26.6802 8.28944 indien
469.289 235.34 55.3717 8.28944 noodzakelijk,

221.102 245.999 40.7768 8.28944 passende
264.396 245.999 56.3863 8.28944 maatregelen.

221.102 267.315 5.03708 8.28944 L

230.162 288.631 27.6858 8.28944 Artikel
260.364 288.631 15.1112 8.28944 524
277.992 288.631 25.1582 8.28944 wordt
305.667 288.631 12.0854 8.28944 als
320.269 288.631 21.6431 8.28944 volgt
344.429 288.631 43.2863 8.28944 gewijzigd:

230.162 309.947 7.55562 8.28944 1.
240.235 309.947 8.0539 8.28944 In
250.807 309.947 13.5893 8.28944 het
266.914 309.947 31.21 8.28944 tweede
300.641 309.947 10.5724 8.28944 lid
313.731 309.947 25.1582 8.28944 wordt
341.407 309.947 15.6095 8.28944 «de
359.534 309.947 41.7915 8.28944 veiligheid
403.843 309.947 15.6095 8.28944 van
421.971 309.947 79.0441 8.28944 gepersonaliseerde

221.102 320.605 98.6761 8.28944 veiligheidskenmerken»
322.296 320.605 45.3156 8.28944 vervangen
370.129 320.605 22.6487 8.28944 door:
395.296 320.605 10.5724 8.28944 de
408.386 320.605 41.7915 8.28944 veiligheid
452.695 320.605 15.6095 8.28944 van
470.822 320.605 10.5724 8.28944 de
483.912 320.605 52.3549 8.28944 persoonlijke

221.102 331.264 95.6593 8.28944 beveiligingsgegevens.

230.162 352.58 7.55562 8.28944 2.
240.235 352.58 9.0595 8.28944 Er
251.812 352.58 25.1582 8.28944 wordt
279.488 352.58 15.6095 8.28944 een
297.615 352.58 26.1729 8.28944 nieuw
326.306 352.58 10.5724 8.28944 lid
339.396 352.58 53.3605 8.28944 toegevoegd,
395.274 352.58 39.7712 8.28944 luidende:

230.162 363.238 7.55562 8.28944 3.
240.235 363.238 11.578 8.28944 De
254.331 363.238 56.8846 8.28944 voorwaarden
313.733 363.238 34.7341 8.28944 bedoeld
350.985 363.238 8.0539 8.28944 in
361.556 363.238 13.5892 8.28944 het
377.663 363.238 26.182 8.28944 eerste
406.363 363.238 13.091 8.28944 lid,
421.971 363.238 43.2954 8.28944 onderdeel
467.784 363.238 7.55562 8.28944 a,
477.858 363.238 14.5949 8.28944 zijn
494.97 363.238 39.2639 8.28944 objectief,

221.102 373.897 83.5558 8.28944 niet-discriminerend
307.175 373.897 10.5724 8.28944 en
320.264 373.897 45.3156 8.28944 evenredig.

221.102 395.213 8.55217 8.28944 M

230.162 416.529 27.6858 8.28944 Artikel
260.364 416.529 15.1112 8.28944 525
277.992 416.529 25.1582 8.28944 wordt
305.667 416.529 12.0854 8.28944 als
320.269 416.529 21.6431 8.28944 volgt
344.429 416.529 43.2863 8.28944 gewijzigd:

230.162 437.845 7.55562 8.28944 1.
240.235 437.845 8.0539 8.28944 In
250.807 437.845 13.5893 8.28944 het
266.914 437.845 26.182 8.28944 eerste
295.613 437.845 13.091 8.28944 lid,
311.222 437.845 43.2954 8.28944 onderdeel
357.035 437.845 7.55562 8.28944 a,
367.108 437.845 25.1582 8.28944 wordt
394.784 437.845 15.6095 8.28944 «de
412.911 437.845 79.0441 8.28944 gepersonaliseerde
494.473 437.845 26.182 8.28944 veilig-

221.102 448.504 75.5109 8.28944 heidskenmerken»
299.13 448.504 45.3156 8.28944 vervangen
346.962 448.504 22.6487 8.28944 door:
372.128 448.504 10.5724 8.28944 de
385.217 448.504 52.3549 8.28944 persoonlijke
440.089 448.504 95.6593 8.28944 beveiligingsgegevens.

230.162 469.82 7.55562 8.28944 2.
240.234 469.82 8.0539 8.28944 In
250.805 469.82 13.5893 8.28944 het
266.911 469.82 26.182 8.28944 eerste
295.61 469.82 10.5724 8.28944 lid
308.699 469.82 25.1582 8.28944 wordt
336.374 469.82 25.1673 8.28944 onder
364.058 469.82 49.338 8.28944 verlettering
415.912 469.82 15.6095 8.28944 van
434.039 469.82 48.8307 8.28944 onderdelen
485.386 469.82 5.53535 8.28944 d
493.438 469.82 10.5724 8.28944 en
506.527 469.82 5.03708 8.28944 e
514.081 469.82 19.1337 8.28944 naar

221.102 480.478 5.03708 8.28944 e
228.657 480.478 10.5724 8.28944 en
241.747 480.478 3.01681 8.28944 f
247.282 480.478 15.6095 8.28944 een
265.409 480.478 43.2954 8.28944 onderdeel
311.222 480.478 5.53535 8.28944 d
319.275 480.478 47.8251 8.28944 ingevoegd,
369.618 480.478 39.7712 8.28944 luidende:

230.162 491.137 8.0539 8.28944 d.
240.733 491.137 21.6431 8.28944 biedt
264.892 491.137 10.5724 8.28944 de
277.982 491.137 93.1317 8.28944 betaaldienstgebruiker
373.63 491.137 10.5724 8.28944 de
386.719 491.137 55.3717 8.28944 mogelijkheid
444.608 491.137 10.5724 8.28944 de
457.697 491.137 8.0539 8.28944 in
468.267 491.137 26.182 8.28944 artikel
496.966 491.137 17.6298 8.28944 524,

221.102 501.795 26.182 8.28944 eerste
249.802 501.795 13.091 8.28944 lid,
265.411 501.795 25.1673 8.28944 onder
293.096 501.795 8.0539 8.28944 b,
303.667 501.795 39.7712 8.28944 bedoelde
345.956 501.795 56.8846 8.28944 kennisgeving
405.358 501.795 40.7677 8.28944 kosteloos
448.644 501.795 8.0539 8.28944 te
459.215 501.795 21.6431 8.28944 doen
483.376 501.795 10.5724 8.28944 en
496.466 501.795 30.7026 8.28944 brengt,

221.102 512.454 19.6319 8.28944 voor
243.251 512.454 23.1561 8.28944 zover
268.924 512.454 8.56123 8.28944 er
280.002 512.454 7.55562 8.28944 al
290.074 512.454 28.1841 8.28944 kosten
320.775 512.454 17.1134 8.28944 zijn,
340.405 512.454 25.6837 8.28944 alleen
368.606 512.454 10.5724 8.28944 de
381.695 512.454 51.8475 8.28944 rechtstreeks
436.059 512.454 15.6095 8.28944 aan
454.185 512.454 13.5892 8.28944 dat
470.291 512.454 46.8014 8.28944 instrument

221.102 523.112 53.8768 8.28944 gerelateerde
277.496 523.112 81.0463 8.28944 vervangingskosten
361.059 523.112 8.0539 8.28944 in
371.63 523.112 39.7712 8.28944 rekening;

221.102 544.428 7.04829 8.28944 N

230.162 565.745 27.6858 8.28944 Artikel
260.364 565.745 15.1112 8.28944 526
277.992 565.745 25.1582 8.28944 wordt
305.667 565.745 12.0854 8.28944 als
320.269 565.745 21.6431 8.28944 volgt
344.429 565.745 43.2863 8.28944 gewijzigd:

230.162 587.061 7.55562 8.28944 1.
240.235 587.061 20.0061 8.28944 Voor
262.759 587.061 10.5724 8.28944 de
275.849 587.061 20.1302 8.28944 tekst
298.497 587.061 25.1582 8.28944 wordt
326.173 587.061 10.5724 8.28944 de
339.263 587.061 48.3234 8.28944 aanduiding
390.104 587.061 17.6298 8.28944 «1.»
410.251 587.061 41.7824 8.28944 geplaatst.

230.162 608.377 7.55562 8.28944 2.
240.234 608.377 8.0539 8.28944 In
250.805 608.377 13.5893 8.28944 het
266.911 608.377 26.182 8.28944 eerste
295.61 608.377 10.5724 8.28944 lid
308.699 608.377 32.2065 8.28944 (nieuw)
343.422 608.377 25.1582 8.28944 wordt
371.097 608.377 39.7712 8.28944 «foutieve
413.385 608.377 86.0834 8.28944 betalingstransactie»

221.102 619.035 45.3156 8.28944 vervangen
268.935 619.035 22.6487 8.28944 door:
294.1 619.035 29.1897 8.28944 onjuist
325.807 619.035 51.3492 8.28944 uitgevoerde
379.673 619.035 83.5648 8.28944 betalingstransactie.

230.162 640.351 7.55562 8.28944 3.
240.234 640.351 9.0595 8.28944 Er
251.81 640.351 25.1582 8.28944 wordt
279.485 640.351 15.6095 8.28944 een
297.612 640.351 10.5724 8.28944 lid
310.701 640.351 53.3605 8.28944 toegevoegd,
366.578 640.351 39.7712 8.28944 luidende:

230.162 651.01 7.55562 8.28944 2.
240.234 651.01 38.4313 8.28944 Wanneer
281.182 651.01 15.6095 8.28944 een
299.309 651.01 119.323 8.28944 betaalinitiatiedienstverlener
421.148 651.01 10.5724 8.28944 bij
434.237 651.01 10.5724 8.28944 de
447.326 651.01 41.7824 8.28944 transactie
491.625 651.01 42.2807 8.28944 betrokken

221.102 661.668 9.56683 8.28944 is,
233.187 661.668 35.2415 8.28944 verkrijgt
270.946 661.668 10.5724 8.28944 de
284.036 661.668 93.1317 8.28944 betaaldienstgebruiker
379.685 661.668 44.301 8.28944 rectificatie
426.504 661.668 15.6095 8.28944 van
444.631 661.668 10.5724 8.28944 de
457.721 661.668 80.539 8.28944 rekeninghoudende

221.102 672.327 87.6054 8.28944 betaaldienstverlener
311.225 672.327 68.9609 8.28944 overeenkomstig
382.704 672.327 13.5892 8.28944 het
398.811 672.327 26.182 8.28944 eerste
427.51 672.327 13.091 8.28944 lid,
443.119 672.327 60.907 8.28944 onverminderd
506.544 672.327 26.182 8.28944 artikel

221.102 682.985 17.6298 8.28944 528,
241.25 682.985 26.182 8.28944 eerste
269.949 682.985 10.5724 8.28944 en
283.039 682.985 23.6634 8.28944 vijfde
309.221 682.985 13.091 8.28944 lid,
324.829 682.985 36.2471 8.28944 alsmede
363.594 682.985 26.182 8.28944 artikel
392.293 682.985 17.6298 8.28944 543.

221.102 766.046 26.182 8.38004 Eerste
250.3 766.046 28.7032 8.38004 Kamer,
282.019 766.046 50.851 8.38004 vergaderjaar
335.886 766.046 47.8523 8.38004 2017–2018,
386.754 766.046 10.0742 8.38004 34
399.844 766.046 17.6298 8.38004 813,
420.49 766.046 6.04269 8.38004 A

529.919 766.046 10.0742 8.38004 17

221.102 64.804 7.04829 8.28944 O

230.162 86.1201 27.6858 8.28944 Artikel
260.364 86.1201 15.1112 8.28944 527
277.992 86.1201 25.1582 8.28944 wordt
305.667 86.1201 12.0854 8.28944 als
320.269 86.1201 21.6431 8.28944 volgt
344.429 86.1201 43.2863 8.28944 gewijzigd:

230.162 107.436 7.55562 8.28944 1.
240.234 107.436 8.0539 8.28944 In
250.805 107.436 13.5893 8.28944 het
266.911 107.436 26.182 8.28944 eerste
295.609 107.436 10.5724 8.28944 lid
308.699 107.436 25.1582 8.28944 wordt
336.374 107.436 10.5724 8.28944 na
349.463 107.436 23.6634 8.28944 «enig
375.643 107.436 24.669 8.28944 ander
402.829 107.436 26.182 8.28944 falen»
431.527 107.436 47.8251 8.28944 ingevoegd:
481.869 107.436 15.6095 8.28944 van
499.995 107.436 10.5724 8.28944 de
513.085 107.436 20.1302 8.28944 door

221.102 118.095 10.5724 8.28944 de
234.191 118.095 87.6054 8.28944 betaaldienstverlener
324.314 118.095 53.3605 8.28944 aangeboden
380.191 118.095 39.2639 8.28944 diensten.

230.162 139.411 7.55562 8.28944 2.
240.235 139.411 17.1134 8.28944 Aan
259.866 139.411 13.5892 8.28944 het
275.973 139.411 26.182 8.28944 eerste
304.673 139.411 10.5724 8.28944 lid
317.763 139.411 25.1582 8.28944 wordt
345.439 139.411 15.6095 8.28944 een
363.566 139.411 12.0763 8.28944 zin
378.16 139.411 53.3605 8.28944 toegevoegd,
434.038 139.411 39.7712 8.28944 luidende:
476.327 139.411 26.6802 8.28944 Indien
505.524 139.411 10.5724 8.28944 de

221.102 150.069 81.0463 8.28944 betalingstransactie
304.666 150.069 45.8139 8.28944 geïnitieerd
352.998 150.069 25.1582 8.28944 wordt
380.674 150.069 12.5927 8.28944 via
395.784 150.069 15.6095 8.28944 een
413.911 150.069 121.173 8.28944 betaalinitiatiedienstverlener,

221.102 160.728 24.1707 8.28944 levert
247.791 160.728 19.6319 8.28944 deze
269.94 160.728 13.5892 8.28944 het
286.047 160.728 27.6858 8.28944 bewijs
316.251 160.728 16.1078 8.28944 dat,
334.876 160.728 29.697 8.28944 binnen
367.091 160.728 14.5949 8.28944 zijn
384.203 160.728 93.1317 8.28944 verantwoordelijkheid,
479.852 160.728 10.5724 8.28944 de
492.943 160.728 42.2807 8.28944 betalings-

221.102 171.386 41.7824 8.28944 transactie
265.402 171.386 7.04829 8.28944 is
274.968 171.386 71.9868 8.28944 geauthenticeerd,
349.473 171.386 18.119 8.28944 juist
370.109 171.386 7.04829 8.28944 is
379.675 171.386 57.3919 8.28944 geregistreerd
439.585 171.386 10.5724 8.28944 en
452.675 171.386 16.1078 8.28944 niet
471.3 171.386 20.1302 8.28944 door
493.948 171.386 15.6095 8.28944 een

221.102 182.045 45.8048 8.28944 technische
269.424 182.045 30.1953 8.28944 storing
302.136 182.045 8.55217 8.28944 of
313.205 182.045 18.6263 8.28944 enig
334.348 182.045 24.669 8.28944 ander
361.534 182.045 21.1449 8.28944 falen
385.195 182.045 8.0539 8.28944 in
395.766 182.045 35.2415 8.28944 verband
433.524 182.045 16.6061 8.28944 met
452.647 182.045 10.5724 8.28944 de
465.736 182.045 52.3549 8.28944 betaaldienst

221.102 192.703 39.7712 8.28944 waarmee
263.391 192.703 10.5724 8.28944 hij
276.481 192.703 7.04829 8.28944 is
286.047 192.703 28.1932 8.28944 belast,
316.758 192.703 7.04829 8.28944 is
326.324 192.703 44.8083 8.28944 beïnvloed.

230.162 214.019 7.55562 8.28944 3.
240.235 214.019 8.0539 8.28944 In
250.807 214.019 13.5893 8.28944 het
266.913 214.019 31.21 8.28944 tweede
300.641 214.019 10.5724 8.28944 lid
313.731 214.019 25.1582 8.28944 wordt
341.407 214.019 25.1673 8.28944 «door
369.092 214.019 10.5724 8.28944 de
382.182 214.019 92.6424 8.28944 betaaldienstverlener»
477.342 214.019 45.3156 8.28944 vervangen

221.102 224.678 22.6488 8.28944 door:
246.269 224.678 20.1302 8.28944 door
268.917 224.678 10.5724 8.28944 de
282.007 224.678 89.4553 8.28944 betaaldienstverlener,
373.98 224.678 44.301 8.28944 daaronder
420.798 224.678 8.0539 8.28944 in
431.37 224.678 59.3941 8.28944 voorkomende
493.281 224.678 23.1651 8.28944 geval
518.964 224.678 10.5724 8.28944 de

221.102 235.336 119.323 8.28944 betaalinitiatiedienstverlener
342.942 235.336 45.8139 8.28944 begrepen,.

230.162 256.653 7.55562 8.28944 4.
240.235 256.653 17.1134 8.28944 Aan
259.866 256.653 13.5892 8.28944 het
275.973 256.653 31.21 8.28944 tweede
309.701 256.653 10.5724 8.28944 lid
322.791 256.653 25.1582 8.28944 wordt
350.467 256.653 15.6095 8.28944 een
368.594 256.653 12.0763 8.28944 zin
383.188 256.653 53.3605 8.28944 toegevoegd,
439.066 256.653 39.7712 8.28944 luidende:
481.355 256.653 11.578 8.28944 De
495.45 256.653 29.1988 8.28944 betaal-

221.102 267.311 63.2734 8.28944 dienstverlener,
286.893 267.311 44.301 8.28944 daaronder
333.712 267.311 8.0539 8.28944 in
344.283 267.311 54.357 8.28944 voorkomend
401.158 267.311 23.1651 8.28944 geval
426.841 267.311 10.5724 8.28944 de
439.931 267.311 87.089 8.28944 betaalinitiatiedienst-

221.102 277.97 35.2505 8.28944 verlener
258.87 277.97 43.2954 8.28944 begrepen,
304.683 277.97 37.2527 8.28944 verstrekt
344.454 277.97 64.9294 8.28944 ondersteunend
411.901 277.97 27.6858 8.28944 bewijs
442.104 277.97 14.0875 8.28944 om
458.709 277.97 27.6858 8.28944 fraude
488.913 277.97 8.55217 8.28944 of
499.983 277.97 24.669 8.28944 grove

221.102 288.628 47.8251 8.28944 nalatigheid
271.444 288.628 15.6095 8.28944 van
289.57 288.628 10.5724 8.28944 de
302.66 288.628 19.6319 8.28944 zijde
324.808 288.628 15.6095 8.28944 van
342.934 288.628 10.5724 8.28944 de
356.024 288.628 29.7061 8.28944 betaler
388.246 288.628 8.0539 8.28944 te
398.817 288.628 40.2695 8.28944 bewijzen.

221.102 309.944 5.53535 8.28944 P

230.162 331.26 27.6858 8.28944 Artikel
260.364 331.26 15.1112 8.28944 528
277.992 331.26 21.6341 8.28944 komt
302.143 331.26 8.0539 8.28944 te
312.714 331.26 29.1988 8.28944 luiden:

221.102 352.576 33.2248 8.26226 Artikel
256.847 352.576 18.1353 8.26226 528

230.162 373.892 7.55562 8.28944 1.
240.235 373.892 62.42 8.28944 Onverminderd
305.173 373.892 26.182 8.28944 artikel
333.872 373.892 17.6298 8.28944 526,
354.02 373.892 29.1988 8.28944 betaalt
385.736 373.892 10.5724 8.28944 de
398.826 373.892 87.6054 8.28944 betaaldienstverlener
488.949 373.892 15.6095 8.28944 van
507.076 373.892 10.5724 8.28944 de

221.102 384.551 31.5561 8.28944 betaler,
255.175 384.551 8.0539 8.28944 in
265.746 384.551 23.1651 8.28944 geval
291.428 384.551 15.6095 8.28944 van
309.554 384.551 15.6095 8.28944 een
327.68 384.551 66.4424 8.28944 niet-toegestane
396.639 384.551 83.5648 8.28944 betalingstransactie,
482.721 384.551 10.5724 8.28944 de
495.81 384.551 29.7061 8.28944 betaler

221.102 395.209 52.8531 8.28944 onmiddellijk
276.473 395.209 13.5892 8.28944 het
292.58 395.209 30.2044 8.28944 bedrag
325.302 395.209 15.6095 8.28944 van
343.429 395.209 10.5724 8.28944 de
356.519 395.209 66.4424 8.28944 niet-toegestane
425.479 395.209 81.0463 8.28944 betalingstransactie
509.043 395.209 22.6488 8.28944 terug

221.102 405.868 10.5724 8.28944 en
234.192 405.868 8.0539 8.28944 in
244.764 405.868 12.0854 8.28944 elk
259.367 405.868 23.1651 8.28944 geval
285.05 405.868 31.7173 8.28944 uiterlijk
319.285 405.868 15.6095 8.28944 aan
337.412 405.868 13.5892 8.28944 het
353.519 405.868 23.6634 8.28944 einde
379.7 405.868 15.6095 8.28944 van
397.827 405.868 10.5724 8.28944 de
410.917 405.868 60.9161 8.28944 eerstvolgende
474.351 405.868 39.2639 8.28944 werkdag,

221.102 416.526 24.1617 8.28944 nadat
247.782 416.526 10.5724 8.28944 hij
260.872 416.526 31.21 8.28944 bekend
294.599 416.526 7.04829 8.28944 is
304.165 416.526 43.2863 8.28944 geworden
349.969 416.526 16.6061 8.28944 met
369.093 416.526 10.5724 8.28944 de
382.183 416.526 41.7824 8.28944 transactie
426.483 416.526 8.55217 8.28944 of
437.553 416.526 34.7432 8.28944 daarvan
474.814 416.526 8.0539 8.28944 in
485.385 416.526 27.6858 8.28944 kennis
515.589 416.526 7.04829 8.28944 is

221.102 427.185 33.7285 8.28944 gesteld.

230.162 437.843 7.55562 8.28944 2.
240.235 437.843 12.5836 8.28944 Op
255.336 437.843 25.6656 8.28944 grond
283.52 437.843 15.6095 8.28944 van
301.647 437.843 13.5892 8.28944 het
317.754 437.843 26.182 8.28944 eerste
346.453 437.843 10.5724 8.28944 lid
359.543 437.843 32.2156 8.28944 herstelt
394.276 437.843 10.5724 8.28944 de
407.367 437.843 87.6054 8.28944 betaaldienstverlener
497.49 437.843 15.6095 8.28944 van
515.617 437.843 10.5724 8.28944 de

221.102 448.502 29.7061 8.28944 betaler
253.326 448.502 10.5724 8.28944 de
266.416 448.502 63.4346 8.28944 betaalrekening
332.368 448.502 13.091 8.28944 die
347.977 448.502 16.6061 8.28944 met
367.101 448.502 13.5892 8.28944 dat
383.208 448.502 30.2044 8.28944 bedrag
415.93 448.502 7.04829 8.28944 is
425.495 448.502 51.3492 8.28944 gedebiteerd
479.362 448.502 8.0539 8.28944 in
489.934 448.502 10.5724 8.28944 de

221.102 459.16 37.2436 8.28944 toestand
260.864 459.16 21.6431 8.28944 zoals
285.024 459.16 13.091 8.28944 die
300.633 459.16 35.7397 8.28944 geweest
338.89 459.16 15.0931 8.28944 zou
356.501 459.16 14.5949 8.28944 zijn
373.614 459.16 37.2527 8.28944 wanneer
413.384 459.16 10.5724 8.28944 de
426.474 459.16 66.4424 8.28944 niet-toegestane
495.434 459.16 42.2807 8.28944 betalings-

221.102 469.819 41.7824 8.28944 transactie
265.402 469.819 16.1078 8.28944 niet
284.028 469.819 16.1078 8.28944 had
302.653 469.819 70.9812 8.28944 plaatsgevonden.
376.152 469.819 11.578 8.28944 De
390.248 469.819 53.8587 8.28944 valutadatum
446.624 469.819 15.6095 8.28944 van
464.751 469.819 10.5724 8.28944 de
477.841 469.819 46.3122 8.28944 creditering

221.102 480.477 15.6095 8.28944 van
239.229 480.477 10.5724 8.28944 de
252.32 480.477 63.4346 8.28944 betaalrekening
318.272 480.477 15.6095 8.28944 van
336.399 480.477 10.5724 8.28944 de
349.489 480.477 29.7061 8.28944 betaler
381.713 480.477 7.04829 8.28944 is
391.279 480.477 31.7173 8.28944 uiterlijk
425.514 480.477 10.5724 8.28944 de
438.604 480.477 27.6768 8.28944 datum
468.798 480.477 32.2156 8.28944 waarop
503.531 480.477 13.5892 8.28944 het

221.102 491.136 30.2044 8.28944 bedrag
253.823 491.136 17.1134 8.28944 was
273.454 491.136 53.8678 8.28944 gedebiteerd.

230.162 501.794 7.55562 8.28944 3.
240.235 501.794 14.5949 8.28944 Het
257.348 501.794 26.182 8.28944 eerste
286.047 501.794 10.5724 8.28944 lid
299.137 501.794 7.04829 8.28944 is
308.703 501.794 16.1078 8.28944 niet
327.329 501.794 15.6095 8.28944 van
345.456 501.794 46.8104 8.28944 toepassing
394.784 501.794 26.6802 8.28944 indien
423.982 501.794 10.5724 8.28944 de
437.072 501.794 87.6054 8.28944 betaaldienstverlener

221.102 512.453 15.6095 8.28944 van
239.229 512.453 10.5724 8.28944 de
252.318 512.453 29.7061 8.28944 betaler
284.541 512.453 36.2561 8.28944 redelijke
323.313 512.453 36.238 8.28944 gronden
362.068 512.453 21.6431 8.28944 heeft
386.228 512.453 14.0875 8.28944 om
402.832 512.453 27.6858 8.28944 fraude
433.035 512.453 8.0539 8.28944 te
443.605 512.453 48.8307 8.28944 vermoeden
494.953 512.453 10.5724 8.28944 en
508.042 512.453 10.5724 8.28944 hij

221.102 523.111 19.6319 8.28944 deze
243.251 523.111 36.238 8.28944 gronden
282.006 523.111 43.7936 8.28944 schriftelijk
328.316 523.111 15.6095 8.28944 aan
346.442 523.111 10.5724 8.28944 de
359.531 523.111 40.2604 8.28944 Autoriteit
402.309 523.111 43.3044 8.28944 Financiële
448.13 523.111 35.2324 8.28944 Markten
485.879 523.111 42.2897 8.28944 meedeelt.

230.162 533.77 7.55562 8.28944 4.
240.235 533.77 26.6802 8.28944 Indien
269.433 533.77 10.5724 8.28944 de
282.523 533.77 81.0463 8.28944 betalingstransactie
366.087 533.77 12.5927 8.28944 via
381.197 533.77 15.6095 8.28944 een
399.324 533.77 119.323 8.28944 betaalinitiatiedienstverlener

221.102 544.428 25.1582 8.28944 wordt
248.778 544.428 48.3324 8.28944 geïnitieerd,
299.628 544.428 29.1988 8.28944 betaalt
331.345 544.428 10.5724 8.28944 de
344.435 544.428 80.539 8.28944 rekeninghoudende
427.491 544.428 87.6054 8.28944 betaaldienstverlener

221.102 555.087 55.3717 8.28944 onmiddellijk,
278.992 555.087 10.5724 8.28944 en
292.082 555.087 8.0539 8.28944 in
302.653 555.087 12.0854 8.28944 elk
317.256 555.087 23.1651 8.28944 geval
342.939 555.087 31.7173 8.28944 uiterlijk
377.174 555.087 15.6095 8.28944 aan
395.301 555.087 13.5892 8.28944 het
411.408 555.087 23.6634 8.28944 einde
437.589 555.087 15.6095 8.28944 van
455.716 555.087 10.5724 8.28944 de
468.806 555.087 60.9161 8.28944 eerstvolgende

221.102 565.745 39.2639 8.28944 werkdag,
262.884 565.745 13.5892 8.28944 het
278.991 565.745 30.2044 8.28944 bedrag
311.713 565.745 15.6095 8.28944 van
329.84 565.745 10.5724 8.28944 de
342.93 565.745 66.4424 8.28944 niet-toegestane
411.89 565.745 81.0463 8.28944 betalingstransactie
495.454 565.745 22.6488 8.28944 terug
520.62 565.745 10.5724 8.28944 en

221.102 576.404 32.2156 8.28944 herstelt
255.836 576.404 13.091 8.28944 hij,
271.444 576.404 8.0539 8.28944 in
282.016 576.404 54.357 8.28944 voorkomend
338.89 576.404 25.6837 8.28944 geval,
367.092 576.404 10.5724 8.28944 de
380.182 576.404 63.4346 8.28944 betaalrekening
446.134 576.404 13.091 8.28944 die
461.743 576.404 16.6061 8.28944 met
480.866 576.404 13.5892 8.28944 dat
496.973 576.404 30.2044 8.28944 bedrag

221.102 587.062 17.1134 8.28944 was
240.733 587.062 53.8678 8.28944 gedebiteerd,
297.119 587.062 8.0539 8.28944 in
307.69 587.062 10.5724 8.28944 de
320.78 587.062 37.2436 8.28944 toestand
360.542 587.062 21.6431 8.28944 zoals
384.702 587.062 13.091 8.28944 die
400.311 587.062 35.7397 8.28944 geweest
438.568 587.062 15.0931 8.28944 zou
456.179 587.062 14.5949 8.28944 zijn
473.292 587.062 37.2527 8.28944 wanneer
513.062 587.062 10.5724 8.28944 de

221.102 597.721 66.4424 8.28944 niet-toegestane
290.062 597.721 81.0463 8.28944 betalingstransactie
373.626 597.721 16.1078 8.28944 niet
392.252 597.721 16.1078 8.28944 had
410.877 597.721 70.9812 8.28944 plaatsgevonden.

230.162 608.379 7.55562 8.28944 5.
240.234 608.379 31.219 8.28944 Ingeval
273.97 608.379 10.5724 8.28944 de
287.059 608.379 119.323 8.28944 betaalinitiatiedienstverlener
408.898 608.379 55.8881 8.28944 aansprakelijk
467.303 608.379 7.04829 8.28944 is
476.868 608.379 19.6319 8.28944 voor
499.017 608.379 10.5724 8.28944 de

221.102 619.038 66.4424 8.28944 niet-toegestane
290.062 619.038 83.5648 8.28944 betalingstransactie,
376.145 619.038 38.2583 8.28944 vergoedt
416.921 619.038 10.5724 8.28944 hij
430.011 619.038 10.5724 8.28944 de
443.101 619.038 80.539 8.28944 rekeninghoudende

221.102 629.696 87.6054 8.28944 betaaldienstverlener
311.224 629.696 11.0707 8.28944 op
324.812 629.696 23.1561 8.28944 diens
350.485 629.696 32.7229 8.28944 verzoek
385.724 629.696 52.8531 8.28944 onmiddellijk
441.094 629.696 10.5724 8.28944 de
454.183 629.696 34.2359 8.28944 geleden
490.936 629.696 38.2673 8.28944 verliezen

221.102 640.355 8.55217 8.28944 of
232.172 640.355 10.5724 8.28944 de
245.262 640.355 15.6095 8.28944 aan
263.389 640.355 10.5724 8.28944 de
276.479 640.355 29.7061 8.28944 betaler
308.703 640.355 59.4031 8.28944 terugbetaalde
370.624 640.355 43.2954 8.28944 bedragen,
416.437 640.355 46.3122 8.28944 waaronder
465.267 640.355 13.5892 8.28944 het
481.374 640.355 30.2044 8.28944 bedrag
514.096 640.355 15.6095 8.28944 van

221.102 651.013 10.5724 8.28944 de
234.192 651.013 66.4424 8.28944 niet-toegestane
303.152 651.013 83.5648 8.28944 betalingstransactie.
389.235 651.013 70.4739 8.28944 Overeenkomstig
462.226 651.013 26.182 8.28944 artikel
490.926 651.013 17.6298 8.28944 527,

221.102 661.672 31.21 8.28944 tweede
254.83 661.672 13.091 8.28944 lid,
270.439 661.672 7.04829 8.28944 is
280.004 661.672 10.5724 8.28944 de
293.095 661.672 119.323 8.28944 betaalinitiatiedienstverlener
414.935 661.672 43.2863 8.28944 gehouden
460.739 661.672 8.0539 8.28944 te
471.31 661.672 37.7509 8.28944 bewijzen
511.579 661.672 16.1078 8.28944 dat,

221.102 672.33 29.697 8.28944 binnen
253.317 672.33 14.5949 8.28944 zijn
270.429 672.33 93.1317 8.28944 verantwoordelijkheid,
366.079 672.33 10.5724 8.28944 de
379.169 672.33 81.0463 8.28944 betalingstransactie
462.733 672.33 7.04829 8.28944 is
472.299 672.33 48.8216 8.28944 geauthenti-

221.102 682.989 26.182 8.28944 ceerd,
249.802 682.989 18.119 8.28944 juist
270.439 682.989 7.04829 8.28944 is
280.004 682.989 57.3919 8.28944 geregistreerd
339.914 682.989 10.5724 8.28944 en
353.004 682.989 16.1078 8.28944 niet
371.63 682.989 20.1302 8.28944 door
394.277 682.989 15.6095 8.28944 een
412.405 682.989 45.8048 8.28944 technische
460.727 682.989 30.1953 8.28944 storing
493.44 682.989 8.55217 8.28944 of
504.51 682.989 18.6263 8.28944 enig

221.102 766.046 26.182 8.38004 Eerste
250.3 766.046 28.7032 8.38004 Kamer,
282.019 766.046 50.851 8.38004 vergaderjaar
335.886 766.046 47.8523 8.38004 2017–2018,
386.754 766.046 10.0742 8.38004 34
399.844 766.046 17.6298 8.38004 813,
420.49 766.046 6.04269 8.38004 A

529.919 766.046 10.0742 8.38004 18

221.102 64.804 24.669 8.28944 ander
248.288 64.804 21.1449 8.28944 falen
271.95 64.804 8.0539 8.28944 in
282.52 64.804 35.2415 8.28944 verband
320.278 64.804 16.6061 8.28944 met
339.401 64.804 10.5724 8.28944 de
352.49 64.804 52.3549 8.28944 betaaldienst
407.362 64.804 39.7712 8.28944 waarmee
449.65 64.804 10.5724 8.28944 hij
462.739 64.804 7.04829 8.28944 is
472.304 64.804 28.1932 8.28944 belast,
503.014 64.804 7.04829 8.28944 is

221.102 75.4625 44.8083 8.28944 beïnvloed.

230.162 86.121 7.55562 8.28944 6.
240.234 86.121 53.8678 8.28944 Aanvullende
296.619 86.121 41.2841 8.28944 financiële
340.42 86.121 54.8643 8.28944 compensatie
397.801 86.121 15.1022 8.28944 kan
415.42 86.121 32.7139 8.28944 worden
450.65 86.121 48.8307 8.28944 vastgesteld

221.102 96.7795 68.9609 8.28944 overeenkomstig
292.581 96.7795 13.5892 8.28944 het
308.688 96.7795 21.6431 8.28944 recht
332.849 96.7795 13.5892 8.28944 dat
348.955 96.7795 15.6095 8.28944 van
367.083 96.7795 46.8104 8.28944 toepassing
416.411 96.7795 7.04829 8.28944 is
425.977 96.7795 11.0707 8.28944 op
439.565 96.7795 10.5724 8.28944 de
452.655 96.7795 28.1841 8.28944 tussen
483.357 96.7795 10.5724 8.28944 de
496.447 96.7795 29.7061 8.28944 betaler
528.671 96.7795 10.5724 8.28944 en

221.102 107.438 14.5949 8.28944 zijn
238.215 107.438 87.6054 8.28944 betaaldienstverlener
328.338 107.438 36.7453 8.28944 gesloten
367.601 107.438 60.907 8.28944 overeenkomst
431.025 107.438 8.55217 8.28944 of
442.095 107.438 10.5724 8.28944 de
455.185 107.438 28.1841 8.28944 tussen
485.887 107.438 10.5724 8.28944 de
498.977 107.438 29.7061 8.28944 betaler

221.102 118.097 10.5724 8.28944 en
234.192 118.097 10.5724 8.28944 de
247.282 118.097 119.323 8.28944 betaalinitiatiedienstverlener
369.123 118.097 36.7453 8.28944 gesloten
408.386 118.097 63.4256 8.28944 overeenkomst,
474.329 118.097 26.6802 8.28944 indien
503.527 118.097 15.6095 8.28944 van

221.102 128.755 49.329 8.28944 toepassing.

221.102 150.071 7.04829 8.28944 Q

230.162 171.387 27.6858 8.28944 Artikel
260.364 171.387 15.1112 8.28944 529
277.992 171.387 25.1582 8.28944 wordt
305.667 171.387 12.0854 8.28944 als
320.269 171.387 21.6431 8.28944 volgt
344.429 171.387 43.2863 8.28944 gewijzigd:

230.162 192.703 7.55562 8.28944 1.
240.235 192.703 14.5949 8.28944 Het
257.348 192.703 26.182 8.28944 eerste
286.047 192.703 10.5724 8.28944 lid
299.137 192.703 31.7264 8.28944 vervalt,
333.381 192.703 25.1673 8.28944 onder
361.066 192.703 63.9238 8.28944 vernummering
427.508 192.703 15.6095 8.28944 van
445.635 192.703 13.5892 8.28944 het
461.742 192.703 31.21 8.28944 tweede
495.469 192.703 11.569 8.28944 tot
509.556 192.703 10.5724 8.28944 en
522.646 192.703 16.6061 8.28944 met

221.102 203.362 23.6634 8.28944 vijfde
247.282 203.362 10.5724 8.28944 lid
260.372 203.362 11.569 8.28944 tot
274.457 203.362 26.182 8.28944 eerste
303.156 203.362 11.569 8.28944 tot
317.242 203.362 10.5724 8.28944 en
330.331 203.362 16.6061 8.28944 met
349.454 203.362 26.6893 8.28944 vierde
378.66 203.362 13.091 8.28944 lid.

230.162 224.678 12.5927 8.28944 1a.
245.272 224.678 8.0539 8.28944 In
255.844 224.678 13.5893 8.28944 het
271.951 224.678 26.182 8.28944 eerste
300.65 224.678 10.5724 8.28944 lid
313.74 224.678 32.2065 8.28944 (nieuw)
348.464 224.678 29.2078 8.28944 vervalt
380.19 224.678 10.5724 8.28944 de
393.28 224.678 31.21 8.28944 tweede
427.008 224.678 14.5949 8.28944 zin.

230.162 245.994 7.55562 8.28944 2.
240.235 245.994 8.0539 8.28944 In
250.807 245.994 13.5893 8.28944 het
266.913 245.994 31.21 8.28944 tweede
300.641 245.994 10.5724 8.28944 lid
313.731 245.994 32.2065 8.28944 (nieuw)
348.455 245.994 29.2078 8.28944 vervalt
380.181 245.994 15.6095 8.28944 «en
398.308 245.994 36.2471 8.28944 tweede»
437.073 245.994 10.5724 8.28944 en
450.163 245.994 25.1582 8.28944 wordt
477.839 245.994 58.3975 8.28944 «gepersonali-

221.102 256.653 28.7005 8.28944 seerde
252.32 256.653 98.6761 8.28944 veiligheidskenmerken»
353.512 256.653 45.3156 8.28944 vervangen
401.345 256.653 22.6487 8.28944 door:
426.51 256.653 52.3549 8.28944 persoonlijke
481.382 256.653 54.8734 8.28944 beveiligings-

221.102 267.311 43.8027 8.28944 gegevens.

230.162 288.627 7.55562 8.28944 3.
240.235 288.627 26.6802 8.28944 Onder
269.433 288.627 63.9238 8.28944 vernummering
335.874 288.627 15.6095 8.28944 van
354.002 288.627 13.5892 8.28944 het
370.108 288.627 24.669 8.28944 derde
397.295 288.627 10.5724 8.28944 en
410.385 288.627 26.6893 8.28944 vierde
439.592 288.627 10.5724 8.28944 lid
452.682 288.627 32.2065 8.28944 (nieuw)
487.406 288.627 11.569 8.28944 tot
501.493 288.627 26.6893 8.28944 vierde

221.102 299.286 10.5724 8.28944 en
234.191 299.286 23.6634 8.28944 vijfde
260.372 299.286 13.091 8.28944 lid,
275.979 299.286 25.1582 8.28944 wordt
303.654 299.286 15.6095 8.28944 een
321.781 299.286 10.5724 8.28944 lid
334.87 299.286 47.8251 8.28944 ingevoegd:

230.162 309.944 7.55562 8.28944 3.
240.234 309.944 26.6802 8.28944 Indien
269.431 309.944 10.5724 8.28944 de
282.52 309.944 87.6054 8.28944 betaaldienstverlener
372.642 309.944 15.6095 8.28944 van
390.769 309.944 10.5724 8.28944 de
403.858 309.944 29.7061 8.28944 betaler
436.081 309.944 21.1449 8.28944 geen
459.742 309.944 25.6746 8.28944 sterke
487.934 309.944 36.7453 8.28944 cliëntau-

221.102 320.603 44.7992 8.28944 thenticatie
268.419 320.603 37.76 8.28944 verlangt,
308.697 320.603 27.6858 8.28944 draagt
338.9 320.603 10.5724 8.28944 de
351.99 320.603 29.7061 8.28944 betaler
384.214 320.603 21.1449 8.28944 geen
407.877 320.603 41.2841 8.28944 financiële
451.678 320.603 40.7859 8.28944 verliezen,
494.982 320.603 22.6488 8.28944 tenzij
520.148 320.603 10.5724 8.28944 de

221.102 331.261 29.7061 8.28944 betaler
253.325 331.261 45.8048 8.28944 frauduleus
301.647 331.261 21.6431 8.28944 heeft
325.807 331.261 47.8251 8.28944 gehandeld.
376.148 331.261 26.6802 8.28944 Indien
405.345 331.261 10.5724 8.28944 de
418.435 331.261 25.6746 8.28944 sterke
446.626 331.261 78.5277 8.28944 cliëntauthenticatie

221.102 341.92 20.1302 8.28944 door
243.749 341.92 10.5724 8.28944 de
256.838 341.92 53.3514 8.28944 begunstigde
312.707 341.92 8.55217 8.28944 of
323.775 341.92 10.5724 8.28944 de
336.865 341.92 87.6054 8.28944 betaaldienstverlener
426.987 341.92 15.6095 8.28944 van
445.113 341.92 10.5724 8.28944 de
458.202 341.92 53.3514 8.28944 begunstigde
514.07 341.92 16.1078 8.28944 niet

221.102 352.578 25.1582 8.28944 wordt
248.778 352.578 42.2988 8.28944 aanvaard,
293.595 352.578 25.1582 8.28944 wordt
321.27 352.578 10.5724 8.28944 de
334.361 352.578 20.1302 8.28944 door
357.008 352.578 10.5724 8.28944 de
370.098 352.578 87.6054 8.28944 betaaldienstverlener
460.221 352.578 15.6095 8.28944 van
478.349 352.578 10.5724 8.28944 de
491.439 352.578 29.7061 8.28944 betaler

221.102 363.237 34.2359 8.28944 geleden
257.856 363.237 41.2841 8.28944 financiële
301.658 363.237 30.2044 8.28944 schade
334.38 363.237 20.1302 8.28944 door
357.027 363.237 16.1078 8.28944 hen
375.653 363.237 37.76 8.28944 vergoed.

221.102 384.553 6.04269 8.28944 R

230.162 405.869 9.0595 8.28944 Er
241.739 405.869 25.1582 8.28944 wordt
269.415 405.869 10.5724 8.28944 na
282.505 405.869 26.182 8.28944 artikel
311.204 405.869 15.1112 8.28944 529
328.833 405.869 15.6095 8.28944 een
346.96 405.869 26.182 8.28944 artikel
375.66 405.869 47.8251 8.28944 ingevoegd,
426.003 405.869 39.7712 8.28944 luidende:

221.102 427.185 33.2248 8.26226 Artikel
256.847 427.185 23.6743 8.26226 529a

230.162 448.501 7.55562 8.28944 1.
240.235 448.501 38.4313 8.28944 Wanneer
281.184 448.501 15.6095 8.28944 een
299.311 448.501 81.0463 8.28944 betalingstransactie
382.875 448.501 20.1302 8.28944 door
405.523 448.501 8.55217 8.28944 of
416.593 448.501 12.5927 8.28944 via
431.703 448.501 10.5724 8.28944 de
444.793 448.501 53.3514 8.28944 begunstigde
500.662 448.501 8.0539 8.28944 in
511.234 448.501 13.5893 8.28944 het

221.102 459.16 23.6634 8.28944 kader
247.283 459.16 15.6095 8.28944 van
265.411 459.16 15.6095 8.28944 een
283.538 459.16 11.0707 8.28944 op
297.126 459.16 31.7173 8.28944 kaarten
331.361 459.16 49.8454 8.28944 gebaseerde
383.724 459.16 81.0463 8.28944 betalingstransactie
467.288 459.16 25.1582 8.28944 wordt
494.964 459.16 24.1617 8.28944 geïni-

221.102 469.818 24.669 8.28944 tieerd
248.289 469.818 10.5724 8.28944 en
261.379 469.818 13.5892 8.28944 het
277.486 469.818 27.6949 8.28944 exacte
307.698 469.818 30.2044 8.28944 bedrag
340.42 469.818 16.1078 8.28944 niet
359.046 469.818 31.21 8.28944 bekend
392.773 469.818 7.04829 8.28944 is
402.339 469.818 11.0707 8.28944 op
415.928 469.818 13.5892 8.28944 het
432.035 469.818 36.2289 8.28944 moment
470.781 469.818 13.5892 8.28944 dat
486.888 469.818 10.5724 8.28944 de
499.978 469.818 29.7061 8.28944 betaler

221.102 480.477 51.3311 8.28944 instemming
274.951 480.477 34.7432 8.28944 verleent
312.212 480.477 14.0875 8.28944 om
328.817 480.477 10.5724 8.28944 de
341.907 480.477 81.0463 8.28944 betalingstransactie
425.471 480.477 11.0707 8.28944 uit
439.059 480.477 8.0539 8.28944 te
449.631 480.477 32.2246 8.28944 voeren,
484.373 480.477 15.1022 8.28944 kan
501.993 480.477 10.5724 8.28944 de

221.102 491.135 87.6054 8.28944 betaaldienstverlener
311.225 491.135 15.6095 8.28944 van
329.352 491.135 10.5724 8.28944 de
342.443 491.135 29.7061 8.28944 betaler
374.666 491.135 29.697 8.28944 slechts
406.881 491.135 58.8958 8.28944 geldmiddelen
468.294 491.135 11.0707 8.28944 op
481.883 491.135 10.5724 8.28944 de
494.973 491.135 29.1988 8.28944 betaal-

221.102 501.794 37.2527 8.28944 rekening
260.873 501.794 15.6095 8.28944 van
279 501.794 10.5724 8.28944 de
292.09 501.794 29.7061 8.28944 betaler
324.314 501.794 41.7824 8.28944 blokkeren
368.614 501.794 26.6802 8.28944 indien
397.811 501.794 10.5724 8.28944 de
410.902 501.794 29.7061 8.28944 betaler
443.125 501.794 51.3311 8.28944 instemming
496.974 501.794 21.6431 8.28944 heeft

221.102 512.452 37.2617 8.28944 verleend
260.882 512.452 19.6319 8.28944 voor
283.031 512.452 13.5892 8.28944 het
299.138 512.452 27.6949 8.28944 exacte
329.351 512.452 30.2044 8.28944 bedrag
362.073 512.452 15.6095 8.28944 aan
380.2 512.452 8.0539 8.28944 te
390.771 512.452 41.7824 8.28944 blokkeren
435.071 512.452 61.4144 8.28944 geldmiddelen.

230.162 523.111 7.55562 8.28944 2.
240.235 523.111 11.578 8.28944 De
254.331 523.111 87.6054 8.28944 betaaldienstverlener
344.454 523.111 15.6095 8.28944 van
362.581 523.111 10.5724 8.28944 de
375.671 523.111 29.7061 8.28944 betaler
407.895 523.111 21.6431 8.28944 geeft
432.055 523.111 10.5724 8.28944 de
445.146 523.111 68.9609 8.28944 overeenkomstig
516.624 523.111 13.5893 8.28944 het

221.102 533.769 26.182 8.28944 eerste
249.801 533.769 10.5724 8.28944 lid
262.89 533.769 11.0707 8.28944 op
276.478 533.769 10.5724 8.28944 de
289.567 533.769 63.4346 8.28944 betaalrekening
355.518 533.769 15.6095 8.28944 van
373.644 533.769 10.5724 8.28944 de
386.734 533.769 29.7061 8.28944 betaler
418.956 533.769 57.3919 8.28944 geblokkeerde
478.865 533.769 58.8958 8.28944 geldmiddelen

221.102 544.428 13.5983 8.28944 vrij
237.218 544.428 10.5724 8.28944 na
250.308 544.428 10.5724 8.28944 de
263.398 544.428 42.779 8.28944 ontvangst
308.695 544.428 15.6095 8.28944 van
326.822 544.428 10.5724 8.28944 de
339.912 544.428 44.2919 8.28944 informatie
386.722 544.428 19.1337 8.28944 over
408.373 544.428 13.5892 8.28944 het
424.48 544.428 27.6949 8.28944 exacte
454.692 544.428 30.2044 8.28944 bedrag
487.414 544.428 15.6095 8.28944 van
505.542 544.428 10.5724 8.28944 de

221.102 555.086 81.0463 8.28944 betalingstransactie
304.666 555.086 10.5724 8.28944 en
317.756 555.086 31.7173 8.28944 uiterlijk
351.991 555.086 52.8531 8.28944 onmiddellijk
407.362 555.086 10.5724 8.28944 na
420.452 555.086 10.5724 8.28944 de
433.542 555.086 42.779 8.28944 ontvangst
478.839 555.086 15.6095 8.28944 van
496.966 555.086 10.5724 8.28944 de

221.102 565.745 66.9497 8.28944 betaalopdracht.

221.102 587.061 6.04269 8.28944 S

230.162 608.377 27.6858 8.28944 Artikel
260.364 608.377 15.1112 8.28944 530
277.992 608.377 25.1582 8.28944 wordt
305.667 608.377 12.0854 8.28944 als
320.269 608.377 21.6431 8.28944 volgt
344.429 608.377 43.2863 8.28944 gewijzigd:

230.162 629.693 7.55562 8.28944 1.
240.235 629.693 8.0539 8.28944 In
250.807 629.693 13.5893 8.28944 het
266.913 629.693 26.182 8.28944 eerste
295.613 629.693 13.091 8.28944 lid,
311.222 629.693 43.2954 8.28944 onderdeel
357.035 629.693 7.55562 8.28944 a,
367.108 629.693 25.1582 8.28944 wordt
394.784 629.693 16.1078 8.28944 «op
413.409 629.693 13.5892 8.28944 het
429.516 629.693 36.2289 8.28944 moment
468.263 629.693 32.2156 8.28944 waarop

221.102 640.351 45.2975 8.28944 ingestemd
268.917 640.351 21.6431 8.28944 werd
293.078 640.351 16.6061 8.28944 met
312.202 640.351 10.5724 8.28944 de
325.292 640.351 69.4682 8.28944 betaalopdracht»
397.278 640.351 45.3156 8.28944 vervangen
445.111 640.351 22.6487 8.28944 door:
470.278 640.351 10.5724 8.28944 bij
483.368 640.351 13.5892 8.28944 het
499.474 640.351 36.7453 8.28944 toestaan

221.102 651.01 15.6095 8.28944 van
239.229 651.01 10.5724 8.28944 de
252.318 651.01 83.5648 8.28944 betalingstransactie.

230.162 672.326 7.55562 8.28944 2.
240.234 672.326 14.5949 8.28944 Het
257.346 672.326 31.21 8.28944 tweede
291.072 672.326 10.5724 8.28944 lid
304.162 672.326 21.6341 8.28944 komt
328.312 672.326 8.0539 8.28944 te
338.883 672.326 29.1988 8.28944 luiden:

230.162 682.984 7.55562 8.28944 2.
240.234 682.984 12.5836 8.28944 Op
255.335 682.984 32.7229 8.28944 verzoek
290.574 682.984 15.6095 8.28944 van
308.7 682.984 10.5724 8.28944 de
321.79 682.984 87.6054 8.28944 betaaldienstverlener
411.912 682.984 22.6397 8.28944 toont
437.068 682.984 10.5724 8.28944 de
450.157 682.984 29.7061 8.28944 betaler
482.38 682.984 15.6095 8.28944 aan
500.506 682.984 13.5892 8.28944 dat
516.612 682.984 15.6095 8.28944 aan

221.102 693.643 19.6319 8.28944 deze
243.251 693.643 56.8846 8.28944 voorwaarden
302.652 693.643 7.04829 8.28944 is
312.217 693.643 36.7544 8.28944 voldaan.

221.102 766.046 26.182 8.38004 Eerste
250.3 766.046 28.7032 8.38004 Kamer,
282.019 766.046 50.851 8.38004 vergaderjaar
335.886 766.046 47.8523 8.38004 2017–2018,
386.754 766.046 10.0742 8.38004 34
399.844 766.046 17.6298 8.38004 813,
420.49 766.046 6.04269 8.38004 A

529.919 766.046 10.0742 8.38004 19

230.162 64.804 7.55562 8.28944 3.
240.234 64.804 17.1134 8.28944 Aan
259.864 64.804 13.5892 8.28944 het
275.97 64.804 24.669 8.28944 derde
303.156 64.804 10.5724 8.28944 lid
316.245 64.804 25.1582 8.28944 wordt
343.92 64.804 15.6095 8.28944 een
362.046 64.804 12.0763 8.28944 zin
376.64 64.804 53.3605 8.28944 toegevoegd,
432.517 64.804 39.7712 8.28944 luidende:

230.162 75.4625 11.578 8.28944 De
244.258 75.4625 53.8587 8.28944 valutadatum
300.634 75.4625 15.6095 8.28944 van
318.761 75.4625 10.5724 8.28944 de
331.851 75.4625 46.3122 8.28944 creditering
380.681 75.4625 15.6095 8.28944 van
398.808 75.4625 10.5724 8.28944 de
411.898 75.4625 63.4346 8.28944 betaalrekening
477.85 75.4625 15.6095 8.28944 van
495.978 75.4625 10.5724 8.28944 de
509.068 75.4625 29.7061 8.28944 betaler

221.102 86.121 15.6095 8.28944 valt
239.23 86.121 16.1078 8.28944 niet
257.855 86.121 19.1337 8.28944 later
279.506 86.121 16.1078 8.28944 dan
298.132 86.121 10.5724 8.28944 de
311.222 86.121 27.6768 8.28944 datum
341.416 86.121 32.2156 8.28944 waarop
376.149 86.121 10.5724 8.28944 de
389.239 86.121 37.2527 8.28944 rekening
429.01 86.121 16.6061 8.28944 met
448.133 86.121 13.5892 8.28944 dat
464.24 86.121 30.2044 8.28944 bedrag
496.962 86.121 17.1134 8.28944 was

221.102 96.7795 53.8678 8.28944 gedebiteerd.

230.162 118.096 7.55562 8.28944 4.
240.234 118.096 14.5949 8.28944 Het
257.346 118.096 26.6893 8.28944 vierde
286.552 118.096 10.5724 8.28944 lid
299.641 118.096 31.7264 8.28944 vervalt.

230.162 139.412 7.55562 8.28944 5.
240.234 139.412 14.5949 8.28944 Het
257.346 139.412 24.1617 8.28944 zesde
284.024 139.412 10.5724 8.28944 lid
297.113 139.412 21.6341 8.28944 komt
321.264 139.412 8.0539 8.28944 te
331.835 139.412 29.1988 8.28944 luiden:

230.162 150.07 7.55562 8.28944 6.
240.235 150.07 8.0539 8.28944 In
250.807 150.07 38.7565 8.28944 afwijking
292.081 150.07 15.6095 8.28944 van
310.208 150.07 13.5892 8.28944 het
326.315 150.07 26.182 8.28944 eerste
355.014 150.07 10.5724 8.28944 lid
368.105 150.07 31.7082 8.28944 kunnen
402.33 150.07 10.5724 8.28944 de
415.421 150.07 29.7061 8.28944 betaler
447.644 150.07 10.5724 8.28944 en
460.734 150.07 10.5724 8.28944 de
473.824 150.07 55.3717 8.28944 betaaldienst-

221.102 160.729 35.2505 8.28944 verlener
258.871 160.729 63.9329 8.28944 overeenkomen
325.321 160.729 13.5892 8.28944 dat
341.428 160.729 10.5724 8.28944 de
354.518 160.729 29.7061 8.28944 betaler
386.742 160.729 21.1449 8.28944 geen
410.404 160.729 21.6431 8.28944 recht
434.565 160.729 21.6431 8.28944 heeft
458.726 160.729 11.0707 8.28944 op
472.314 160.729 57.3829 8.28944 terugbetaling

221.102 171.387 21.1358 8.28944 mits:

230.162 182.046 7.55562 8.28944 a.
240.235 182.046 10.5724 8.28944 hij
253.325 182.046 14.5949 8.28944 zijn
270.438 182.046 51.3311 8.28944 instemming
324.286 182.046 16.6061 8.28944 met
343.41 182.046 10.5724 8.28944 de
356.5 182.046 43.7936 8.28944 uitvoering
402.812 182.046 15.6095 8.28944 van
420.939 182.046 10.5724 8.28944 de
434.029 182.046 81.0463 8.28944 betalingstransactie

221.102 192.704 51.8475 8.28944 rechtstreeks
275.468 192.704 15.6095 8.28944 aan
293.595 192.704 10.5724 8.28944 de
306.685 192.704 87.6054 8.28944 betaaldienstverlener
396.808 192.704 21.6431 8.28944 heeft
420.969 192.704 32.2156 8.28944 gericht;
455.702 192.704 10.5724 8.28944 en

230.162 203.363 8.0539 8.28944 b.
240.733 203.363 20.1302 8.28944 door
263.381 203.363 10.5724 8.28944 de
276.471 203.363 87.6054 8.28944 betaaldienstverlener
366.594 203.363 8.55217 8.28944 of
377.664 203.363 20.1302 8.28944 door
400.312 203.363 10.5724 8.28944 de
413.402 203.363 53.3514 8.28944 begunstigde
469.271 203.363 13.5892 8.28944 ten
485.378 203.363 29.1897 8.28944 minste
517.085 203.363 16.1169 8.28944 vier

221.102 214.021 27.6858 8.28944 weken
251.305 214.021 19.6319 8.28944 voor
273.454 214.021 10.5724 8.28944 de
286.543 214.021 42.2988 8.28944 vervaldag
331.358 214.021 11.0707 8.28944 op
344.946 214.021 15.6095 8.28944 een
363.072 214.021 74.5053 8.28944 overeengekomen
440.094 214.021 21.6431 8.28944 wijze
464.254 214.021 44.2919 8.28944 informatie

221.102 224.68 49.329 8.28944 betreffende
272.949 224.68 10.5724 8.28944 de
286.039 224.68 52.8441 8.28944 toekomstige
341.401 224.68 81.0463 8.28944 betalingstransactie
424.965 224.68 13.5892 8.28944 ten
441.072 224.68 36.7544 8.28944 behoeve
480.344 224.68 15.6095 8.28944 van
498.471 224.68 10.5724 8.28944 de

221.102 235.338 29.7061 8.28944 betaler
253.326 235.338 17.1134 8.28944 was
272.957 235.338 37.2527 8.28944 verstrekt
312.727 235.338 8.55217 8.28944 of
323.797 235.338 11.578 8.28944 ter
337.893 235.338 50.3346 8.28944 beschikking
390.745 235.338 17.1134 8.28944 was
410.376 235.338 33.7285 8.28944 gesteld.

230.162 256.654 7.55562 8.28944 6.
240.235 256.654 14.5949 8.28944 Het
257.348 256.654 23.6634 8.28944 vijfde
283.529 256.654 10.5724 8.28944 en
296.619 256.654 24.1617 8.28944 zesde
323.298 256.654 10.5724 8.28944 lid
336.388 256.654 32.7139 8.28944 worden
371.62 256.654 55.8699 8.28944 vernummerd
430.007 256.654 11.569 8.28944 tot
444.094 256.654 26.6893 8.28944 vierde
473.301 256.654 10.5724 8.28944 en
486.391 256.654 23.6634 8.28944 vijfde
512.572 256.654 13.091 8.28944 lid.

221.102 277.97 5.53535 8.28944 T

230.162 299.287 27.6858 8.28944 Artikel
260.364 299.287 15.1112 8.28944 531
277.992 299.287 25.1582 8.28944 wordt
305.667 299.287 12.0854 8.28944 als
320.269 299.287 21.6431 8.28944 volgt
344.429 299.287 43.2863 8.28944 gewijzigd:

230.162 320.603 7.55562 8.28944 1.
240.234 320.603 14.5949 8.28944 Het
257.346 320.603 26.182 8.28944 eerste
286.045 320.603 10.5724 8.28944 lid
299.134 320.603 21.6341 8.28944 komt
323.285 320.603 8.0539 8.28944 te
333.855 320.603 29.1988 8.28944 luiden:

230.162 331.261 7.55562 8.28944 1.
240.234 331.261 11.578 8.28944 De
254.329 331.261 29.7061 8.28944 betaler
286.552 331.261 21.6431 8.28944 heeft
310.712 331.261 46.3122 8.28944 gedurende
359.541 331.261 15.6095 8.28944 een
377.667 331.261 32.7229 8.28944 periode
412.907 331.261 15.6095 8.28944 van
431.033 331.261 18.119 8.28944 acht
451.668 331.261 27.6858 8.28944 weken
481.871 331.261 10.5724 8.28944 na
494.96 331.261 10.5724 8.28944 de
508.049 331.261 27.6768 8.28944 datum

221.102 341.92 32.2156 8.28944 waarop
255.835 341.92 10.5724 8.28944 de
268.924 341.92 58.8958 8.28944 geldmiddelen
330.336 341.92 14.5949 8.28944 zijn
347.448 341.92 53.8678 8.28944 gedebiteerd,
403.833 341.92 15.6095 8.28944 een
421.959 341.92 74.5053 8.28944 onvoorwaardelijk
498.981 341.92 21.6431 8.28944 recht
523.141 341.92 14.0875 8.28944 om

221.102 352.578 10.5724 8.28944 de
234.192 352.578 8.0539 8.28944 in
244.762 352.578 26.182 8.28944 artikel
273.461 352.578 15.1112 8.28944 530
291.089 352.578 39.7712 8.28944 bedoelde
333.377 352.578 57.3829 8.28944 terugbetaling
393.276 352.578 8.0539 8.28944 te
403.847 352.578 45.8139 8.28944 verzoeken.

230.162 373.894 7.55562 8.28944 2.
240.234 373.894 14.5949 8.28944 Het
257.346 373.894 26.6893 8.28944 vierde
286.552 373.894 10.5724 8.28944 lid
299.641 373.894 31.7264 8.28944 vervalt.

221.102 395.21 7.04829 8.28944 U

230.162 416.526 8.0539 8.28944 In
240.733 416.526 26.182 8.28944 artikel
269.431 416.526 17.6298 8.28944 532,
289.578 416.526 26.182 8.28944 eerste
318.276 416.526 13.091 8.28944 lid,
333.884 416.526 29.2078 8.28944 vervalt
365.609 416.526 56.8846 8.28944 «rechtstreeks
425.01 416.526 20.1302 8.28944 door
447.657 416.526 10.5724 8.28944 de
460.746 416.526 29.7061 8.28944 betaler
492.969 416.526 8.55217 8.28944 of

221.102 427.185 70.9721 8.28944 niet-rechtstreeks
294.592 427.185 20.1302 8.28944 door
317.24 427.185 8.55217 8.28944 of
328.31 427.185 12.5927 8.28944 via
343.42 427.185 15.6095 8.28944 een
361.547 427.185 53.3514 8.28944 begunstigde
417.416 427.185 44.31 8.28944 gegeven».

221.102 448.501 6.04269 8.28944 V

230.162 469.817 27.6858 8.28944 Artikel
260.364 469.817 15.1112 8.28944 533
277.992 469.817 25.1582 8.28944 wordt
305.667 469.817 12.0854 8.28944 als
320.269 469.817 21.6431 8.28944 volgt
344.429 469.817 43.2863 8.28944 gewijzigd:

230.162 491.133 7.55562 8.28944 1.
240.235 491.133 8.0539 8.28944 In
250.807 491.133 13.5893 8.28944 het
266.914 491.133 26.182 8.28944 eerste
295.613 491.133 10.5724 8.28944 lid
308.703 491.133 10.5724 8.28944 na
321.793 491.133 37.2527 8.28944 «weigert
361.564 491.133 15.6095 8.28944 een
379.691 491.133 64.4312 8.28944 betaalopdracht
446.64 491.133 11.0707 8.28944 uit
460.228 491.133 8.0539 8.28944 te
470.799 491.133 34.7432 8.28944 voeren»

221.102 501.792 47.8251 8.28944 ingevoegd:
271.444 501.792 8.55217 8.28944 of
282.513 501.792 15.6095 8.28944 een
300.639 501.792 81.0463 8.28944 betalingstransactie
384.202 501.792 8.0539 8.28944 te
394.773 501.792 37.76 8.28944 initiëren.

230.162 523.108 7.55562 8.28944 2.
240.234 523.108 8.0539 8.28944 In
250.805 523.108 13.5893 8.28944 het
266.911 523.108 26.182 8.28944 eerste
295.61 523.108 10.5724 8.28944 lid
308.699 523.108 25.1582 8.28944 wordt
336.374 523.108 27.6858 8.28944 «tenzij
366.576 523.108 10.5724 8.28944 de
379.665 523.108 39.7712 8.28944 nationale
421.953 523.108 8.55217 8.28944 of
433.022 523.108 67.9462 8.28944 communautaire

221.102 533.766 44.7992 8.28944 wetgeving
268.419 533.766 11.0707 8.28944 dit
282.008 533.766 40.2785 8.28944 verbiedt»
324.804 533.766 45.3156 8.28944 vervangen
372.637 533.766 22.6487 8.28944 door:
397.803 533.766 22.6488 8.28944 tenzij
422.97 533.766 24.669 8.28944 ander
450.156 533.766 50.3436 8.28944 toepasselijk

221.102 544.425 41.7824 8.28944 Unierecht
265.402 544.425 8.55217 8.28944 of
276.472 544.425 50.3436 8.28944 toepasselijk
329.334 544.425 39.7712 8.28944 nationaal
371.622 544.425 21.6431 8.28944 recht
395.783 544.425 11.0707 8.28944 dit
409.371 544.425 37.76 8.28944 verbiedt.

230.162 565.741 7.55562 8.28944 3.
240.235 565.741 8.0539 8.28944 In
250.807 565.741 13.5893 8.28944 het
266.914 565.741 24.669 8.28944 derde
294.1 565.741 10.5724 8.28944 lid
307.19 565.741 25.1582 8.28944 wordt
334.866 565.741 38.2583 8.28944 «kosten»
375.642 565.741 45.3156 8.28944 vervangen
423.475 565.741 22.6487 8.28944 door:
448.642 565.741 15.6095 8.28944 een
466.769 565.741 36.2561 8.28944 redelijke

221.102 576.399 51.3492 8.28944 vergoeding.

230.162 597.716 7.55562 8.28944 4.
240.235 597.716 14.5949 8.28944 Het
257.348 597.716 26.6893 8.28944 vierde
286.555 597.716 10.5724 8.28944 lid
299.645 597.716 21.6341 8.28944 komt
323.796 597.716 8.0539 8.28944 te
334.368 597.716 29.1988 8.28944 luiden:

230.162 608.374 7.55562 8.28944 4.
240.234 608.374 26.6802 8.28944 Indien
269.431 608.374 15.1112 8.28944 alle
287.059 608.374 8.0539 8.28944 in
297.63 608.374 10.5724 8.28944 de
310.719 608.374 83.0575 8.28944 raamovereenkomst
396.293 608.374 15.6095 8.28944 van
414.419 608.374 10.5724 8.28944 de
427.509 608.374 29.7061 8.28944 betaler
459.731 608.374 36.2471 8.28944 gestelde

221.102 619.033 56.8846 8.28944 voorwaarden
280.505 619.033 32.2246 8.28944 vervuld
315.247 619.033 17.1134 8.28944 zijn,
334.878 619.033 32.2156 8.28944 weigert
369.611 619.033 10.5724 8.28944 de
382.701 619.033 80.539 8.28944 rekeninghoudende
465.758 619.033 68.6357 8.28944 betaaldienstver-

221.102 629.691 21.6522 8.28944 lener
245.272 629.691 15.6095 8.28944 van
263.399 629.691 10.5724 8.28944 de
276.489 629.691 29.7061 8.28944 betaler
308.713 629.691 16.1078 8.28944 niet
327.339 629.691 15.6095 8.28944 een
345.466 629.691 47.3178 8.28944 toegestane
395.301 629.691 64.4312 8.28944 betaalopdracht
462.25 629.691 11.0707 8.28944 uit
475.838 629.691 8.0539 8.28944 te
486.41 629.691 32.2246 8.28944 voeren,

221.102 640.35 39.7621 8.28944 ongeacht
263.382 640.35 8.55217 8.28944 of
274.452 640.35 10.5724 8.28944 de
287.542 640.35 64.4312 8.28944 betaalopdracht
354.491 640.35 20.1302 8.28944 door
377.139 640.35 15.6095 8.28944 een
395.266 640.35 29.7061 8.28944 betaler
427.49 640.35 17.1134 8.28944 zelf,
447.121 640.35 25.1673 8.28944 onder
474.806 640.35 22.1505 8.28944 meer
499.474 640.35 20.1302 8.28944 door
522.122 640.35 15.6095 8.28944 een

221.102 651.008 121.173 8.28944 betaalinitiatiedienstverlener,
344.793 651.008 16.1078 8.28944 dan
363.418 651.008 15.1022 8.28944 wel
381.038 651.008 20.1302 8.28944 door
403.686 651.008 8.55217 8.28944 of
414.756 651.008 12.5927 8.28944 via
429.866 651.008 15.6095 8.28944 een
447.993 651.008 53.3514 8.28944 begunstigde
503.862 651.008 7.04829 8.28944 is

221.102 661.667 48.3324 8.28944 geïnitieerd,
271.952 661.667 22.6488 8.28944 tenzij
297.119 661.667 24.669 8.28944 ander
324.306 661.667 50.3436 8.28944 toepasselijk
377.167 661.667 41.7824 8.28944 Unierecht
421.467 661.667 8.55217 8.28944 of
432.537 661.667 50.3436 8.28944 toepasselijk
485.398 661.667 39.7712 8.28944 nationaal

221.102 672.325 21.6431 8.28944 recht
245.262 672.325 11.0707 8.28944 dit
258.85 672.325 37.76 8.28944 verbiedt.

221.102 766.046 26.182 8.38004 Eerste
250.3 766.046 28.7032 8.38004 Kamer,
282.019 766.046 50.851 8.38004 vergaderjaar
335.886 766.046 47.8523 8.38004 2017–2018,
386.754 766.046 10.0742 8.38004 34
399.844 766.046 17.6298 8.38004 813,
420.49 766.046 6.04269 8.38004 A

529.919 766.046 10.0742 8.38004 20

221.102 64.804 9.0595 8.28944 W

230.162 86.1201 27.6858 8.28944 Artikel
260.364 86.1201 15.1112 8.28944 534
277.992 86.1201 25.1582 8.28944 wordt
305.667 86.1201 12.0854 8.28944 als
320.269 86.1201 21.6431 8.28944 volgt
344.429 86.1201 43.2863 8.28944 gewijzigd:

230.162 107.436 7.55562 8.28944 1.
240.234 107.436 14.5949 8.28944 Het
257.346 107.436 31.21 8.28944 tweede
291.072 107.436 10.5724 8.28944 lid
304.162 107.436 21.6341 8.28944 komt
328.312 107.436 8.0539 8.28944 te
338.883 107.436 29.1988 8.28944 luiden:

230.162 118.095 7.55562 8.28944 2.
240.234 118.095 26.6802 8.28944 Indien
269.431 118.095 10.5724 8.28944 de
282.52 118.095 81.0463 8.28944 betalingstransactie
366.083 118.095 20.1302 8.28944 door
388.73 118.095 15.6095 8.28944 een
406.856 118.095 119.323 8.28944 betaalinitiatiedienstverlener

221.102 128.753 16.1078 8.28944 dan
239.728 128.753 15.1022 8.28944 wel
257.348 128.753 20.1302 8.28944 door
279.995 128.753 8.55217 8.28944 of
291.065 128.753 12.5927 8.28944 via
306.176 128.753 15.6095 8.28944 een
324.303 128.753 53.3514 8.28944 begunstigde
380.172 128.753 25.1582 8.28944 wordt
407.848 128.753 48.3324 8.28944 geïnitieerd,
458.698 128.753 15.1022 8.28944 kan
476.317 128.753 10.5724 8.28944 de
489.408 128.753 29.7061 8.28944 betaler
521.631 128.753 10.5724 8.28944 de

221.102 139.412 64.4312 8.28944 betaalopdracht
288.051 139.412 16.1078 8.28944 niet
306.677 139.412 22.1505 8.28944 meer
331.345 139.412 44.301 8.28944 herroepen
378.163 139.412 24.1617 8.28944 nadat
404.843 139.412 10.5724 8.28944 hij
417.933 139.412 15.6095 8.28944 aan
436.06 139.412 10.5724 8.28944 de
449.15 139.412 87.089 8.28944 betaalinitiatiedienst-

221.102 150.07 35.2505 8.28944 verlener
258.87 150.07 51.3311 8.28944 instemming
312.719 150.07 21.6431 8.28944 heeft
336.88 150.07 37.2617 8.28944 verleend
376.659 150.07 14.0875 8.28944 om
393.265 150.07 10.5724 8.28944 de
406.355 150.07 81.0463 8.28944 betalingstransactie
489.919 150.07 8.0539 8.28944 te
500.49 150.07 35.2415 8.28944 initiëren

221.102 160.729 16.1078 8.28944 dan
239.728 160.729 15.1022 8.28944 wel
257.348 160.729 15.6095 8.28944 aan
275.475 160.729 10.5724 8.28944 de
288.565 160.729 53.3514 8.28944 begunstigde
344.434 160.729 51.3311 8.28944 instemming
398.283 160.729 21.6431 8.28944 heeft
422.443 160.729 37.2617 8.28944 verleend
462.223 160.729 14.0875 8.28944 om
478.828 160.729 10.5724 8.28944 de
491.918 160.729 42.2807 8.28944 betalings-

221.102 171.387 41.7824 8.28944 transactie
265.401 171.387 11.0707 8.28944 uit
278.989 171.387 8.0539 8.28944 te
289.56 171.387 32.2246 8.28944 voeren.

230.162 192.703 7.55562 8.28944 2.
240.235 192.703 8.0539 8.28944 In
250.807 192.703 13.5893 8.28944 het
266.913 192.703 23.6634 8.28944 vijfde
293.095 192.703 10.5724 8.28944 lid
306.185 192.703 25.1582 8.28944 wordt
333.86 192.703 19.6319 8.28944 «zijn
356.01 192.703 92.6424 8.28944 betaaldienstverlener»
451.17 192.703 45.3156 8.28944 vervangen
499.003 192.703 22.6488 8.28944 door:
524.17 192.703 10.5724 8.28944 de

221.102 203.362 39.7803 8.28944 relevante
263.399 203.362 94.6537 8.28944 betaaldienstverleners.

230.162 224.678 7.55562 8.28944 3.
240.235 224.678 8.0539 8.28944 In
250.807 224.678 13.5893 8.28944 het
266.913 224.678 24.1617 8.28944 zesde
293.593 224.678 10.5724 8.28944 lid
306.683 224.678 25.1582 8.28944 wordt
334.359 224.678 15.6095 8.28944 «de
352.486 224.678 92.6424 8.28944 betaaldienstverlener»
447.646 224.678 45.3156 8.28944 vervangen
495.479 224.678 22.6488 8.28944 door:
520.646 224.678 10.5724 8.28944 de

221.102 235.336 39.7803 8.28944 relevante
263.399 235.336 89.4553 8.28944 betaaldienstverlener.

221.102 256.653 6.54096 8.28944 X

230.162 277.969 27.6858 8.28944 Artikel
260.364 277.969 15.1112 8.28944 535
277.992 277.969 25.1582 8.28944 wordt
305.667 277.969 12.0854 8.28944 als
320.269 277.969 21.6431 8.28944 volgt
344.429 277.969 43.2863 8.28944 gewijzigd:

230.162 299.285 7.55562 8.28944 1.
240.234 299.285 8.0539 8.28944 In
250.805 299.285 13.5893 8.28944 het
266.911 299.285 26.182 8.28944 eerste
295.609 299.285 10.5724 8.28944 lid
308.699 299.285 25.1582 8.28944 wordt
336.374 299.285 97.6795 8.28944 «betaaldienstverlener»
436.57 299.285 30.2044 8.28944 telkens
469.291 299.285 45.3156 8.28944 vervangen
517.123 299.285 22.6488 8.28944 door:

221.102 309.943 100.687 8.28944 betaaldienstverlener(s).

230.162 331.259 7.55562 8.28944 2.
240.235 331.259 8.0539 8.28944 In
250.807 331.259 13.5893 8.28944 het
266.913 331.259 31.21 8.28944 tweede
300.641 331.259 10.5724 8.28944 lid
313.731 331.259 15.6095 8.28944 «de
331.858 331.259 87.6054 8.28944 betaaldienstverlener
421.981 331.259 14.5949 8.28944 zijn
439.094 331.259 28.1841 8.28944 kosten
469.796 331.259 11.0707 8.28944 op
483.384 331.259 13.5892 8.28944 het

221.102 341.918 60.9161 8.28944 overgemaakte
284.536 341.918 30.2044 8.28944 bedrag
317.258 341.918 38.2492 8.28944 inhoudt»
358.025 341.918 45.3156 8.28944 vervangen
405.858 341.918 22.6487 8.28944 door:
431.025 341.918 10.5724 8.28944 de
444.115 341.918 39.7803 8.28944 relevante
486.412 341.918 29.1988 8.28944 betaal-

221.102 352.576 61.4234 8.28944 dienstverlener
285.043 352.576 14.5949 8.28944 zijn
302.156 352.576 28.1841 8.28944 kosten
332.858 352.576 11.0707 8.28944 op
346.446 352.576 13.5892 8.28944 het
362.553 352.576 60.9161 8.28944 overgemaakte
425.987 352.576 30.2044 8.28944 bedrag
458.709 352.576 35.7307 8.28944 inhoudt.

221.102 373.892 6.04269 8.28944 Y

230.162 395.209 27.6858 8.28944 Artikel
260.364 395.209 15.1112 8.28944 536
277.992 395.209 25.1582 8.28944 wordt
305.667 395.209 12.0854 8.28944 als
320.269 395.209 21.6431 8.28944 volgt
344.429 395.209 43.2863 8.28944 gewijzigd:

230.162 416.525 7.55562 8.28944 1.
240.235 416.525 8.0539 8.28944 In
250.807 416.525 13.5893 8.28944 het
266.913 416.525 26.182 8.28944 eerste
295.613 416.525 10.5724 8.28944 lid
308.703 416.525 27.6768 8.28944 wordt,
338.898 416.525 25.1673 8.28944 onder
366.582 416.525 49.338 8.28944 verlettering
418.438 416.525 15.6095 8.28944 van
436.565 416.525 43.2954 8.28944 onderdeel
482.378 416.525 5.53535 8.28944 b
490.431 416.525 19.1337 8.28944 naar

221.102 427.183 43.2954 8.28944 onderdeel
266.914 427.183 7.04829 8.28944 c,
276.479 427.183 15.6095 8.28944 een
294.606 427.183 26.1729 8.28944 nieuw
323.295 427.183 43.2954 8.28944 onderdeel
369.107 427.183 5.53535 8.28944 b
377.159 427.183 47.8251 8.28944 ingevoegd,
427.501 427.183 39.7712 8.28944 luidende:

230.162 437.842 8.0539 8.28944 b.
240.733 437.842 57.8902 8.28944 binnenlandse
301.141 437.842 85.576 8.28944 betalingstransacties
389.235 437.842 8.0539 8.28944 in
399.806 437.842 10.5724 8.28944 de
412.896 437.842 26.182 8.28944 valuta
441.596 437.842 15.6095 8.28944 van
459.723 437.842 10.5724 8.28944 de
472.813 437.842 31.21 8.28944 lidstaat
506.541 437.842 27.1785 8.28944 buiten

221.102 448.5 10.5724 8.28944 de
234.191 448.5 42.2807 8.28944 eurozone;

230.162 469.816 7.55562 8.28944 2.
240.235 469.816 8.0539 8.28944 In
250.807 469.816 13.5893 8.28944 het
266.913 469.816 31.21 8.28944 tweede
300.641 469.816 10.5724 8.28944 lid
313.731 469.816 25.1582 8.28944 wordt
341.407 469.816 92.6153 8.28944 «intracommunautaire
436.54 469.816 90.6131 8.28944 betalingstransacties»

221.102 480.475 45.3156 8.28944 vervangen
268.935 480.475 22.6487 8.28944 door:
294.1 480.475 85.576 8.28944 betalingstransacties
382.193 480.475 29.697 8.28944 binnen
414.407 480.475 10.5724 8.28944 de
427.496 480.475 40.2695 8.28944 Europese
470.282 480.475 22.6578 8.28944 Unie.

221.102 501.791 5.53535 8.28944 Z

230.162 523.107 27.6858 8.28944 Artikel
260.364 523.107 15.1112 8.28944 541
277.992 523.107 25.1582 8.28944 wordt
305.667 523.107 12.0854 8.28944 als
320.269 523.107 21.6431 8.28944 volgt
344.429 523.107 43.2863 8.28944 gewijzigd:

230.162 544.423 7.55562 8.28944 1.
240.235 544.423 11.578 8.28944 De
254.331 544.423 31.21 8.28944 tweede
288.058 544.423 12.0763 8.28944 zin
302.652 544.423 15.6095 8.28944 van
320.779 544.423 13.5892 8.28944 het
336.886 544.423 26.182 8.28944 eerste
365.586 544.423 10.5724 8.28944 lid
378.676 544.423 15.6095 8.28944 van
396.803 544.423 26.182 8.28944 artikel
425.503 544.423 15.1112 8.28944 541
443.132 544.423 21.6341 8.28944 komt
467.283 544.423 8.0539 8.28944 te
477.855 544.423 29.1988 8.28944 luiden:

230.162 555.082 11.578 8.28944 De
244.257 555.082 87.6054 8.28944 betaaldienstverlener
334.38 555.082 15.6095 8.28944 van
352.508 555.082 10.5724 8.28944 de
365.598 555.082 53.3514 8.28944 begunstigde
421.467 555.082 21.6341 8.28944 zorgt
445.618 555.082 28.1932 8.28944 ervoor
476.329 555.082 13.5892 8.28944 dat
492.436 555.082 13.5892 8.28944 het
508.543 555.082 30.2044 8.28944 bedrag

221.102 565.74 15.6095 8.28944 van
239.229 565.74 10.5724 8.28944 de
252.32 565.74 81.0463 8.28944 betalingstransactie
335.883 565.74 11.578 8.28944 ter
349.979 565.74 50.3346 8.28944 beschikking
402.831 565.74 15.6095 8.28944 van
420.958 565.74 10.5724 8.28944 de
434.049 565.74 53.3514 8.28944 begunstigde
489.918 565.74 21.6341 8.28944 komt
514.069 565.74 23.6544 8.28944 zodra

221.102 576.399 13.5893 8.28944 dat
237.209 576.399 30.2044 8.28944 bedrag
269.931 576.399 11.0707 8.28944 op
283.52 576.399 10.5724 8.28944 de
296.61 576.399 37.2527 8.28944 rekening
336.38 576.399 15.6095 8.28944 van
354.507 576.399 10.5724 8.28944 de
367.597 576.399 87.6054 8.28944 betaaldienstverlener
457.72 576.399 15.6095 8.28944 van
475.847 576.399 10.5724 8.28944 de
488.937 576.399 30.1953 8.28944 begun-

221.102 587.057 26.1729 8.28944 stigde
249.793 587.057 7.04829 8.28944 is
259.359 587.057 53.8678 8.28944 gecrediteerd
315.744 587.057 37.2527 8.28944 wanneer
355.514 587.057 8.56123 8.28944 er
366.593 587.057 15.6095 8.28944 van
384.72 587.057 10.5724 8.28944 de
397.811 587.057 19.6319 8.28944 zijde
419.96 587.057 15.6095 8.28944 van
438.087 587.057 10.5724 8.28944 de
451.177 587.057 87.6054 8.28944 betaaldienstverlener

221.102 597.716 15.6095 8.28944 van
239.229 597.716 10.5724 8.28944 de
252.318 597.716 53.3514 8.28944 begunstigde
308.186 597.716 21.1449 8.28944 geen
331.847 597.716 52.8622 8.28944 valutawissel
387.226 597.716 9.56683 8.28944 is,
399.31 597.716 8.56123 8.28944 er
410.388 597.716 15.6095 8.28944 een
428.514 597.716 52.8622 8.28944 valutawissel
483.893 597.716 7.04829 8.28944 is
493.458 597.716 28.1841 8.28944 tussen
524.159 597.716 10.5724 8.28944 de

221.102 608.374 19.6319 8.28944 euro
243.252 608.374 10.5724 8.28944 en
256.342 608.374 10.5724 8.28944 de
269.432 608.374 26.182 8.28944 valuta
298.132 608.374 15.6095 8.28944 van
316.259 608.374 15.6095 8.28944 een
334.386 608.374 31.21 8.28944 lidstaat
368.114 608.374 8.55217 8.28944 of
379.183 608.374 28.1841 8.28944 tussen
409.885 608.374 10.5724 8.28944 de
422.975 608.374 32.5617 8.28944 valuta’s
458.054 608.374 15.6095 8.28944 van
476.182 608.374 20.6375 8.28944 twee
499.337 608.374 39.2639 8.28944 lidstaten.

230.162 629.69 7.55562 8.28944 2.
240.235 629.69 9.0595 8.28944 Er
251.812 629.69 25.1582 8.28944 wordt
279.488 629.69 15.6095 8.28944 aan
297.615 629.69 13.5892 8.28944 het
313.722 629.69 26.182 8.28944 eerste
342.422 629.69 10.5724 8.28944 lid
355.512 629.69 15.6095 8.28944 een
373.639 629.69 12.0763 8.28944 zin
388.233 629.69 53.3605 8.28944 toegevoegd,
444.111 629.69 39.7712 8.28944 luidende:
486.4 629.69 11.578 8.28944 De
500.495 629.69 8.0539 8.28944 in
511.067 629.69 10.5724 8.28944 de

221.102 640.349 27.1876 8.28944 vorige
250.807 640.349 12.0763 8.28944 zin
265.4 640.349 51.8385 8.28944 opgenomen
319.755 640.349 50.8419 8.28944 verplichting
373.113 640.349 7.04829 8.28944 is
382.678 640.349 15.6005 8.28944 ook
400.796 640.349 15.6095 8.28944 van
418.922 640.349 46.8104 8.28944 toepassing
468.249 640.349 11.0707 8.28944 op
481.837 640.349 45.3066 8.28944 betalingen

221.102 651.007 29.697 8.28944 binnen
253.316 651.007 15.6095 8.28944 één
271.442 651.007 89.4553 8.28944 betaaldienstverlener.

221.102 766.046 26.182 8.38004 Eerste
250.3 766.046 28.7032 8.38004 Kamer,
282.019 766.046 50.851 8.38004 vergaderjaar
335.886 766.046 47.8523 8.38004 2017–2018,
386.754 766.046 10.0742 8.38004 34
399.844 766.046 17.6298 8.38004 813,
420.49 766.046 6.04269 8.38004 A

529.919 766.046 10.0742 8.38004 21

221.102 64.804 13.0819 8.28944 AA

230.162 86.1201 27.6858 8.28944 Artikel
260.364 86.1201 15.1112 8.28944 542
277.992 86.1201 25.1582 8.28944 wordt
305.667 86.1201 12.0854 8.28944 als
320.269 86.1201 21.6431 8.28944 volgt
344.429 86.1201 43.2863 8.28944 gewijzigd:

230.162 107.436 7.55562 8.28944 1.
240.234 107.436 14.5949 8.28944 Het
257.346 107.436 31.21 8.28944 tweede
291.072 107.436 10.5724 8.28944 lid
304.162 107.436 21.6341 8.28944 komt
328.312 107.436 8.0539 8.28944 te
338.883 107.436 29.1988 8.28944 luiden:

230.162 118.095 7.55562 8.28944 2.
240.234 118.095 26.6802 8.28944 Indien
269.431 118.095 10.5724 8.28944 de
282.52 118.095 28.1932 8.28944 unieke
313.23 118.095 51.3402 8.28944 identificator
367.087 118.095 13.091 8.28944 die
382.695 118.095 20.1302 8.28944 door
405.342 118.095 10.5724 8.28944 de
418.431 118.095 93.1317 8.28944 betaaldienstgebruiker
514.079 118.095 7.04829 8.28944 is

221.102 128.753 39.7712 8.28944 verstrekt,
263.391 128.753 29.1897 8.28944 onjuist
295.098 128.753 9.56683 8.28944 is,
307.183 128.753 7.04829 8.28944 is
316.749 128.753 10.5724 8.28944 de
329.839 128.753 87.6054 8.28944 betaaldienstverlener
419.962 128.753 11.0707 8.28944 uit
433.55 128.753 30.1953 8.28944 hoofde
466.263 128.753 15.6095 8.28944 van
484.39 128.753 36.7544 8.28944 artikelen
523.662 128.753 15.1112 8.28944 543

221.102 139.412 11.569 8.28944 tot
235.189 139.412 10.5724 8.28944 en
248.279 139.412 16.6061 8.28944 met
267.403 139.412 15.1112 8.28944 545
285.032 139.412 16.1078 8.28944 niet
303.657 139.412 55.8881 8.28944 aansprakelijk
362.063 139.412 19.6319 8.28944 voor
384.212 139.412 10.5724 8.28944 de
397.302 139.412 62.9182 8.28944 niet-uitvoering
462.738 139.412 8.55217 8.28944 of
473.808 139.412 46.8195 8.28944 gebrekkige

221.102 150.07 43.7936 8.28944 uitvoering
267.413 150.07 15.6095 8.28944 van
285.539 150.07 10.5724 8.28944 de
298.628 150.07 83.5648 8.28944 betalingstransactie.

230.162 171.386 7.55562 8.28944 2.
240.235 171.386 26.6802 8.28944 Onder
269.433 171.386 63.9238 8.28944 vernummering
335.874 171.386 15.6095 8.28944 van
354.002 171.386 13.5892 8.28944 het
370.108 171.386 24.669 8.28944 derde
397.295 171.386 11.569 8.28944 tot
411.382 171.386 13.5892 8.28944 het
427.489 171.386 23.6634 8.28944 vijfde
453.67 171.386 13.091 8.28944 lid,
469.278 171.386 32.7139 8.28944 worden
504.51 171.386 10.5724 8.28944 de

221.102 182.045 39.7712 8.28944 volgende
263.39 182.045 23.6634 8.28944 leden
289.57 182.045 47.8251 8.28944 ingevoegd:

230.162 192.703 7.55562 8.28944 3.
240.235 192.703 11.578 8.28944 De
254.331 192.703 87.6054 8.28944 betaaldienstverlener
344.454 192.703 15.6095 8.28944 van
362.581 192.703 10.5724 8.28944 de
375.671 192.703 29.7061 8.28944 betaler
407.895 192.703 24.1707 8.28944 levert
434.583 192.703 8.0539 8.28944 in
445.155 192.703 13.5892 8.28944 het
461.261 192.703 23.1651 8.28944 geval
486.944 192.703 12.0854 8.28944 als
501.547 192.703 34.7341 8.28944 bedoeld

221.102 203.362 8.0539 8.28944 in
231.673 203.362 13.5893 8.28944 het
247.779 203.362 31.21 8.28944 tweede
281.506 203.362 10.5724 8.28944 lid
294.595 203.362 36.2561 8.28944 redelijke
333.368 203.362 58.3885 8.28944 inspanningen
394.273 203.362 14.0875 8.28944 om
410.877 203.362 10.5724 8.28944 de
423.966 203.362 16.6061 8.28944 met
443.089 203.362 10.5724 8.28944 de
456.178 203.362 81.0463 8.28944 betalingstransactie

221.102 214.02 35.2415 8.28944 verband
258.861 214.02 43.2863 8.28944 houdende
304.665 214.02 58.8958 8.28944 geldmiddelen
366.079 214.02 22.6487 8.28944 terug
391.245 214.02 8.0539 8.28944 te
401.817 214.02 31.7173 8.28944 krijgen.
436.052 214.02 11.578 8.28944 De
450.147 214.02 87.6054 8.28944 betaaldienstverlener

221.102 224.679 15.6095 8.28944 van
239.229 224.679 10.5724 8.28944 de
252.32 224.679 53.3514 8.28944 begunstigde
308.189 224.679 23.6544 8.28944 werkt
334.361 224.679 18.6263 8.28944 mee
355.505 224.679 15.6095 8.28944 aan
373.632 224.679 13.091 8.28944 die
389.24 224.679 60.907 8.28944 inspanningen,
452.665 224.679 25.1673 8.28944 onder
480.35 224.679 22.1505 8.28944 meer
505.018 224.679 20.1302 8.28944 door

221.102 235.337 15.1112 8.28944 alle
238.731 235.337 19.6319 8.28944 voor
260.881 235.337 10.5724 8.28944 de
273.971 235.337 8.0539 8.28944 te
284.542 235.337 24.1617 8.28944 innen
311.222 235.337 58.8958 8.28944 geldmiddelen
372.635 235.337 39.7803 8.28944 relevante
414.933 235.337 44.2919 8.28944 informatie
461.743 235.337 15.6095 8.28944 aan
479.87 235.337 10.5724 8.28944 de
492.96 235.337 29.1988 8.28944 betaal-

221.102 245.996 61.4234 8.28944 dienstverlener
285.043 245.996 15.6095 8.28944 van
303.17 245.996 10.5724 8.28944 de
316.261 245.996 29.7061 8.28944 betaler
348.484 245.996 18.6263 8.28944 mee
369.628 245.996 8.0539 8.28944 te
380.2 245.996 26.182 8.28944 delen.
408.899 245.996 26.6802 8.28944 Indien
438.097 245.996 13.5892 8.28944 het
454.204 245.996 24.1617 8.28944 innen
480.883 245.996 15.6095 8.28944 van

221.102 256.654 58.8958 8.28944 geldmiddelen
282.516 256.654 11.0707 8.28944 op
296.104 256.654 25.6656 8.28944 grond
324.287 256.654 15.6095 8.28944 van
342.414 256.654 10.5724 8.28944 de
355.505 256.654 26.182 8.28944 eerste
384.204 256.654 12.0763 8.28944 zin
398.798 256.654 16.1078 8.28944 niet
417.423 256.654 36.7453 8.28944 mogelijk
456.686 256.654 9.56683 8.28944 is,
468.771 256.654 37.2527 8.28944 verstrekt
508.541 256.654 10.5724 8.28944 de

221.102 267.313 87.6054 8.28944 betaaldienstverlener
311.225 267.313 15.6095 8.28944 van
329.352 267.313 10.5724 8.28944 de
342.443 267.313 29.7061 8.28944 betaler
374.666 267.313 15.6095 8.28944 aan
392.793 267.313 10.5724 8.28944 de
405.883 267.313 31.5561 8.28944 betaler,
439.957 267.313 11.0707 8.28944 op
453.546 267.313 23.1561 8.28944 diens
479.219 267.313 48.8307 8.28944 schriftelijke

221.102 277.971 35.2415 8.28944 verzoek,
258.86 277.971 15.1112 8.28944 alle
276.488 277.971 19.6319 8.28944 voor
298.637 277.971 10.5724 8.28944 de
311.726 277.971 87.6054 8.28944 betaaldienstverlener
401.848 277.971 15.6095 8.28944 van
419.975 277.971 10.5724 8.28944 de
433.064 277.971 29.7061 8.28944 betaler
465.287 277.971 51.3492 8.28944 beschikbare

221.102 288.63 44.2919 8.28944 informatie
267.912 288.63 13.091 8.28944 die
283.52 288.63 34.7432 8.28944 relevant
320.781 288.63 7.04829 8.28944 is
330.347 288.63 19.6319 8.28944 voor
352.497 288.63 10.5724 8.28944 de
365.587 288.63 29.7061 8.28944 betaler
397.811 288.63 14.0875 8.28944 om
414.416 288.63 15.6095 8.28944 een
432.543 288.63 67.9553 8.28944 rechtsvordering
503.016 288.63 8.0539 8.28944 in
513.587 288.63 8.0539 8.28944 te

221.102 299.288 28.1932 8.28944 stellen
251.813 299.288 14.0875 8.28944 om
268.418 299.288 10.5724 8.28944 de
281.508 299.288 58.8958 8.28944 geldmiddelen
342.922 299.288 22.6487 8.28944 terug
368.088 299.288 8.0539 8.28944 te
378.66 299.288 31.7173 8.28944 krijgen.

230.162 309.947 7.55562 8.28944 4.
240.235 309.947 26.6802 8.28944 Indien
269.433 309.947 13.5892 8.28944 dat
285.54 309.947 8.0539 8.28944 in
296.111 309.947 10.5724 8.28944 de
309.201 309.947 83.0575 8.28944 raamovereenkomst
394.777 309.947 7.04829 8.28944 is
404.342 309.947 77.0239 8.28944 overeengekomen,
483.884 309.947 19.1246 8.28944 mag
505.526 309.947 10.5724 8.28944 de

221.102 320.605 87.6054 8.28944 betaaldienstverlener
311.224 320.605 10.5724 8.28944 de
324.314 320.605 93.1317 8.28944 betaaldienstgebruiker
419.962 320.605 19.6319 8.28944 voor
442.111 320.605 13.5892 8.28944 het
458.217 320.605 65.4458 8.28944 terugverkrijgen

221.102 331.264 28.1841 8.28944 kosten
251.803 331.264 52.3639 8.28944 aanrekenen.

221.102 352.58 12.5836 8.28944 AB

230.162 373.896 27.6858 8.28944 Artikel
260.364 373.896 15.1112 8.28944 543
277.992 373.896 25.1582 8.28944 wordt
305.667 373.896 12.0854 8.28944 als
320.269 373.896 21.6431 8.28944 volgt
344.429 373.896 43.2863 8.28944 gewijzigd:

230.162 395.212 7.55562 8.28944 1.
240.235 395.212 8.0539 8.28944 In
250.807 395.212 13.5893 8.28944 het
266.913 395.212 26.182 8.28944 eerste
295.613 395.212 10.5724 8.28944 lid
308.703 395.212 25.1582 8.28944 wordt
336.379 395.212 10.5724 8.28944 na
349.469 395.212 25.1673 8.28944 «door
377.154 395.212 10.5724 8.28944 de
390.244 395.212 34.7432 8.28944 betaler»
427.505 395.212 47.8251 8.28944 ingevoegd:
477.848 395.212 61.9217 8.28944 «rechtstreeks»

221.102 405.871 10.5724 8.28944 en
234.192 405.871 25.1582 8.28944 wordt
261.868 405.871 31.219 8.28944 «artikel
295.605 405.871 17.6298 8.28944 542,
315.752 405.871 31.21 8.28944 tweede
349.48 405.871 10.5724 8.28944 en
362.57 405.871 24.669 8.28944 derde
389.757 405.871 15.6095 8.28944 lid»
407.884 405.871 45.3156 8.28944 vervangen
455.717 405.871 22.6487 8.28944 door:
480.883 405.871 26.182 8.28944 artikel
509.583 405.871 17.6298 8.28944 542,

221.102 416.529 31.21 8.28944 tweede
254.829 416.529 10.5724 8.28944 en
267.918 416.529 23.6634 8.28944 vijfde
294.098 416.529 13.091 8.28944 lid.

230.162 437.845 7.55562 8.28944 2.
240.235 437.845 17.1134 8.28944 Aan
259.866 437.845 13.5892 8.28944 het
275.973 437.845 31.21 8.28944 tweede
309.701 437.845 10.5724 8.28944 lid
322.791 437.845 25.1582 8.28944 wordt
350.467 437.845 15.6095 8.28944 een
368.594 437.845 12.0763 8.28944 zin
383.188 437.845 53.3605 8.28944 toegevoegd,
439.066 437.845 39.7712 8.28944 luidende:
481.355 437.845 11.578 8.28944 De

221.102 448.504 53.8587 8.28944 valutadatum
277.479 448.504 15.6095 8.28944 van
295.606 448.504 10.5724 8.28944 de
308.696 448.504 46.3122 8.28944 creditering
357.526 448.504 15.6095 8.28944 van
375.653 448.504 10.5724 8.28944 de
388.743 448.504 63.4346 8.28944 betaalrekening
454.695 448.504 15.6095 8.28944 van
472.822 448.504 10.5724 8.28944 de
485.912 448.504 29.7061 8.28944 betaler
518.136 448.504 7.04829 8.28944 is

221.102 459.162 31.7173 8.28944 uiterlijk
255.337 459.162 10.5724 8.28944 de
268.427 459.162 27.6768 8.28944 datum
298.622 459.162 32.2156 8.28944 waarop
333.355 459.162 13.5892 8.28944 het
349.462 459.162 30.2044 8.28944 bedrag
382.184 459.162 17.1134 8.28944 was
401.815 459.162 53.8678 8.28944 gedebiteerd.

230.162 480.478 7.55562 8.28944 3.
240.234 480.478 17.1134 8.28944 Aan
259.864 480.478 13.5892 8.28944 het
275.97 480.478 24.669 8.28944 derde
303.156 480.478 10.5724 8.28944 lid
316.245 480.478 25.1582 8.28944 wordt
343.92 480.478 15.6095 8.28944 een
362.046 480.478 12.0763 8.28944 zin
376.639 480.478 53.3605 8.28944 toegevoegd,
432.517 480.478 39.7712 8.28944 luidende:
474.805 480.478 11.578 8.28944 De

221.102 491.137 53.8587 8.28944 valutadatum
277.478 491.137 19.6319 8.28944 voor
299.626 491.137 10.5724 8.28944 de
312.716 491.137 46.3122 8.28944 creditering
361.544 491.137 15.6095 8.28944 van
379.671 491.137 10.5724 8.28944 de
392.76 491.137 63.4346 8.28944 betaalrekening
458.711 491.137 15.6095 8.28944 van
476.837 491.137 10.5724 8.28944 de
489.927 491.137 30.1953 8.28944 begun-

221.102 501.795 26.1729 8.28944 stigde
249.793 501.795 7.04829 8.28944 is
259.359 501.795 31.7173 8.28944 uiterlijk
293.594 501.795 10.5724 8.28944 de
306.684 501.795 27.6768 8.28944 datum
336.878 501.795 32.2156 8.28944 waarop
371.611 501.795 13.5892 8.28944 het
387.718 501.795 30.2044 8.28944 bedrag
420.44 501.795 10.5724 8.28944 bij
433.53 501.795 15.6095 8.28944 een
451.658 501.795 34.7341 8.28944 correcte
488.909 501.795 43.7936 8.28944 uitvoering

221.102 512.454 19.6319 8.28944 voor
243.251 512.454 10.5724 8.28944 de
256.34 512.454 41.7824 8.28944 transactie
300.639 512.454 15.0931 8.28944 zou
318.249 512.454 14.5949 8.28944 zijn
335.361 512.454 50.851 8.28944 gevaluteerd
388.728 512.454 68.9609 8.28944 overeenkomstig
460.206 512.454 26.182 8.28944 artikel
488.905 512.454 17.6298 8.28944 541.

230.162 533.77 7.55562 8.28944 4.
240.235 533.77 17.1134 8.28944 Aan
259.866 533.77 13.5892 8.28944 het
275.973 533.77 26.6893 8.28944 vierde
305.18 533.77 10.5724 8.28944 lid
318.27 533.77 25.1582 8.28944 wordt
345.946 533.77 15.6095 8.28944 een
364.073 533.77 12.0763 8.28944 zin
378.667 533.77 53.3605 8.28944 toegevoegd,
434.545 533.77 39.7712 8.28944 luidende:
476.834 533.77 11.578 8.28944 De
490.93 533.77 29.7061 8.28944 betaler

221.102 544.428 32.7139 8.28944 worden
256.334 544.428 38.7656 8.28944 daarvoor
297.617 544.428 21.1449 8.28944 geen
321.28 544.428 28.1841 8.28944 kosten
351.981 544.428 57.8993 8.28944 aangerekend.

230.162 565.745 7.55562 8.28944 5.
240.235 565.745 9.0595 8.28944 Er
251.812 565.745 25.1582 8.28944 wordt
279.488 565.745 15.6095 8.28944 een
297.615 565.745 23.6634 8.28944 vijfde
323.796 565.745 10.5724 8.28944 lid
336.886 565.745 53.3605 8.28944 toegevoegd,
392.764 565.745 39.7712 8.28944 luidende:

230.162 576.403 7.55562 8.28944 5.
240.234 576.403 11.0798 8.28944 Bij
253.831 576.403 15.6095 8.28944 een
271.957 576.403 45.8048 8.28944 niet-tijdige
320.278 576.403 43.7936 8.28944 uitvoering
366.589 576.403 15.6095 8.28944 van
384.715 576.403 15.6095 8.28944 een
402.841 576.403 81.0463 8.28944 betalingstransactie
486.404 576.403 21.6341 8.28944 zorgt
510.555 576.403 10.5724 8.28944 de

221.102 587.062 87.6054 8.28944 betaaldienstverlener
311.225 587.062 15.6095 8.28944 van
329.352 587.062 10.5724 8.28944 de
342.443 587.062 53.3514 8.28944 begunstigde
398.312 587.062 28.1932 8.28944 ervoor
429.022 587.062 16.1078 8.28944 dat,
447.648 587.062 11.0707 8.28944 op
461.236 587.062 32.7229 8.28944 verzoek
496.477 587.062 15.6095 8.28944 van
514.604 587.062 10.5724 8.28944 de

221.102 597.72 87.6054 8.28944 betaaldienstverlener
311.225 597.72 15.6095 8.28944 van
329.352 597.72 10.5724 8.28944 de
342.443 597.72 29.7061 8.28944 betaler
374.666 597.72 13.091 8.28944 die
390.275 597.72 19.6319 8.28944 voor
412.424 597.72 37.2527 8.28944 rekening
452.195 597.72 15.6095 8.28944 van
470.322 597.72 10.5724 8.28944 de
483.412 597.72 29.7061 8.28944 betaler

221.102 608.379 38.7565 8.28944 optreedt,
262.376 608.379 10.5724 8.28944 de
275.467 608.379 53.8587 8.28944 valutadatum
331.843 608.379 19.6319 8.28944 voor
353.992 608.379 10.5724 8.28944 de
367.083 608.379 46.3122 8.28944 creditering
415.912 608.379 15.6095 8.28944 van
434.04 608.379 10.5724 8.28944 de
447.13 608.379 63.4346 8.28944 betaalrekening
513.082 608.379 15.6095 8.28944 van

221.102 619.037 10.5724 8.28944 de
234.192 619.037 53.3514 8.28944 begunstigde
290.061 619.037 31.7173 8.28944 uiterlijk
324.296 619.037 10.5724 8.28944 de
337.386 619.037 27.6768 8.28944 datum
367.581 619.037 7.04829 8.28944 is
377.147 619.037 32.2156 8.28944 waarop
411.88 619.037 13.5892 8.28944 het
427.987 619.037 30.2044 8.28944 bedrag
460.709 619.037 10.5724 8.28944 bij
473.799 619.037 15.6095 8.28944 een
491.926 619.037 34.7341 8.28944 correcte

221.102 629.696 43.7936 8.28944 uitvoering
267.414 629.696 15.6095 8.28944 van
285.541 629.696 10.5724 8.28944 de
298.631 629.696 41.7824 8.28944 transactie
342.931 629.696 15.0931 8.28944 zou
360.542 629.696 14.5949 8.28944 zijn
377.654 629.696 53.3695 8.28944 gevaluteerd.

221.102 651.012 12.5836 8.28944 AC

230.162 672.328 27.6858 8.28944 Artikel
260.364 672.328 15.1112 8.28944 544
277.992 672.328 25.1582 8.28944 wordt
305.667 672.328 12.0854 8.28944 als
320.269 672.328 21.6431 8.28944 volgt
344.429 672.328 43.2863 8.28944 gewijzigd:

221.102 766.046 26.182 8.38004 Eerste
250.3 766.046 28.7032 8.38004 Kamer,
282.019 766.046 50.851 8.38004 vergaderjaar
335.886 766.046 47.8523 8.38004 2017–2018,
386.754 766.046 10.0742 8.38004 34
399.844 766.046 17.6298 8.38004 813,
420.49 766.046 6.04269 8.38004 A

529.919 766.046 10.0742 8.38004 22

230.162 64.804 7.55562 8.28944 1.
240.235 64.804 8.0539 8.28944 In
250.807 64.804 13.5893 8.28944 het
266.914 64.804 26.182 8.28944 eerste
295.613 64.804 10.5724 8.28944 lid
308.703 64.804 25.1582 8.28944 wordt
336.379 64.804 31.219 8.28944 «artikel
370.116 64.804 17.6298 8.28944 542,
390.263 64.804 31.21 8.28944 tweede
423.991 64.804 10.5724 8.28944 en
437.081 64.804 24.669 8.28944 derde
464.268 64.804 15.6095 8.28944 lid»
482.395 64.804 45.3156 8.28944 vervangen

221.102 75.4625 22.6488 8.28944 door:
246.268 75.4625 26.182 8.28944 artikel
274.967 75.4625 17.6298 8.28944 542,
295.113 75.4625 31.21 8.28944 tweede
328.84 75.4625 10.5724 8.28944 en
341.929 75.4625 23.6634 8.28944 vijfde
368.109 75.4625 13.091 8.28944 lid.

230.162 96.7786 7.55562 8.28944 2.
240.235 96.7786 17.1134 8.28944 Aan
259.866 96.7786 13.5892 8.28944 het
275.973 96.7786 31.21 8.28944 tweede
309.701 96.7786 10.5724 8.28944 lid
322.791 96.7786 25.1582 8.28944 wordt
350.467 96.7786 15.6095 8.28944 een
368.594 96.7786 12.0763 8.28944 zin
383.188 96.7786 53.3605 8.28944 toegevoegd,
439.066 96.7786 39.7712 8.28944 luidende:

230.162 107.437 26.6802 8.28944 Indien
259.36 107.437 15.6095 8.28944 een
277.487 107.437 64.4312 8.28944 betaalopdracht
344.436 107.437 16.1078 8.28944 niet
363.061 107.437 21.6431 8.28944 tijdig
387.222 107.437 25.1582 8.28944 wordt
414.898 107.437 47.3178 8.28944 verzonden,
464.733 107.437 25.1582 8.28944 wordt
492.409 107.437 13.5892 8.28944 het
508.516 107.437 30.2044 8.28944 bedrag

221.102 118.096 11.0707 8.28944 op
234.69 118.096 10.5724 8.28944 de
247.779 118.096 63.4346 8.28944 betaalrekening
313.73 118.096 15.6095 8.28944 van
331.857 118.096 10.5724 8.28944 de
344.946 118.096 53.3514 8.28944 begunstigde
400.814 118.096 50.851 8.28944 gevaluteerd
454.182 118.096 31.7173 8.28944 uiterlijk
488.416 118.096 11.0707 8.28944 op
502.003 118.096 10.5724 8.28944 de

221.102 128.754 27.6768 8.28944 datum
251.297 128.754 32.2156 8.28944 waarop
286.03 128.754 13.5892 8.28944 het
302.137 128.754 10.5724 8.28944 bij
315.227 128.754 15.6095 8.28944 een
333.354 128.754 34.7341 8.28944 correcte
370.606 128.754 43.7936 8.28944 uitvoering
416.917 128.754 15.6095 8.28944 van
435.044 128.754 10.5724 8.28944 de
448.134 128.754 41.7824 8.28944 transactie
492.434 128.754 15.0931 8.28944 zou
510.045 128.754 14.5949 8.28944 zijn

221.102 139.413 53.3695 8.28944 gevaluteerd.

230.162 160.729 7.55562 8.28944 3.
240.235 160.729 8.0539 8.28944 In
250.807 160.729 13.5893 8.28944 het
266.914 160.729 24.669 8.28944 derde
294.1 160.729 10.5724 8.28944 lid
307.19 160.729 25.1582 8.28944 wordt
334.866 160.729 31.219 8.28944 «artikel
368.603 160.729 17.6298 8.28944 542,
388.75 160.729 31.21 8.28944 tweede
422.478 160.729 10.5724 8.28944 en
435.568 160.729 24.669 8.28944 derde
462.755 160.729 15.6095 8.28944 lid»
480.882 160.729 45.3156 8.28944 vervangen

221.102 171.387 22.6488 8.28944 door:
246.268 171.387 26.182 8.28944 artikel
274.967 171.387 17.6298 8.28944 542,
295.113 171.387 31.21 8.28944 tweede
328.84 171.387 10.5724 8.28944 en
341.929 171.387 23.6634 8.28944 vijfde
368.109 171.387 13.091 8.28944 lid.

230.162 192.703 7.55562 8.28944 4.
240.234 192.703 17.1134 8.28944 Aan
259.864 192.703 13.5892 8.28944 het
275.97 192.703 24.669 8.28944 derde
303.156 192.703 10.5724 8.28944 lid
316.245 192.703 25.1582 8.28944 wordt
343.92 192.703 15.6095 8.28944 een
362.046 192.703 12.0763 8.28944 zin
376.64 192.703 53.3605 8.28944 toegevoegd,
432.517 192.703 39.7712 8.28944 luidende:
474.805 192.703 14.5949 8.28944 Het
491.916 192.703 30.2044 8.28944 bedrag

221.102 203.362 25.1582 8.28944 wordt
248.777 203.362 11.0707 8.28944 op
262.365 203.362 10.5724 8.28944 de
275.454 203.362 37.2527 8.28944 rekening
315.223 203.362 15.6095 8.28944 van
333.35 203.362 10.5724 8.28944 de
346.439 203.362 53.3514 8.28944 begunstigde
402.307 203.362 50.851 8.28944 gevaluteerd
455.675 203.362 31.7173 8.28944 uiterlijk
489.909 203.362 11.0707 8.28944 op
503.496 203.362 10.5724 8.28944 de

221.102 214.02 27.6768 8.28944 datum
251.297 214.02 32.2156 8.28944 waarop
286.03 214.02 13.5892 8.28944 het
302.137 214.02 10.5724 8.28944 bij
315.227 214.02 15.6095 8.28944 een
333.354 214.02 34.7341 8.28944 correcte
370.606 214.02 43.7936 8.28944 uitvoering
416.917 214.02 15.6095 8.28944 van
435.044 214.02 10.5724 8.28944 de
448.134 214.02 41.7824 8.28944 transactie
492.434 214.02 15.0931 8.28944 zou
510.045 214.02 14.5949 8.28944 zijn

221.102 224.679 53.3695 8.28944 gevaluteerd.

230.162 245.995 7.55562 8.28944 5.
240.235 245.995 17.1134 8.28944 Aan
259.866 245.995 13.5892 8.28944 het
275.973 245.995 26.6893 8.28944 vierde
305.18 245.995 10.5724 8.28944 lid
318.27 245.995 25.1582 8.28944 wordt
345.946 245.995 15.6095 8.28944 een
364.073 245.995 12.0763 8.28944 zin
378.667 245.995 53.3605 8.28944 toegevoegd,
434.545 245.995 39.7712 8.28944 luidende:
476.834 245.995 11.578 8.28944 De

221.102 256.653 53.8587 8.28944 valutadatum
277.479 256.653 15.6095 8.28944 van
295.606 256.653 10.5724 8.28944 de
308.696 256.653 46.3122 8.28944 creditering
357.526 256.653 15.6095 8.28944 van
375.653 256.653 10.5724 8.28944 de
388.743 256.653 63.4346 8.28944 betaalrekening
454.695 256.653 15.6095 8.28944 van
472.822 256.653 10.5724 8.28944 de
485.912 256.653 29.7061 8.28944 betaler
518.136 256.653 7.04829 8.28944 is

221.102 267.312 31.7173 8.28944 uiterlijk
255.337 267.312 10.5724 8.28944 de
268.427 267.312 27.6768 8.28944 datum
298.622 267.312 32.2156 8.28944 waarop
333.355 267.312 13.5892 8.28944 het
349.462 267.312 30.2044 8.28944 bedrag
382.184 267.312 17.1134 8.28944 was
401.815 267.312 53.8678 8.28944 gedebiteerd.

230.162 288.628 7.55562 8.28944 6.
240.235 288.628 26.6802 8.28944 Onder
269.433 288.628 63.9238 8.28944 vernummering
335.874 288.628 15.6095 8.28944 van
354.002 288.628 13.5892 8.28944 het
370.109 288.628 23.6634 8.28944 vijfde
396.29 288.628 19.1337 8.28944 naar
417.941 288.628 13.5892 8.28944 het
434.048 288.628 24.1617 8.28944 zesde
460.727 288.628 13.091 8.28944 lid,
476.336 288.628 25.1582 8.28944 wordt
504.012 288.628 15.6095 8.28944 een
522.139 288.628 10.5724 8.28944 lid

221.102 299.287 47.8251 8.28944 ingevoegd,
271.444 299.287 39.7712 8.28944 luidende:

230.162 309.945 7.55562 8.28944 5.
240.235 309.945 11.578 8.28944 De
254.331 309.945 50.8419 8.28944 verplichting
307.69 309.945 11.0707 8.28944 uit
321.279 309.945 30.1953 8.28944 hoofde
353.992 309.945 15.6095 8.28944 van
372.119 309.945 13.5892 8.28944 het
388.226 309.945 26.6893 8.28944 vierde
417.433 309.945 10.5724 8.28944 lid
430.523 309.945 21.6431 8.28944 geldt
454.683 309.945 16.1078 8.28944 niet
473.309 309.945 19.6319 8.28944 voor
495.458 309.945 10.5724 8.28944 de

221.102 320.604 87.6054 8.28944 betaaldienstverlener
311.225 320.604 15.6095 8.28944 van
329.353 320.604 10.5724 8.28944 de
342.443 320.604 29.7061 8.28944 betaler
374.666 320.604 37.2527 8.28944 wanneer
414.437 320.604 10.5724 8.28944 hij
427.527 320.604 30.7026 8.28944 bewijst
460.747 320.604 13.5892 8.28944 dat
476.854 320.604 10.5724 8.28944 de
489.944 320.604 29.1988 8.28944 betaal-

221.102 331.262 61.4234 8.28944 dienstverlener
285.043 331.262 15.6095 8.28944 van
303.171 331.262 10.5724 8.28944 de
316.261 331.262 53.3514 8.28944 begunstigde
372.13 331.262 13.5892 8.28944 het
388.237 331.262 30.2044 8.28944 bedrag
420.959 331.262 15.6095 8.28944 van
439.086 331.262 10.5724 8.28944 de
452.176 331.262 81.0463 8.28944 betalingstransactie

221.102 341.921 21.6431 8.28944 heeft
245.263 341.921 48.3234 8.28944 ontvangen,
296.104 341.921 19.1246 8.28944 zelfs
317.746 341.921 26.6802 8.28944 indien
346.944 341.921 10.5724 8.28944 de
360.034 341.921 43.7936 8.28944 uitvoering
406.346 341.921 15.6095 8.28944 van
424.473 341.921 10.5724 8.28944 de
437.563 341.921 81.0463 8.28944 betalingstransactie

221.102 352.579 25.1673 8.28944 louter
248.787 352.579 41.2841 8.28944 vertraagd
292.589 352.579 27.6768 8.28944 wordt.
322.784 352.579 8.0539 8.28944 In
333.355 352.579 13.5892 8.28944 dat
349.462 352.579 23.1651 8.28944 geval
375.145 352.579 37.76 8.28944 valuteert
415.422 352.579 10.5724 8.28944 de
428.512 352.579 87.6054 8.28944 betaaldienstverlener
518.635 352.579 15.6095 8.28944 van

221.102 363.238 10.5724 8.28944 de
234.192 363.238 53.3514 8.28944 begunstigde
290.062 363.238 13.5892 8.28944 het
306.168 363.238 30.2044 8.28944 bedrag
338.89 363.238 11.0707 8.28944 op
352.479 363.238 10.5724 8.28944 de
365.569 363.238 37.2527 8.28944 rekening
405.339 363.238 15.6095 8.28944 van
423.466 363.238 10.5724 8.28944 de
436.556 363.238 53.3514 8.28944 begunstigde
492.425 363.238 31.7173 8.28944 uiterlijk
526.66 363.238 11.0707 8.28944 op

221.102 373.896 10.5724 8.28944 de
234.192 373.896 27.6768 8.28944 datum
264.387 373.896 32.2156 8.28944 waarop
299.12 373.896 13.5892 8.28944 het
315.227 373.896 10.5724 8.28944 bij
328.317 373.896 15.6095 8.28944 een
346.444 373.896 34.7341 8.28944 correcte
383.696 373.896 43.7936 8.28944 uitvoering
430.007 373.896 15.0931 8.28944 zou
447.618 373.896 14.5949 8.28944 zijn
464.73 373.896 53.3695 8.28944 gevaluteerd.

230.162 395.212 7.55562 8.28944 7.
240.234 395.212 17.1134 8.28944 Aan
259.864 395.212 13.5892 8.28944 het
275.97 395.212 24.1617 8.28944 zesde
302.649 395.212 10.5724 8.28944 lid
315.738 395.212 32.2065 8.28944 (nieuw)
350.461 395.212 25.1582 8.28944 wordt
378.136 395.212 15.6095 8.28944 een
396.262 395.212 12.0763 8.28944 zin
410.855 395.212 53.3605 8.28944 toegevoegd,
466.733 395.212 39.7712 8.28944 luidende:

230.162 405.871 11.578 8.28944 De
244.257 405.871 53.3514 8.28944 begunstigde
300.125 405.871 32.7139 8.28944 worden
335.355 405.871 38.7656 8.28944 daarvoor
376.638 405.871 21.1449 8.28944 geen
400.299 405.871 28.1841 8.28944 kosten
431 405.871 57.8993 8.28944 aangerekend.

221.102 427.187 13.0819 8.28944 AD

230.162 448.503 8.0539 8.28944 In
240.733 448.503 26.182 8.28944 artikel
269.431 448.503 15.1112 8.28944 545
287.059 448.503 25.1582 8.28944 wordt
314.734 448.503 10.5724 8.28944 na
327.823 448.503 51.8566 8.28944 «gebrekkige
382.197 448.503 48.8307 8.28944 uitvoering»
433.544 448.503 47.8251 8.28944 ingevoegd:
483.886 448.503 2.51854 8.28944 ,
488.921 448.503 45.8048 8.28944 niet-tijdige

221.102 459.161 43.7936 8.28944 uitvoering
267.413 459.161 44.301 8.28944 daaronder
314.23 459.161 45.8139 8.28944 begrepen,.

221.102 480.477 12.0763 8.28944 AE

230.162 501.794 9.0595 8.28944 Er
241.739 501.794 25.1582 8.28944 wordt
269.415 501.794 10.5724 8.28944 na
282.505 501.794 26.182 8.28944 artikel
311.205 501.794 15.1112 8.28944 545
328.833 501.794 15.6095 8.28944 een
346.961 501.794 26.182 8.28944 artikel
375.66 501.794 47.8251 8.28944 ingevoegd,
426.003 501.794 39.7712 8.28944 luidende:

221.102 523.11 33.2248 8.26226 Artikel
256.848 523.11 23.6743 8.26226 545a

230.162 544.426 7.55562 8.28944 1.
240.235 544.426 38.4313 8.28944 Wanneer
281.184 544.426 15.6095 8.28944 een
299.311 544.426 64.4312 8.28944 betaalopdracht
366.26 544.426 20.1302 8.28944 door
388.908 544.426 15.6095 8.28944 een
407.035 544.426 29.7061 8.28944 betaler
439.259 544.426 12.5927 8.28944 via
454.369 544.426 15.6095 8.28944 een
472.496 544.426 60.9161 8.28944 betaalinitiatie-

221.102 555.084 61.4234 8.28944 dienstverlener
285.043 555.084 25.1582 8.28944 wordt
312.717 555.084 48.3324 8.28944 geïnitieerd,
363.567 555.084 29.1988 8.28944 betaalt
395.282 555.084 10.5724 8.28944 de
408.371 555.084 80.539 8.28944 rekeninghoudende
491.427 555.084 29.1988 8.28944 betaal-

221.102 565.743 61.4234 8.28944 dienstverlener
285.043 565.743 10.5724 8.28944 de
298.134 565.743 31.5561 8.28944 betaler,
332.207 565.743 60.907 8.28944 onverminderd
395.632 565.743 10.5724 8.28944 de
408.722 565.743 36.7544 8.28944 artikelen
447.994 565.743 15.1112 8.28944 526
465.623 565.743 10.5724 8.28944 en
478.713 565.743 17.6298 8.28944 542,
498.86 565.743 31.21 8.28944 tweede

221.102 576.401 10.5724 8.28944 en
234.192 576.401 24.669 8.28944 derde
261.377 576.401 13.091 8.28944 lid,
276.985 576.401 13.5892 8.28944 het
293.091 576.401 30.2044 8.28944 bedrag
325.812 576.401 15.6095 8.28944 van
343.938 576.401 10.5724 8.28944 de
357.028 576.401 70.4739 8.28944 niet-uitgevoerde
430.018 576.401 8.55217 8.28944 of
441.087 576.401 46.8195 8.28944 gebrekkige
490.423 576.401 42.2807 8.28944 betalings-

221.102 587.06 41.7824 8.28944 transactie
265.402 587.06 22.6487 8.28944 terug
290.569 587.06 10.5724 8.28944 en
303.659 587.06 32.2156 8.28944 herstelt
338.392 587.06 10.5724 8.28944 hij
351.482 587.06 10.5724 8.28944 de
364.572 587.06 63.4346 8.28944 betaalrekening
430.525 587.06 13.091 8.28944 die
446.133 587.06 16.6061 8.28944 met
465.257 587.06 13.5892 8.28944 dat
481.364 587.06 30.2044 8.28944 bedrag
514.086 587.06 17.1134 8.28944 was

221.102 597.718 53.8678 8.28944 gedebiteerd,
277.488 597.718 8.0539 8.28944 in
288.059 597.718 10.5724 8.28944 de
301.149 597.718 37.2436 8.28944 toestand
340.911 597.718 21.6431 8.28944 zoals
365.071 597.718 13.091 8.28944 die
380.68 597.718 35.7397 8.28944 geweest
418.937 597.718 15.0931 8.28944 zou
436.548 597.718 14.5949 8.28944 zijn
453.661 597.718 37.2527 8.28944 wanneer
493.431 597.718 10.5724 8.28944 de

221.102 608.377 46.8195 8.28944 gebrekkige
270.44 608.377 81.0463 8.28944 betalingstransactie
354.003 608.377 16.1078 8.28944 niet
372.629 608.377 16.1078 8.28944 had
391.254 608.377 70.9812 8.28944 plaatsgevonden.

230.162 619.035 7.55562 8.28944 2.
240.235 619.035 14.5949 8.28944 Het
257.348 619.035 27.6858 8.28944 bewijs
287.551 619.035 13.5892 8.28944 dat
303.658 619.035 10.5724 8.28944 de
316.748 619.035 64.4312 8.28944 betaalopdracht
383.697 619.035 20.1302 8.28944 door
406.345 619.035 10.5724 8.28944 de
419.435 619.035 80.539 8.28944 rekeninghoudende

221.102 629.694 87.6054 8.28944 betaaldienstverlener
311.225 629.694 15.6095 8.28944 van
329.353 629.694 10.5724 8.28944 de
342.443 629.694 29.7061 8.28944 betaler
374.666 629.694 17.1134 8.28944 was
394.297 629.694 45.8048 8.28944 ontvangen
442.62 629.694 68.9609 8.28944 overeenkomstig

221.102 640.352 26.182 8.28944 artikel
249.802 640.352 17.6298 8.28944 532,
269.949 640.352 10.5724 8.28944 en
283.039 640.352 13.5892 8.28944 dat
299.146 640.352 10.5724 8.28944 de
312.236 640.352 81.0463 8.28944 betalingstransactie
395.8 640.352 29.697 8.28944 binnen
428.015 640.352 10.5724 8.28944 de
441.105 640.352 55.879 8.28944 bevoegdheid
499.502 640.352 15.6095 8.28944 van
517.629 640.352 10.5724 8.28944 de

221.102 651.011 119.323 8.28944 betaalinitiatiedienstverlener
342.942 651.011 17.1134 8.28944 was
362.572 651.011 71.9868 8.28944 geauthentiseerd,
437.075 651.011 29.697 8.28944 correct
469.289 651.011 17.1134 8.28944 was
488.919 651.011 34.7341 8.28944 geregis-

221.102 661.669 25.6746 8.28944 treerd
249.295 661.669 10.5724 8.28944 en
262.385 661.669 16.1078 8.28944 niet
281.01 661.669 20.1302 8.28944 door
303.658 661.669 15.6095 8.28944 een
321.785 661.669 45.8048 8.28944 technische
370.108 661.669 30.1953 8.28944 storing
402.821 661.669 8.55217 8.28944 of
413.89 661.669 18.6263 8.28944 enig
435.034 661.669 24.669 8.28944 ander
462.221 661.669 21.1449 8.28944 falen
485.884 661.669 8.0539 8.28944 in
496.455 661.669 35.2415 8.28944 verband

221.102 672.328 16.6061 8.28944 met
240.226 672.328 10.5724 8.28944 de
253.316 672.328 62.9182 8.28944 niet-uitvoering
318.752 672.328 8.55217 8.28944 of
329.822 672.328 10.5724 8.28944 de
342.912 672.328 46.8195 8.28944 gebrekkige
392.249 672.328 8.55217 8.28944 of
403.319 672.328 45.8048 8.28944 niet-tijdige
451.641 672.328 43.7936 8.28944 uitvoering
497.953 672.328 15.6095 8.28944 van
516.08 672.328 10.5724 8.28944 de

221.102 682.986 41.7824 8.28944 transactie
265.402 682.986 17.1134 8.28944 was
285.032 682.986 44.8083 8.28944 beïnvloed,
332.357 682.986 25.1582 8.28944 wordt
360.032 682.986 37.2617 8.28944 geleverd
399.81 682.986 20.1302 8.28944 door
422.457 682.986 10.5724 8.28944 de
435.546 682.986 100.353 8.28944 betaalinitiatiedienstver-

221.102 693.645 23.5022 8.28944 lener.

221.102 766.046 26.182 8.38004 Eerste
250.3 766.046 28.7032 8.38004 Kamer,
282.019 766.046 50.851 8.38004 vergaderjaar
335.886 766.046 47.8523 8.38004 2017–2018,
386.754 766.046 10.0742 8.38004 34
399.844 766.046 17.6298 8.38004 813,
420.49 766.046 6.04269 8.38004 A

529.919 766.046 10.0742 8.38004 23

230.162 64.804 7.55562 8.28944 3.
240.234 64.804 26.6802 8.28944 Indien
269.431 64.804 10.5724 8.28944 de
282.52 64.804 119.323 8.28944 betaalinitiatiedienstverlener
404.36 64.804 55.8881 8.28944 aansprakelijk
462.765 64.804 7.04829 8.28944 is
472.33 64.804 19.6319 8.28944 voor
494.478 64.804 10.5724 8.28944 de

221.102 75.4625 62.9182 8.28944 niet-uitvoering
286.538 75.4625 8.55217 8.28944 of
297.608 75.4625 10.5724 8.28944 de
310.698 75.4625 46.8195 8.28944 gebrekkige
360.035 75.4625 8.55217 8.28944 of
371.105 75.4625 45.8048 8.28944 niet-tijdige
419.428 75.4625 43.7936 8.28944 uitvoering
465.739 75.4625 15.6095 8.28944 van
483.866 75.4625 10.5724 8.28944 de
496.956 75.4625 42.2807 8.28944 betalings-

221.102 86.121 44.301 8.28944 transactie,
267.921 86.121 38.2583 8.28944 vergoedt
308.697 86.121 10.5724 8.28944 hij
321.787 86.121 10.5724 8.28944 de
334.877 86.121 80.539 8.28944 rekeninghoudende
417.934 86.121 87.6054 8.28944 betaaldienstverlener
508.057 86.121 11.0707 8.28944 op

221.102 96.7795 23.1561 8.28944 diens
246.776 96.7795 32.7229 8.28944 verzoek
282.017 96.7795 52.8531 8.28944 onmiddellijk
337.387 96.7795 19.6319 8.28944 voor
359.537 96.7795 10.5724 8.28944 de
372.627 96.7795 34.2359 8.28944 geleden
409.381 96.7795 38.2673 8.28944 verliezen
450.166 96.7795 8.55217 8.28944 of
461.235 96.7795 19.1337 8.28944 naar
482.887 96.7795 44.8083 8.28944 aanleiding

221.102 107.438 15.6095 8.28944 van
239.23 107.438 13.5893 8.28944 het
255.336 107.438 54.3661 8.28944 terugbetalen
312.22 107.438 15.6095 8.28944 van
330.347 107.438 10.5724 8.28944 de
343.437 107.438 29.7061 8.28944 betaler
375.661 107.438 36.7544 8.28944 betaalde
414.933 107.438 43.2954 8.28944 bedragen.

221.102 128.754 11.578 8.28944 AF

230.162 150.07 27.6858 8.28944 Artikel
260.364 150.07 15.1112 8.28944 547
277.992 150.07 25.1582 8.28944 wordt
305.667 150.07 12.0854 8.28944 als
320.269 150.07 21.6431 8.28944 volgt
344.429 150.07 43.2863 8.28944 gewijzigd:

230.162 171.386 7.55562 8.28944 1.
240.235 171.386 8.0539 8.28944 In
250.807 171.386 13.5893 8.28944 het
266.914 171.386 26.182 8.28944 eerste
295.613 171.386 10.5724 8.28944 lid
308.703 171.386 25.1582 8.28944 wordt
336.379 171.386 15.6095 8.28944 «de
354.506 171.386 36.7544 8.28944 artikelen
393.778 171.386 17.6298 8.28944 543,
413.926 171.386 15.1112 8.28944 544
431.555 171.386 10.5724 8.28944 en
444.645 171.386 20.1483 8.28944 545»
467.311 171.386 45.3156 8.28944 vervangen
515.144 171.386 22.6488 8.28944 door:

221.102 182.045 10.5724 8.28944 de
234.192 182.045 36.7544 8.28944 artikelen
273.464 182.045 17.6298 8.28944 528,
293.612 182.045 17.6298 8.28944 543,
313.759 182.045 15.1112 8.28944 544
331.388 182.045 10.5724 8.28944 en
344.478 182.045 17.6298 8.28944 545.

230.162 203.361 7.55562 8.28944 2.
240.235 203.361 17.1134 8.28944 Aan
259.866 203.361 13.5892 8.28944 het
275.973 203.361 26.182 8.28944 eerste
304.673 203.361 10.5724 8.28944 lid
317.763 203.361 25.1582 8.28944 wordt
345.439 203.361 15.6095 8.28944 een
363.566 203.361 12.0763 8.28944 zin
378.16 203.361 53.3605 8.28944 toegevoegd,
434.038 203.361 39.7712 8.28944 luidende:

230.162 214.019 33.7285 8.28944 Daartoe
266.408 214.019 33.7195 8.28944 behoort
302.645 214.019 15.6095 8.28944 een
320.772 214.019 54.8643 8.28944 compensatie
378.154 214.019 37.2527 8.28944 wanneer
417.925 214.019 15.6095 8.28944 een
436.052 214.019 15.6095 8.28944 van
454.179 214.019 10.5724 8.28944 de
467.269 214.019 68.6357 8.28944 betaaldienstver-

221.102 224.678 26.182 8.28944 leners
249.801 224.678 21.1449 8.28944 geen
273.463 224.678 25.6746 8.28944 sterke
301.654 224.678 78.5277 8.28944 cliëntauthenticatie
382.699 224.678 34.2268 8.28944 toepast.

221.102 245.994 13.5892 8.28944 AG

230.162 267.31 8.0539 8.28944 In
240.733 267.31 26.182 8.28944 artikel
269.433 267.31 15.1112 8.28944 548
287.062 267.31 25.1582 8.28944 wordt
314.738 267.31 44.8083 8.28944 «nationale
362.064 267.31 8.55217 8.28944 of
373.133 267.31 67.9462 8.28944 communautaire
443.597 267.31 49.8363 8.28944 wetgeving»

221.102 277.969 45.3156 8.28944 vervangen
268.935 277.969 22.6487 8.28944 door:
294.1 277.969 39.7712 8.28944 nationaal
336.388 277.969 21.6431 8.28944 recht
360.548 277.969 8.55217 8.28944 of
371.617 277.969 44.301 8.28944 Unierecht.

221.102 299.285 13.0819 8.28944 AH

230.162 320.601 8.0539 8.28944 In
240.733 320.601 26.182 8.28944 artikel
269.431 320.601 15.1112 8.28944 549
287.059 320.601 25.1582 8.28944 wordt
314.734 320.601 22.6669 8.28944 «530,
339.918 320.601 23.6634 8.28944 vijfde
366.098 320.601 15.6095 8.28944 lid»
384.224 320.601 45.3156 8.28944 vervangen
432.056 320.601 22.6487 8.28944 door:
457.222 320.601 17.6298 8.28944 530,
477.368 320.601 26.6893 8.28944 vierde
506.574 320.601 13.091 8.28944 lid.

221.102 341.917 9.0595 8.28944 AI

230.162 363.233 8.0539 8.28944 In
240.733 363.233 26.182 8.28944 artikel
269.433 363.233 17.6298 8.28944 551,
289.58 363.233 26.182 8.28944 eerste
318.28 363.233 13.091 8.28944 lid,
333.889 363.233 25.1582 8.28944 wordt
361.565 363.233 22.6669 8.28944 «530,
386.749 363.233 23.6634 8.28944 vijfde
412.93 363.233 15.6095 8.28944 lid»
431.057 363.233 45.3156 8.28944 vervangen
478.89 363.233 22.6487 8.28944 door:
504.057 363.233 17.6298 8.28944 530,

221.102 373.892 26.6893 8.28944 vierde
250.308 373.892 13.091 8.28944 lid.

221.102 405.869 41.6121 8.26226 ARTIKEL
265.231 405.869 10.0651 8.26226 IV

230.162 427.185 11.578 8.28944 De
244.257 427.185 16.7791 8.28944 Wet
263.553 427.185 50.8419 8.28944 handhaving
316.912 427.185 114.249 8.28944 consumentenbescherming
433.678 427.185 25.1582 8.28944 wordt
461.353 427.185 12.0854 8.28944 als
475.955 427.185 21.6431 8.28944 volgt

221.103 437.843 43.2863 8.28944 gewijzigd:

221.103 459.159 11.578 8.28944 aA

230.162 480.475 27.6858 8.28944 Artikel
260.365 480.475 15.1112 8.28944 1.1,
277.993 480.475 43.2954 8.28944 onderdeel
323.805 480.475 7.55562 8.28944 e,
333.877 480.475 25.1673 8.28944 onder
361.561 480.475 11.1794 8.28944 5°,
375.258 480.475 21.6341 8.28944 komt
399.408 480.475 8.0539 8.28944 te
409.979 480.475 29.1988 8.28944 luiden:

230.162 491.134 11.1794 8.28944 5°.
243.859 491.134 15.6095 8.28944 een
261.985 491.134 65.4368 8.28944 betalingsdienst
329.938 491.134 12.0854 8.28944 als
344.54 491.134 34.7341 8.28944 bedoeld
381.791 491.134 8.0539 8.28944 in
392.362 491.134 28.7005 8.28944 bijlage
423.579 491.134 2.51854 8.28944 I
428.614 491.134 15.6095 8.28944 van
446.741 491.134 32.2156 8.28944 richtlijn
481.473 491.134 10.9094 8.28944 nr.
494.899 491.134 42.8152 8.28944 2015/2366

221.103 501.792 15.6095 8.28944 van
239.23 501.792 13.5893 8.28944 het
255.337 501.792 40.2695 8.28944 Europees
298.124 501.792 43.7936 8.28944 Parlement
344.435 501.792 10.5724 8.28944 en
357.525 501.792 10.5724 8.28944 de
370.616 501.792 21.6522 8.28944 Raad
394.785 501.792 15.6095 8.28944 van
412.912 501.792 10.0742 8.28944 25
425.504 501.792 43.7936 8.28944 november
471.816 501.792 20.1483 8.28944 2015
494.482 501.792 28.1841 8.28944 betref-

221.103 512.451 24.1617 8.28944 fende
247.781 512.451 76.0092 8.28944 betalingsdiensten
326.307 512.451 8.0539 8.28944 in
336.878 512.451 10.5724 8.28944 de
349.967 512.451 30.2044 8.28944 interne
382.688 512.451 27.1785 8.28944 markt,
412.383 512.451 43.2863 8.28944 houdende
458.186 512.451 38.2492 8.28944 wijziging
498.952 512.451 15.6095 8.28944 van
517.079 512.451 10.5724 8.28944 de

221.103 523.109 45.3066 8.28944 Richtlijnen
268.926 523.109 50.3618 8.28944 2002/65/EG,
321.805 523.109 52.8803 8.28944 2009/110/EG
377.202 523.109 10.5724 8.28944 en
390.291 523.109 47.8432 8.28944 2013/36/EU
440.651 523.109 10.5724 8.28944 en
453.74 523.109 52.729 8.28944 Verordening
508.986 523.109 18.6173 8.28944 (EU)

221.103 533.768 10.9094 8.28944 nr.
234.53 533.768 42.8152 8.28944 1093/2010
279.863 533.768 10.5724 8.28944 en
292.953 533.768 43.2863 8.28944 houdende
338.757 533.768 42.2807 8.28944 intrekking
383.555 533.768 15.6095 8.28944 van
401.682 533.768 34.7341 8.28944 Richtlijn
438.934 533.768 50.3618 8.28944 2007/64/EG.

221.103 555.084 6.54096 8.28944 A

230.162 576.4 9.0595 8.28944 Er
241.74 576.4 25.1582 8.28944 wordt
269.415 576.4 10.5724 8.28944 na
282.506 576.4 26.182 8.28944 artikel
311.205 576.4 17.6298 8.28944 8.13
331.353 576.4 15.6095 8.28944 een
349.48 576.4 26.182 8.28944 artikel
378.179 576.4 47.8251 8.28944 ingevoegd,
428.522 576.4 39.7712 8.28944 luidende:

221.103 597.716 33.2248 8.26226 Artikel
256.848 597.716 21.1557 8.26226 8.14

230.162 619.032 16.1078 8.28944 Een
248.788 619.032 53.3514 8.28944 begunstigde
304.657 619.032 12.0854 8.28944 als
319.26 619.032 34.7341 8.28944 bedoeld
356.512 619.032 8.0539 8.28944 in
367.083 619.032 26.182 8.28944 artikel
395.783 619.032 17.6298 8.28944 514,
415.93 619.032 43.2954 8.28944 onderdeel
461.743 619.032 7.04829 8.28944 c,
471.309 619.032 15.6095 8.28944 van
489.436 619.032 21.1449 8.28944 Boek
513.099 619.032 5.03708 8.28944 7
520.654 619.032 15.6095 8.28944 van

221.103 629.691 13.5893 8.28944 het
237.21 629.691 41.2841 8.28944 Burgerlijk
281.012 629.691 39.9352 8.28944 Wetboek,
323.464 629.691 27.1785 8.28944 neemt
353.161 629.691 26.182 8.28944 artikel
381.86 629.691 17.6298 8.28944 520,
402.008 629.691 24.669 8.28944 derde
429.194 629.691 10.5724 8.28944 en
442.284 629.691 26.6893 8.28944 vierde
471.491 629.691 13.091 8.28944 lid,
487.1 629.691 15.6095 8.28944 van
505.227 629.691 21.1449 8.28944 Boek
528.89 629.691 5.03708 8.28944 7

221.103 640.349 15.6095 8.28944 van
239.229 640.349 13.5893 8.28944 het
255.335 640.349 41.2841 8.28944 Burgerlijk
299.136 640.349 37.4166 8.28944 Wetboek
339.069 640.349 8.0539 8.28944 in
349.64 640.349 20.6375 8.28944 acht.

221.102 766.046 26.182 8.38004 Eerste
250.3 766.046 28.7032 8.38004 Kamer,
282.019 766.046 50.851 8.38004 vergaderjaar
335.886 766.046 47.8523 8.38004 2017–2018,
386.754 766.046 10.0742 8.38004 34
399.844 766.046 17.6298 8.38004 813,
420.49 766.046 6.04269 8.38004 A

529.919 766.046 10.0742 8.38004 24

221.102 64.804 6.04269 8.28944 B

230.162 86.1201 17.1134 8.28944 Aan
249.793 86.1201 43.2954 8.28944 onderdeel
295.606 86.1201 5.03708 8.28944 a
303.161 86.1201 15.6095 8.28944 van
321.288 86.1201 10.5724 8.28944 de
334.378 86.1201 28.7005 8.28944 bijlage
365.596 86.1201 25.1582 8.28944 wordt
393.272 86.1201 15.6095 8.28944 een
411.399 86.1201 8.56123 8.28944 rij
422.478 86.1201 53.3605 8.28944 toegevoegd,
478.356 86.1201 39.7712 8.28944 luidende:

228.614 112.066 26.5671 6.33903 Richtlijn
257.106 112.066 14.2389 6.33903 (EU)
273.271 112.066 32.7468 6.33903 2015/2366
307.943 112.066 11.9382 6.33903 van
321.806 112.066 10.3932 6.33903 het
334.125 112.066 30.7994 6.33903 Europees

228.614 120.57 33.495 6.33903 Parlement
264.034 120.57 8.08555 6.33903 en
274.045 120.57 8.08555 6.33903 de
284.056 120.57 16.5598 6.33903 Raad
302.541 120.57 11.9382 6.33903 van
316.404 120.57 7.70452 6.33903 25
326.034 120.57 33.4943 6.33903 november

228.614 129.074 15.4097 6.33903 2015
245.949 129.074 37.7293 6.33903 betreffende
285.604 129.074 58.1362 6.33903 betalingsdiensten
345.665 129.074 6.1596 6.33903 in
353.75 129.074 8.08555 6.33903 de

228.614 137.578 23.1018 6.33903 interne
253.641 137.578 20.7872 6.33903 markt,
276.354 137.578 33.1064 6.33903 houdende
311.385 137.578 29.2551 6.33903 wijziging
342.566 137.578 11.9382 6.33903 van
356.429 137.578 8.08555 6.33903 de

228.614 146.082 34.6534 6.33903 Richtlijnen
265.193 146.082 38.5191 6.33903 2002/65/EG,
305.637 146.082 40.4451 6.33903 2009/110/EG
348.007 146.082 8.08555 6.33903 en

228.614 154.586 36.5925 6.33903 2013/36/EU
267.132 154.586 8.08555 6.33903 en
277.143 154.586 40.3273 6.33903 Verordening
319.395 154.586 14.2389 6.33903 (EU)
335.559 154.586 8.34466 6.33903 nr.
345.829 154.586 17.3364 6.33903 1093/

228.614 163.09 15.4097 6.33903 2010
245.949 163.09 8.08555 6.33903 en
255.96 163.09 33.1064 6.33903 houdende
290.992 163.09 32.3387 6.33903 intrekking
325.256 163.09 11.9382 6.33903 van
339.119 163.09 26.5671 6.33903 Richtlijn

228.614 171.594 38.5191 6.33903 2007/64/EG.

386.22 112.066 21.1758 6.33903 Artikel
409.321 112.066 13.4838 6.33903 8.14
424.731 112.066 11.9382 6.33903 van
438.594 112.066 15.0148 6.33903 deze
455.534 112.066 13.8579 6.33903 wet.

221.102 214.02 41.6121 8.26226 ARTIKEL
265.231 214.02 17.1161 8.26226 IVA

230.162 235.336 11.578 8.28944 De
244.258 235.336 65.4368 8.28944 Uitvoeringswet
312.213 235.336 43.7936 8.28944 Algemene
358.524 235.336 52.3549 8.28944 verordening
413.396 235.336 97.1541 8.28944 gegevensbescherming
513.068 235.336 25.1582 8.28944 wordt

221.103 245.994 40.7677 8.28944 gewijzigd
264.387 245.994 12.0854 8.28944 als
278.99 245.994 24.1617 8.28944 volgt:

221.103 267.31 6.54096 8.28944 A

230.162 288.627 12.0854 8.28944 Na
244.765 288.627 26.182 8.28944 artikel
273.463 288.627 10.0742 8.28944 21
286.054 288.627 25.1582 8.28944 wordt
313.729 288.627 15.6095 8.28944 een
331.855 288.627 26.182 8.28944 artikel
360.554 288.627 47.8251 8.28944 ingevoegd,
410.896 288.627 39.7712 8.28944 luidende:

221.103 309.943 33.2248 8.26226 Artikel
256.848 309.943 17.628 8.26226 21a

230.162 331.259 7.55562 8.28944 1.
240.235 331.259 11.578 8.28944 De
254.33 331.259 17.6207 8.28944 taak
274.467 331.259 15.6095 8.28944 van
292.593 331.259 10.5724 8.28944 de
305.682 331.259 40.2604 8.28944 Autoriteit
348.46 331.259 83.5648 8.28944 persoonsgegevens,
434.541 331.259 34.7341 8.28944 bedoeld
471.792 331.259 8.0539 8.28944 in
482.363 331.259 26.182 8.28944 artikel
511.061 331.259 7.55562 8.28944 6,

221.103 341.917 24.669 8.28944 derde
248.29 341.917 13.091 8.28944 lid,
263.898 341.917 27.1785 8.28944 omvat
293.594 341.917 24.1617 8.28944 mede
320.274 341.917 13.5892 8.28944 het
336.381 341.917 33.2121 8.28944 toezicht
372.11 341.917 11.0707 8.28944 op
385.699 341.917 10.5724 8.28944 de
398.789 341.917 36.7544 8.28944 naleving
438.061 341.917 15.6095 8.28944 van
456.188 341.917 10.5724 8.28944 de
469.278 341.917 41.2751 8.28944 krachtens
513.071 341.917 26.182 8.28944 artikel

221.103 352.576 20.1483 8.28944 3:17,
243.769 352.576 35.2415 8.28944 zevende
281.528 352.576 13.091 8.28944 lid,
297.137 352.576 15.6095 8.28944 van
315.264 352.576 10.5724 8.28944 de
328.354 352.576 16.7791 8.28944 Wet
347.651 352.576 11.0707 8.28944 op
361.239 352.576 13.5892 8.28944 het
377.346 352.576 41.2841 8.28944 financieel
421.148 352.576 33.2121 8.28944 toezicht
456.877 352.576 36.2471 8.28944 gestelde
495.642 352.576 37.2527 8.28944 verplich-

221.103 363.234 27.1785 8.28944 tingen
250.799 363.234 16.6061 8.28944 met
269.923 363.234 44.7992 8.28944 betrekking
317.24 363.234 11.569 8.28944 tot
331.326 363.234 10.5724 8.28944 de
344.416 363.234 35.2324 8.28944 toegang
382.166 363.234 15.6095 8.28944 van
400.294 363.234 92.1351 8.28944 betaaldienstverleners
494.946 363.234 11.569 8.28944 tot
509.033 363.234 10.5724 8.28944 de

221.103 373.893 81.0463 8.28944 persoonsgegevens
304.666 373.893 15.6095 8.28944 van
322.792 373.893 100.18 8.28944 betaaldienstgebruikers.

230.162 384.551 7.55562 8.28944 2.
240.236 384.551 16.6061 8.28944 Met
259.359 384.551 44.7992 8.28944 betrekking
306.676 384.551 11.569 8.28944 tot
320.763 384.551 13.5892 8.28944 het
336.87 384.551 35.7307 8.28944 toezicht,
375.118 384.551 34.7341 8.28944 bedoeld
412.37 384.551 8.0539 8.28944 in
422.941 384.551 13.5892 8.28944 het
439.048 384.551 26.182 8.28944 eerste
467.748 384.551 13.091 8.28944 lid,
483.356 384.551 21.6431 8.28944 vindt
507.517 384.551 10.5724 8.28944 de

221.103 395.21 62.9182 8.28944 samenwerking
286.538 395.21 10.5724 8.28944 en
299.627 395.21 51.3402 8.28944 uitwisseling
353.484 395.21 15.6095 8.28944 van
371.61 395.21 44.2919 8.28944 informatie
418.419 395.21 16.6061 8.28944 met
437.542 395.21 11.578 8.28944 De
451.636 395.21 64.4402 8.28944 Nederlandsche
518.593 395.21 21.1449 8.28944 Bank

221.103 405.868 17.2946 8.28944 N.V.
240.915 405.868 10.5724 8.28944 en
254.005 405.868 29.7061 8.28944 andere
286.229 405.868 39.7803 8.28944 relevante
328.527 405.868 68.4445 8.28944 toezichthouders
399.489 405.868 25.6746 8.28944 plaats
427.681 405.868 68.9609 8.28944 overeenkomstig
499.16 405.868 26.182 8.28944 artikel
527.859 405.868 10.0742 8.28944 26

221.103 416.527 15.6095 8.28944 van
239.23 416.527 10.5724 8.28944 de
252.32 416.527 32.2156 8.28944 richtlijn
287.053 416.527 65.4458 8.28944 betaaldiensten,
355.017 416.527 34.7341 8.28944 bedoeld
392.269 416.527 8.0539 8.28944 in
402.84 416.527 26.182 8.28944 artikel
431.54 416.527 12.5927 8.28944 1:1
446.65 416.527 15.6095 8.28944 van
464.777 416.527 10.5724 8.28944 de
477.867 416.527 16.7791 8.28944 Wet
497.164 416.527 11.0707 8.28944 op
510.752 416.527 13.5893 8.28944 het

221.103 427.185 41.2841 8.28944 financieel
264.904 427.185 35.7307 8.28944 toezicht.

230.162 437.844 7.55562 8.28944 3.
240.236 437.844 11.578 8.28944 De
254.331 437.844 40.2604 8.28944 Autoriteit
297.109 437.844 81.0463 8.28944 persoonsgegevens
380.673 437.844 15.1022 8.28944 kan
398.293 437.844 8.0539 8.28944 in
408.865 437.844 23.1651 8.28944 geval
434.547 437.844 15.6095 8.28944 van
452.675 437.844 49.8363 8.28944 overtreding
505.029 437.844 15.6095 8.28944 van
523.156 437.844 10.5724 8.28944 de

221.103 448.502 41.2751 8.28944 krachtens
264.896 448.502 26.182 8.28944 artikel
293.595 448.502 20.1483 8.28944 3.17,
316.261 448.502 35.2415 8.28944 zevende
354.02 448.502 13.091 8.28944 lid,
369.629 448.502 15.6095 8.28944 van
387.756 448.502 10.5724 8.28944 de
400.846 448.502 16.7791 8.28944 Wet
420.143 448.502 11.0707 8.28944 op
433.731 448.502 13.5892 8.28944 het
449.838 448.502 41.2841 8.28944 financieel
493.64 448.502 33.2121 8.28944 toezicht

221.103 459.161 36.2471 8.28944 gestelde
259.867 459.161 61.4144 8.28944 verplichtingen
323.798 459.161 15.6095 8.28944 aan
341.924 459.161 10.5724 8.28944 de
355.013 459.161 44.8083 8.28944 overtreder
402.338 459.161 15.6095 8.28944 een
420.464 459.161 15.1022 8.28944 last
438.083 459.161 40.2695 8.28944 opleggen
480.87 459.161 14.0875 8.28944 om
497.474 459.161 21.1449 8.28944 waar

221.103 469.819 38.2583 8.28944 passend,
261.879 469.819 11.0707 8.28944 op
275.467 469.819 15.6095 8.28944 een
293.594 469.819 24.669 8.28944 nader
320.781 469.819 39.2729 8.28944 bepaalde
362.572 469.819 30.2044 8.28944 manier
395.294 469.819 10.5724 8.28944 en
408.384 469.819 29.697 8.28944 binnen
440.598 469.819 15.6095 8.28944 een
458.725 469.819 24.669 8.28944 nader
485.912 469.819 39.2729 8.28944 bepaalde

221.103 480.478 33.2212 8.28944 termijn,
256.842 480.478 58.3975 8.28944 verwerkingen
317.757 480.478 8.0539 8.28944 in
328.328 480.478 78.0204 8.28944 overeenstemming
408.867 480.478 8.0539 8.28944 te
419.438 480.478 35.7397 8.28944 brengen
457.695 480.478 16.6061 8.28944 met
476.819 480.478 13.5892 8.28944 het
492.926 480.478 19.1337 8.28944 daar

221.103 491.136 41.7915 8.28944 bepaalde.
265.411 491.136 27.6858 8.28944 Artikel
295.614 491.136 10.0742 8.28944 16
308.205 491.136 7.04829 8.28944 is
317.77 491.136 15.6095 8.28944 van
335.896 491.136 73.998 8.28944 overeenkomstige
412.411 491.136 49.329 8.28944 toepassing.

230.162 501.795 7.55562 8.28944 4.
240.236 501.795 11.578 8.28944 De
254.331 501.795 40.2604 8.28944 Autoriteit
297.109 501.795 81.0463 8.28944 persoonsgegevens
380.673 501.795 15.1022 8.28944 kan
398.293 501.795 8.0539 8.28944 in
408.865 501.795 23.1651 8.28944 geval
434.547 501.795 15.6095 8.28944 van
452.675 501.795 15.6095 8.28944 een
470.802 501.795 49.8363 8.28944 overtreding
523.156 501.795 15.6095 8.28944 van

221.103 512.453 10.5724 8.28944 de
234.193 512.453 41.2751 8.28944 krachtens
277.986 512.453 26.182 8.28944 artikel
306.685 512.453 20.1483 8.28944 3.17,
329.351 512.453 35.2415 8.28944 zevende
367.11 512.453 13.091 8.28944 lid,
382.719 512.453 15.6095 8.28944 van
400.846 512.453 10.5724 8.28944 de
413.936 512.453 16.7791 8.28944 Wet
433.233 512.453 11.0707 8.28944 op
446.821 512.453 13.5892 8.28944 het
462.928 512.453 41.2841 8.28944 financieel
506.73 512.453 33.2121 8.28944 toezicht

221.103 523.112 36.2471 8.28944 gestelde
259.867 523.112 61.4144 8.28944 verplichtingen
323.798 523.112 15.6095 8.28944 aan
341.924 523.112 10.5724 8.28944 de
355.013 523.112 44.8083 8.28944 overtreder
402.338 523.112 15.6095 8.28944 een
420.464 523.112 49.8363 8.28944 bestuurlijke
472.818 523.112 24.1617 8.28944 boete
499.496 523.112 40.2695 8.28944 opleggen

221.103 533.77 15.6095 8.28944 van
239.23 533.77 13.5893 8.28944 ten
255.337 533.77 34.7251 8.28944 hoogste
292.58 533.77 45.3337 8.28944 20.000.000
340.431 533.77 19.6319 8.28944 euro
362.581 533.77 11.0707 8.28944 of,
376.169 533.77 26.6802 8.28944 indien
405.367 533.77 11.0707 8.28944 dit
418.955 533.77 22.1505 8.28944 meer
443.623 533.77 9.56683 8.28944 is,
455.708 533.77 13.5892 8.28944 ten
471.815 533.77 34.7251 8.28944 hoogste
509.057 533.77 13.091 8.28944 4%

221.103 544.429 15.6095 8.28944 van
239.23 544.429 10.5724 8.28944 de
252.32 544.429 24.1617 8.28944 totale
278.999 544.429 52.3549 8.28944 wereldwijde
333.872 544.429 42.2807 8.28944 jaaromzet
378.67 544.429 8.0539 8.28944 in
389.242 544.429 13.5892 8.28944 het
405.349 544.429 51.3492 8.28944 voorgaande
459.216 544.429 38.6043 8.28944 boekjaar.
500.338 544.429 27.6858 8.28944 Artikel

221.103 555.087 12.5927 8.28944 83,
236.213 555.087 31.21 8.28944 tweede
269.941 555.087 10.5724 8.28944 en
283.031 555.087 24.669 8.28944 derde
310.218 555.087 13.091 8.28944 lid,
325.826 555.087 15.6095 8.28944 van
343.953 555.087 10.5724 8.28944 de
357.043 555.087 52.3549 8.28944 verordening
411.916 555.087 7.04829 8.28944 is
421.482 555.087 15.6095 8.28944 van
439.609 555.087 73.998 8.28944 overeenkomstige

221.103 565.746 49.329 8.28944 toepassing.

230.162 576.404 7.55562 8.28944 5.
240.236 576.404 11.578 8.28944 De
254.331 576.404 49.8363 8.28944 bestuurlijke
306.685 576.404 24.1617 8.28944 boete
333.365 576.404 10.5724 8.28944 en
346.455 576.404 10.5724 8.28944 de
359.545 576.404 8.0539 8.28944 te
370.116 576.404 31.7173 8.28944 betalen
404.351 576.404 37.2436 8.28944 geldsom
444.113 576.404 15.6095 8.28944 van
462.24 576.404 15.6095 8.28944 een
480.367 576.404 43.8027 8.28944 verbeurde

221.103 587.063 47.807 8.28944 dwangsom
271.428 587.063 29.1897 8.28944 komen
303.135 587.063 13.5892 8.28944 toe
319.242 587.063 15.6095 8.28944 aan
337.369 587.063 10.5724 8.28944 de
350.459 587.063 24.669 8.28944 Staat.

221.102 619.034 41.6121 8.26226 ARTIKEL
265.231 619.034 16.6061 8.26226 IVB

230.162 640.35 21.6431 8.28944 Onze
254.323 640.35 35.2324 8.28944 Minister
292.073 640.35 15.6095 8.28944 van
310.2 640.35 41.2841 8.28944 Financiën
354.002 640.35 23.147 8.28944 zendt
379.666 640.35 8.0539 8.28944 in
390.238 640.35 78.0204 8.28944 overeenstemming
470.776 640.35 16.6061 8.28944 met
489.9 640.35 21.6431 8.28944 Onze

221.102 651.008 35.2324 8.28944 Minister
258.852 651.008 15.6095 8.28944 van
276.98 651.008 31.21 8.28944 Justitie
310.707 651.008 10.5724 8.28944 en
323.797 651.008 42.1656 8.28944 Veiligheid
368.481 651.008 29.697 8.28944 binnen
400.695 651.008 13.091 8.28944 vijf
416.304 651.008 16.1169 8.28944 jaar
434.938 651.008 10.5724 8.28944 na
448.028 651.008 10.5724 8.28944 de
461.118 651.008 72.9833 8.28944 inwerkingtreding

221.102 661.667 15.6095 8.28944 van
239.229 661.667 19.6319 8.28944 deze
261.377 661.667 15.6005 8.28944 wet
279.494 661.667 15.6095 8.28944 aan
297.621 661.667 10.5724 8.28944 de
310.71 661.667 69.4773 8.28944 Staten-Generaal
382.704 661.667 15.6095 8.28944 een
400.83 661.667 31.219 8.28944 verslag
434.566 661.667 19.1337 8.28944 over
456.216 661.667 10.5724 8.28944 de
469.306 661.667 36.238 8.28944 doeltref-

221.102 672.325 37.7509 8.28944 fendheid
261.371 672.325 10.5724 8.28944 en
274.461 672.325 10.5724 8.28944 de
287.551 672.325 34.2268 8.28944 effecten
324.296 672.325 15.6095 8.28944 van
342.423 672.325 19.6319 8.28944 deze
364.572 672.325 15.6005 8.28944 wet
382.69 672.325 8.0539 8.28944 in
393.262 672.325 10.5724 8.28944 de
406.352 672.325 33.7285 8.28944 praktijk.

221.102 766.046 26.182 8.38004 Eerste
250.3 766.046 28.7032 8.38004 Kamer,
282.019 766.046 50.851 8.38004 vergaderjaar
335.886 766.046 47.8523 8.38004 2017–2018,
386.754 766.046 10.0742 8.38004 34
399.844 766.046 17.6298 8.38004 813,
420.49 766.046 6.04269 8.38004 A

529.919 766.046 10.0742 8.38004 25

221.102 64.804 41.6121 8.26226 ARTIKEL
265.231 64.804 7.04829 8.26226 V

230.162 86.1201 7.55562 8.28944 1.
240.235 86.1201 11.578 8.28944 De
254.329 86.1201 36.7544 8.28944 artikelen
293.601 86.1201 15.1112 8.28944 1:1,
311.228 86.1201 20.1483 8.28944 1:5a,
333.894 86.1201 25.1854 8.28944 1:25a,
361.596 86.1201 20.1483 8.28944 1:55,
384.261 86.1201 20.1483 8.28944 1:56,
406.926 86.1201 20.1483 8.28944 1:58,
429.591 86.1201 20.1483 8.28944 1:59,
452.256 86.1201 20.1483 8.28944 1:93,
474.921 86.1201 26.182 8.28944 eerste
503.62 86.1201 13.091 8.28944 lid,

221.103 96.7786 48.8307 8.28944 onderdelen
272.45 96.7786 2.51854 8.28944 i
277.485 96.7786 10.5724 8.28944 en
290.575 96.7786 5.03708 8.28944 j,
298.128 96.7786 25.1854 8.28944 1:104,
325.831 96.7786 25.1854 8.28944 1:107,
353.533 96.7786 20.6466 8.28944 2:3b,
376.696 96.7786 19.641 8.28944 2:3c,
398.854 96.7786 20.1483 8.28944 2:3e,
421.519 96.7786 25.6837 8.28944 2:10b,
449.719 96.7786 24.6781 8.28944 2:10c,
476.914 96.7786 30.2225 8.28944 2:106a,
509.653 96.7786 30.2225 8.28944 2:107a,

221.103 107.437 24.6781 8.28944 3:29c,
248.298 107.437 17.6298 8.28944 5:88
268.446 107.437 10.5724 8.28944 en
281.536 107.437 22.6669 8.28944 5:88a
306.72 107.437 15.6095 8.28944 van
324.848 107.437 10.5724 8.28944 de
337.938 107.437 16.7791 8.28944 Wet
357.234 107.437 11.0707 8.28944 op
370.823 107.437 13.5892 8.28944 het
386.93 107.437 41.2841 8.28944 financieel
430.731 107.437 35.7307 8.28944 toezicht,
468.98 107.437 21.6431 8.28944 zoals
493.141 107.437 19.6319 8.28944 deze

221.103 118.096 32.2156 8.28944 luidden
255.836 118.096 11.0707 8.28944 op
269.424 118.096 13.5892 8.28944 het
285.531 118.096 36.2289 8.28944 moment
324.278 118.096 19.6319 8.28944 voor
346.427 118.096 10.5724 8.28944 de
359.517 118.096 72.9833 8.28944 inwerkingtreding
435.018 118.096 15.6095 8.28944 van
453.146 118.096 26.182 8.28944 artikel
481.845 118.096 5.03708 8.28944 I,
489.4 118.096 48.8307 8.28944 onderdelen

221.103 128.754 6.54096 8.28944 A
230.161 128.754 11.569 8.28944 tot
244.248 128.754 10.5724 8.28944 en
257.338 128.754 16.6061 8.28944 met
276.462 128.754 9.56683 8.28944 Q,
288.546 128.754 5.53535 8.28944 T
296.599 128.754 10.5724 8.28944 en
309.689 128.754 5.53535 8.28944 Z
317.742 128.754 11.569 8.28944 tot
331.829 128.754 10.5724 8.28944 en
344.919 128.754 16.6061 8.28944 met
364.043 128.754 14.6039 8.28944 CC,
381.164 128.754 15.6095 8.28944 van
399.291 128.754 19.6319 8.28944 deze
421.441 128.754 18.119 8.28944 wet,
442.078 128.754 28.7005 8.28944 blijven
473.296 128.754 11.569 8.28944 tot
487.382 128.754 10.0742 8.28944 13
499.974 128.754 13.091 8.28944 juli
515.583 128.754 20.1483 8.28944 2018

221.103 139.413 15.6095 8.28944 van
239.229 139.413 46.8104 8.28944 toepassing
288.556 139.413 11.0707 8.28944 op
302.144 139.413 76.0183 8.28944 betaalinstellingen
380.679 139.413 8.55217 8.28944 of
391.748 139.413 120.31 8.28944 elektronischgeldinstellingen
514.574 139.413 13.091 8.28944 die

221.103 150.071 11.0707 8.28944 op
234.691 150.071 10.0742 8.28944 12
247.283 150.071 29.7061 8.28944 januari
279.507 150.071 20.1483 8.28944 2018
302.173 150.071 8.0539 8.28944 in
312.744 150.071 13.5892 8.28944 het
328.851 150.071 20.1302 8.28944 bezit
351.499 150.071 26.6802 8.28944 waren
380.697 150.071 15.6095 8.28944 van
398.824 150.071 15.6095 8.28944 een
416.951 150.071 49.329 8.28944 vergunning
468.798 150.071 12.0854 8.28944 als
483.401 150.071 34.7341 8.28944 bedoeld
520.652 150.071 8.0539 8.28944 in

221.103 160.73 10.5724 8.28944 de
234.193 160.73 36.7544 8.28944 artikelen
273.465 160.73 18.1281 8.28944 2:3b
294.111 160.73 60.9251 8.28944 respectievelijk
357.553 160.73 23.1651 8.28944 2:10b
383.236 160.73 15.6095 8.28944 van
401.363 160.73 10.5724 8.28944 de
414.453 160.73 16.7791 8.28944 Wet
433.75 160.73 11.0707 8.28944 op
447.338 160.73 13.5892 8.28944 het
463.445 160.73 41.2841 8.28944 financieel

221.103 171.388 35.7307 8.28944 toezicht.

230.162 182.047 7.55562 8.28944 2.
240.236 182.047 17.1134 8.28944 Aan
259.867 182.047 15.6095 8.28944 een
277.994 182.047 65.4458 8.28944 betaalinstelling
345.957 182.047 8.55217 8.28944 of
357.027 182.047 15.6095 8.28944 een
375.154 182.047 109.738 8.28944 elektronischgeldinstelling
487.409 182.047 12.0854 8.28944 als
502.012 182.047 34.7341 8.28944 bedoeld

221.103 192.705 8.0539 8.28944 in
231.673 192.705 13.5893 8.28944 het
247.779 192.705 26.182 8.28944 eerste
276.478 192.705 10.5724 8.28944 lid
289.567 192.705 25.1582 8.28944 wordt
317.242 192.705 49.8363 8.28944 ambtshalve
369.595 192.705 15.6095 8.28944 een
387.721 192.705 49.329 8.28944 vergunning
439.567 192.705 37.2617 8.28944 verleend
479.346 192.705 11.0707 8.28944 op
492.933 192.705 25.6656 8.28944 grond
521.115 192.705 15.6095 8.28944 van

221.103 203.364 10.5724 8.28944 de
234.193 203.364 36.7544 8.28944 artikelen
273.465 203.364 18.1281 8.28944 2:3b
294.111 203.364 60.9251 8.28944 respectievelijk
357.553 203.364 23.1651 8.28944 2:10b
383.236 203.364 15.6095 8.28944 van
401.363 203.364 10.5724 8.28944 de
414.453 203.364 16.7791 8.28944 Wet
433.75 203.364 11.0707 8.28944 op
447.338 203.364 13.5892 8.28944 het
463.445 203.364 41.2841 8.28944 financieel

221.103 214.022 33.2121 8.28944 toezicht
256.833 214.022 10.5724 8.28944 en
269.923 214.022 19.6319 8.28944 deze
292.072 214.022 49.8363 8.28944 instellingen
344.426 214.022 28.7005 8.28944 blijven
375.644 214.022 57.3919 8.28944 ingeschreven
435.554 214.022 8.0539 8.28944 in
446.125 214.022 13.5892 8.28944 het
462.232 214.022 40.7768 8.28944 openbaar
505.527 214.022 32.7229 8.28944 register

221.103 224.681 12.0854 8.28944 als
235.706 224.681 34.7341 8.28944 bedoeld
272.958 224.681 8.0539 8.28944 in
283.529 224.681 26.182 8.28944 artikel
312.229 224.681 22.6669 8.28944 1:107
337.413 224.681 15.6095 8.28944 van
355.54 224.681 13.091 8.28944 die
371.149 224.681 18.119 8.28944 wet,
391.786 224.681 26.6802 8.28944 indien
420.983 224.681 11.578 8.28944 De
435.079 224.681 64.4402 8.28944 Nederlandsche
502.037 224.681 21.1449 8.28944 Bank

221.103 235.339 17.2946 8.28944 N.V.
240.915 235.339 23.6634 8.28944 reeds
267.096 235.339 19.1337 8.28944 over
288.747 235.339 13.5892 8.28944 het
304.854 235.339 27.6858 8.28944 bewijs
335.058 235.339 35.2324 8.28944 beschikt
372.808 235.339 13.5892 8.28944 dat
388.915 235.339 15.6095 8.28944 aan
407.042 235.339 10.5724 8.28944 de
420.132 235.339 8.0539 8.28944 in
430.703 235.339 13.091 8.28944 die
446.312 235.339 36.7544 8.28944 artikelen
485.584 235.339 45.8048 8.28944 genoemde

221.103 245.998 22.6578 8.28944 eisen
246.278 245.998 25.1582 8.28944 wordt
273.954 245.998 36.7544 8.28944 voldaan.
313.226 245.998 26.6802 8.28944 Indien
342.424 245.998 11.578 8.28944 De
356.52 245.998 64.4402 8.28944 Nederlandsche
423.478 245.998 21.1449 8.28944 Bank
447.14 245.998 17.2955 8.28944 N.V.
466.953 245.998 11.0707 8.28944 op
480.541 245.998 10.0742 8.28944 13
493.133 245.998 13.091 8.28944 juli
508.742 245.998 20.1483 8.28944 2018

221.103 256.656 16.1078 8.28944 niet
239.727 256.656 19.1337 8.28944 over
261.378 256.656 11.0707 8.28944 dit
274.965 256.656 27.6858 8.28944 bewijs
305.168 256.656 37.7509 8.28944 beschikt,
345.435 256.656 15.1022 8.28944 kan
363.054 256.656 11.578 8.28944 De
377.149 256.656 64.4402 8.28944 Nederlandsche
444.106 256.656 21.1449 8.28944 Bank
467.768 256.656 17.2955 8.28944 N.V.
487.58 256.656 33.2212 8.28944 maatre-

221.103 267.315 23.6634 8.28944 gelen
247.284 267.315 29.697 8.28944 nemen
279.498 267.315 14.0875 8.28944 om
296.104 267.315 10.5724 8.28944 de
309.194 267.315 36.7544 8.28944 naleving
348.466 267.315 15.6095 8.28944 van
366.593 267.315 19.6319 8.28944 deze
388.742 267.315 22.6578 8.28944 eisen
413.918 267.315 8.0539 8.28944 te
424.489 267.315 54.3661 8.28944 waarborgen,
481.373 267.315 16.1078 8.28944 dan
499.999 267.315 15.1022 8.28944 wel
517.618 267.315 10.5724 8.28944 de

221.103 277.973 11.0707 8.28944 op
234.691 277.973 25.6656 8.28944 grond
262.874 277.973 15.6095 8.28944 van
281.001 277.973 10.5724 8.28944 de
294.092 277.973 36.7544 8.28944 artikelen
333.364 277.973 18.1281 8.28944 2:3b
354.009 277.973 60.9251 8.28944 respectievelijk
417.452 277.973 23.1651 8.28944 2:10b
443.135 277.973 15.6095 8.28944 van
461.262 277.973 10.5724 8.28944 de
474.352 277.973 16.7791 8.28944 Wet
493.649 277.973 11.0707 8.28944 op
507.237 277.973 13.5893 8.28944 het

221.103 288.632 41.2841 8.28944 financieel
264.905 288.632 33.2121 8.28944 toezicht
300.634 288.632 42.2988 8.28944 verleende
345.451 288.632 49.329 8.28944 vergunning
397.297 288.632 41.7824 8.28944 intrekken.

230.162 299.29 7.55562 8.28944 3.
240.236 299.29 11.578 8.28944 De
254.331 299.29 8.0539 8.28944 in
264.903 299.29 13.5892 8.28944 het
281.01 299.29 26.182 8.28944 eerste
309.709 299.29 10.5724 8.28944 lid
322.799 299.29 45.8048 8.28944 genoemde
371.122 299.29 39.2729 8.28944 artikelen,
412.912 299.29 21.6431 8.28944 zoals
437.073 299.29 19.6319 8.28944 deze
459.223 299.29 32.2156 8.28944 luidden
493.956 299.29 11.0707 8.28944 op
507.544 299.29 13.5893 8.28944 het

221.103 309.949 36.2289 8.28944 moment
259.849 309.949 19.6319 8.28944 voor
281.999 309.949 10.5724 8.28944 de
295.089 309.949 72.9833 8.28944 inwerkingtreding
370.59 309.949 15.6095 8.28944 van
388.717 309.949 26.182 8.28944 artikel
417.417 309.949 5.03708 8.28944 I,
424.971 309.949 48.8307 8.28944 onderdelen
476.32 309.949 6.54096 8.28944 A
485.378 309.949 11.569 8.28944 tot
499.465 309.949 10.5724 8.28944 en
512.555 309.949 16.6061 8.28944 met

221.103 320.607 9.56683 8.28944 Q,
233.187 320.607 5.53535 8.28944 T
241.24 320.607 10.5724 8.28944 en
254.33 320.607 5.53535 8.28944 Z
262.383 320.607 11.569 8.28944 tot
276.47 320.607 10.5724 8.28944 en
289.56 320.607 16.6061 8.28944 met
308.684 320.607 14.6039 8.28944 CC,
325.805 320.607 15.6095 8.28944 van
343.932 320.607 19.6319 8.28944 deze
366.082 320.607 18.119 8.28944 wet,
386.719 320.607 28.7005 8.28944 blijven
417.937 320.607 11.569 8.28944 tot
432.023 320.607 10.0742 8.28944 13
444.615 320.607 29.7061 8.28944 januari
476.839 320.607 20.1483 8.28944 2019
499.505 320.607 15.6095 8.28944 van

221.103 331.266 46.8104 8.28944 toepassing
270.431 331.266 11.0707 8.28944 op
284.019 331.266 45.3066 8.28944 natuurlijke
331.843 331.266 40.2695 8.28944 personen
374.63 331.266 8.55217 8.28944 of
385.7 331.266 66.4424 8.28944 rechtspersonen
454.66 331.266 13.091 8.28944 die
470.269 331.266 11.0707 8.28944 op
483.857 331.266 13.5892 8.28944 het
499.964 331.266 36.2289 8.28944 moment

221.103 341.924 19.6319 8.28944 voor
243.252 341.924 10.5724 8.28944 de
256.342 341.924 72.9833 8.28944 inwerkingtreding
331.843 341.924 15.6095 8.28944 van
349.971 341.924 26.182 8.28944 artikel
378.67 341.924 5.03708 8.28944 I,
386.225 341.924 48.8307 8.28944 onderdelen
437.573 341.924 6.54096 8.28944 A
446.632 341.924 11.569 8.28944 tot
460.718 341.924 10.5724 8.28944 en
473.808 341.924 16.6061 8.28944 met
492.932 341.924 9.56683 8.28944 Q,
505.017 341.924 5.53535 8.28944 T
513.07 341.924 10.5724 8.28944 en
526.16 341.924 5.53535 8.28944 Z

221.103 352.583 11.569 8.28944 tot
235.189 352.583 10.5724 8.28944 en
248.279 352.583 16.6061 8.28944 met
267.403 352.583 14.6039 8.28944 CC,
284.525 352.583 15.6095 8.28944 van
302.652 352.583 19.6319 8.28944 deze
324.801 352.583 15.6005 8.28944 wet
342.92 352.583 14.5949 8.28944 zijn
360.032 352.583 44.8083 8.28944 vrijgesteld
407.358 352.583 11.0707 8.28944 op
420.946 352.583 25.6656 8.28944 grond
449.129 352.583 15.6095 8.28944 van
467.257 352.583 26.182 8.28944 artikel
495.956 352.583 18.1281 8.28944 2:3d
516.602 352.583 15.6095 8.28944 van

221.103 363.241 10.5724 8.28944 de
234.193 363.241 16.7791 8.28944 Wet
253.49 363.241 11.0707 8.28944 op
267.078 363.241 13.5892 8.28944 het
283.185 363.241 41.2841 8.28944 financieel
326.987 363.241 35.7307 8.28944 toezicht,
365.235 363.241 21.6431 8.28944 zoals
389.396 363.241 13.5892 8.28944 dat
405.503 363.241 26.182 8.28944 artikel
434.202 363.241 11.0707 8.28944 op
447.79 363.241 13.5892 8.28944 dat
463.897 363.241 36.2289 8.28944 moment
502.644 363.241 29.1988 8.28944 luidde.

230.162 373.9 7.55562 8.28944 4.
240.236 373.9 46.8195 8.28944 Natuurlijke
289.573 373.9 40.2695 8.28944 personen
332.36 373.9 8.55217 8.28944 of
343.43 373.9 66.4424 8.28944 rechtspersonen
412.39 373.9 12.0854 8.28944 als
426.993 373.9 34.7341 8.28944 bedoeld
464.244 373.9 8.0539 8.28944 in
474.816 373.9 13.5892 8.28944 het
490.923 373.9 24.669 8.28944 derde
518.109 373.9 10.5724 8.28944 lid

221.103 384.558 32.7139 8.28944 worden
256.334 384.558 28.6914 8.28944 geacht
287.543 384.558 8.0539 8.28944 te
298.115 384.558 14.5949 8.28944 zijn
315.227 384.558 44.8083 8.28944 vrijgesteld
362.553 384.558 11.0707 8.28944 op
376.142 384.558 25.6656 8.28944 grond
404.325 384.558 15.6095 8.28944 van
422.452 384.558 10.5724 8.28944 de
435.542 384.558 36.7544 8.28944 artikelen
474.814 384.558 18.1281 8.28944 2:3d
495.46 384.558 41.7824 8.28944 respectie-

221.103 395.217 22.1595 8.28944 velijk
245.78 395.217 23.1651 8.28944 2:10d
271.463 395.217 15.6095 8.28944 van
289.59 395.217 10.5724 8.28944 de
302.68 395.217 16.7791 8.28944 Wet
321.977 395.217 11.0707 8.28944 op
335.565 395.217 13.5892 8.28944 het
351.672 395.217 41.2841 8.28944 financieel
395.474 395.217 33.2121 8.28944 toezicht
431.203 395.217 10.5724 8.28944 en
444.294 395.217 32.7139 8.28944 worden
479.525 395.217 49.8363 8.28944 ambtshalve

221.103 405.875 57.3919 8.28944 ingeschreven
281.012 405.875 8.0539 8.28944 in
291.584 405.875 13.5892 8.28944 het
307.691 405.875 40.7768 8.28944 openbaar
350.985 405.875 34.5729 8.28944 register,
388.076 405.875 34.7341 8.28944 bedoeld
425.327 405.875 8.0539 8.28944 in
435.899 405.875 26.182 8.28944 artikel
464.599 405.875 22.6669 8.28944 1:107
489.783 405.875 15.6095 8.28944 van
507.91 405.875 13.091 8.28944 die

221.103 416.534 18.119 8.28944 wet,
241.738 416.534 26.6802 8.28944 indien
270.935 416.534 10.5724 8.28944 de
284.025 416.534 64.4402 8.28944 Nederlandsche
350.982 416.534 21.1449 8.28944 Bank
374.643 416.534 23.6634 8.28944 reeds
400.823 416.534 19.1337 8.28944 over
422.474 416.534 13.5892 8.28944 het
438.58 416.534 27.6858 8.28944 bewijs
468.782 416.534 35.2324 8.28944 beschikt
506.531 416.534 13.5893 8.28944 dat
522.637 416.534 15.6095 8.28944 aan

221.103 427.192 10.5724 8.28944 de
234.193 427.192 10.5724 8.28944 bij
247.283 427.192 8.55217 8.28944 of
258.353 427.192 41.2751 8.28944 krachtens
302.145 427.192 13.091 8.28944 die
317.754 427.192 36.7544 8.28944 artikelen
357.026 427.192 36.2471 8.28944 gestelde
395.791 427.192 22.6578 8.28944 eisen
420.966 427.192 25.1582 8.28944 wordt
448.642 427.192 36.7544 8.28944 voldaan.

230.162 437.851 7.55562 8.28944 5.
240.235 437.851 62.42 8.28944 Onverminderd
305.171 437.851 13.5892 8.28944 het
321.277 437.851 26.182 8.28944 eerste
349.976 437.851 13.091 8.28944 lid,
365.584 437.851 28.7005 8.28944 blijven
396.801 437.851 76.0183 8.28944 betaalinstellingen
475.336 437.851 36.7544 8.28944 waaraan
514.607 437.851 15.6095 8.28944 een

221.103 448.509 49.329 8.28944 vergunning
272.949 448.509 7.04829 8.28944 is
282.515 448.509 37.2617 8.28944 verleend
322.295 448.509 12.0854 8.28944 als
336.898 448.509 34.7341 8.28944 bedoeld
374.149 448.509 8.0539 8.28944 in
384.721 448.509 26.182 8.28944 artikel
413.421 448.509 18.1281 8.28944 2:3b
434.066 448.509 15.6095 8.28944 van
452.193 448.509 10.5724 8.28944 de
465.283 448.509 16.7791 8.28944 Wet
484.58 448.509 11.0707 8.28944 op
498.169 448.509 13.5892 8.28944 het

221.103 459.168 41.2841 8.28944 financieel
264.905 459.168 33.2121 8.28944 toezicht
300.634 459.168 19.6319 8.28944 voor
322.784 459.168 13.5892 8.28944 het
338.891 459.168 37.2617 8.28944 verlenen
378.67 459.168 15.6095 8.28944 van
396.797 459.168 36.7453 8.28944 diensten
436.06 459.168 12.0854 8.28944 als
450.663 459.168 34.7341 8.28944 bedoeld
487.915 459.168 25.1673 8.28944 onder
515.6 459.168 19.6229 8.28944 punt

221.103 469.826 5.03708 8.28944 7
228.657 469.826 15.6095 8.28944 van
246.785 469.826 10.5724 8.28944 de
259.875 469.826 28.7005 8.28944 bijlage
291.093 469.826 10.5724 8.28944 bij
304.183 469.826 32.2156 8.28944 richtlijn
338.916 469.826 10.9094 8.28944 nr.
352.343 469.826 47.8432 8.28944 2007/64/EG
402.704 469.826 15.6095 8.28944 van
420.831 469.826 13.5892 8.28944 het
436.938 469.826 40.2695 8.28944 Europees
479.725 469.826 43.7936 8.28944 Parlement
526.036 469.826 10.5724 8.28944 en

221.103 480.485 10.5724 8.28944 de
234.193 480.485 21.6522 8.28944 Raad
258.363 480.485 15.6095 8.28944 van
276.49 480.485 10.5724 8.28944 de
289.58 480.485 40.2695 8.28944 Europese
332.367 480.485 20.1393 8.28944 Unie
355.024 480.485 15.6095 8.28944 van
373.151 480.485 10.0742 8.28944 13
385.743 480.485 43.7936 8.28944 november
432.054 480.485 20.1483 8.28944 2007
454.72 480.485 49.329 8.28944 betreffende

221.103 491.143 76.0092 8.28944 betalingsdiensten
299.629 491.143 8.0539 8.28944 in
310.199 491.143 10.5724 8.28944 de
323.288 491.143 30.2044 8.28944 interne
356.01 491.143 24.66 8.28944 markt
383.186 491.143 26.6712 8.28944 (PbEU
412.374 491.143 5.03708 8.28944 L
419.928 491.143 18.1281 8.28944 319)
440.573 491.143 13.091 8.28944 die
456.18 491.143 50.8419 8.28944 aangemerkt

221.103 501.802 31.7083 8.28944 kunnen
255.328 501.802 32.7139 8.28944 worden
290.558 501.802 12.0854 8.28944 als
305.16 501.802 36.7453 8.28944 diensten
344.422 501.802 12.0854 8.28944 als
359.025 501.802 34.7341 8.28944 bedoeld
396.275 501.802 25.1673 8.28944 onder
423.959 501.802 19.6229 8.28944 punt
446.099 501.802 5.03708 8.28944 3
453.653 501.802 15.6095 8.28944 van
471.779 501.802 28.7005 8.28944 bijlage
502.996 501.802 2.51854 8.28944 I
508.032 501.802 15.6095 8.28944 van
526.158 501.802 13.091 8.28944 die

221.103 512.46 34.7341 8.28944 richtlijn,
258.355 512.46 8.0539 8.28944 in
268.926 512.46 13.5892 8.28944 het
285.033 512.46 20.1302 8.28944 bezit
307.681 512.46 15.6095 8.28944 van
325.808 512.46 19.6319 8.28944 deze
347.958 512.46 49.329 8.28944 vergunning
399.804 512.46 26.6802 8.28944 indien
429.002 512.46 9.0595 8.28944 zij
440.579 512.46 40.2695 8.28944 aantonen
483.366 512.46 11.0707 8.28944 op
496.955 512.46 10.0742 8.28944 13
509.546 512.46 29.7061 8.28944 januari

221.103 523.119 20.1483 8.28944 2020
243.769 523.119 8.0539 8.28944 te
254.34 523.119 34.7341 8.28944 voldoen
291.592 523.119 15.6095 8.28944 aan
309.719 523.119 10.5724 8.28944 de
322.809 523.119 56.8846 8.28944 voorwaarden
382.211 523.119 31.21 8.28944 gesteld
415.939 523.119 10.5724 8.28944 bij
429.029 523.119 8.55217 8.28944 of
440.099 523.119 41.2751 8.28944 krachtens
483.892 523.119 10.5724 8.28944 de
496.982 523.119 36.7544 8.28944 artikelen

221.103 533.777 17.6298 8.28944 3:53
241.249 533.777 10.5724 8.28944 en
254.338 533.777 17.6298 8.28944 3:57
274.485 533.777 15.6095 8.28944 van
292.611 533.777 10.5724 8.28944 de
305.7 533.777 16.7791 8.28944 Wet
324.996 533.777 11.0707 8.28944 op
338.584 533.777 13.5892 8.28944 het
354.69 533.777 41.2841 8.28944 financieel
398.49 533.777 35.7307 8.28944 toezicht.

230.162 544.436 7.55562 8.28944 6.
240.236 544.436 27.6858 8.28944 Artikel
270.439 544.436 20.1483 8.28944 3:95,
293.105 544.436 26.182 8.28944 eerste
321.805 544.436 13.091 8.28944 lid,
337.413 544.436 15.6095 8.28944 van
355.54 544.436 10.5724 8.28944 de
368.63 544.436 16.7791 8.28944 Wet
387.927 544.436 11.0707 8.28944 op
401.515 544.436 13.5892 8.28944 het
417.622 544.436 41.2841 8.28944 financieel
461.424 544.436 35.7307 8.28944 toezicht,
499.672 544.436 21.6431 8.28944 zoals
523.833 544.436 13.5893 8.28944 dat

221.103 555.094 26.6802 8.28944 luidde
250.301 555.094 11.0707 8.28944 op
263.889 555.094 13.5892 8.28944 het
279.996 555.094 36.2289 8.28944 moment
318.742 555.094 19.6319 8.28944 voor
340.892 555.094 10.5724 8.28944 de
353.982 555.094 72.9833 8.28944 inwerkingtreding
429.483 555.094 15.6095 8.28944 van
447.61 555.094 26.182 8.28944 artikel
476.31 555.094 5.03708 8.28944 I,
483.865 555.094 43.2954 8.28944 onderdeel
529.677 555.094 7.72775 8.28944 V,

221.103 565.753 15.6095 8.28944 van
239.23 565.753 19.6319 8.28944 deze
261.379 565.753 18.119 8.28944 wet,
282.016 565.753 19.1246 8.28944 blijft
303.658 565.753 11.569 8.28944 tot
317.745 565.753 10.0742 8.28944 13
330.337 565.753 29.7061 8.28944 januari
362.561 565.753 20.1483 8.28944 2019
385.226 565.753 15.6095 8.28944 van
403.354 565.753 46.8104 8.28944 toepassing
452.682 565.753 11.0707 8.28944 op
466.27 565.753 35.2324 8.28944 houders
504.02 565.753 15.6095 8.28944 van

221.103 576.411 66.9588 8.28944 gekwalificeerde
290.579 576.411 61.4144 8.28944 deelnemingen
354.511 576.411 12.0854 8.28944 als
369.114 576.411 34.7341 8.28944 bedoeld
406.366 576.411 8.0539 8.28944 in
416.937 576.411 26.182 8.28944 artikel
445.637 576.411 20.1483 8.28944 3:95,
468.303 576.411 26.182 8.28944 eerste
497.003 576.411 13.091 8.28944 lid,

221.103 587.07 31.7173 8.28944 aanhef,
255.337 587.07 15.6095 8.28944 van
273.463 587.07 10.5724 8.28944 de
286.552 587.07 16.7791 8.28944 Wet
305.848 587.07 11.0707 8.28944 op
319.435 587.07 13.5892 8.28944 het
335.541 587.07 41.2841 8.28944 financieel
379.342 587.07 35.7307 8.28944 toezicht,
417.59 587.07 8.0539 8.28944 in
428.16 587.07 15.6095 8.28944 een
446.287 587.07 67.9644 8.28944 betaalinstelling,
516.768 587.07 19.6319 8.28944 voor

221.103 597.728 23.1561 8.28944 zover
246.776 597.728 19.6319 8.28944 deze
268.924 597.728 19.6319 8.28944 voor
291.073 597.728 8.55217 8.28944 of
302.142 597.728 11.0707 8.28944 op
315.729 597.728 10.0742 8.28944 12
328.32 597.728 29.7061 8.28944 januari
360.543 597.728 20.1483 8.28944 2018
383.208 597.728 11.569 8.28944 tot
397.294 597.728 23.6544 8.28944 stand
423.465 597.728 14.5949 8.28944 zijn
440.576 597.728 42.2807 8.28944 gekomen.

221.102 629.692 41.6121 8.26226 ARTIKEL
265.231 629.692 10.0651 8.26226 VI

230.162 651.008 20.6375 8.28944 Deze
253.318 651.008 15.6005 8.28944 wet
271.436 651.008 25.1582 8.28944 wordt
299.112 651.008 49.8454 8.28944 aangehaald
351.475 651.008 14.6039 8.28944 als:
368.596 651.008 77.5131 8.28944 Implementatiewet
448.627 651.008 36.2471 8.28944 herziene
487.392 651.008 32.2156 8.28944 richtlijn

221.103 661.667 65.4458 8.28944 betaaldiensten.

221.102 766.046 26.182 8.38004 Eerste
250.3 766.046 28.7032 8.38004 Kamer,
282.019 766.046 50.851 8.38004 vergaderjaar
335.886 766.046 47.8523 8.38004 2017–2018,
386.754 766.046 10.0742 8.38004 34
399.844 766.046 17.6298 8.38004 813,
420.49 766.046 6.04269 8.38004 A

529.919 766.046 10.0742 8.38004 26

221.102 64.804 41.6121 8.26226 ARTIKEL
265.231 64.804 13.0819 8.26226 VII

230.162 86.1201 20.6375 8.28944 Deze
253.317 86.1201 15.6005 8.28944 wet
271.435 86.1201 25.1673 8.28944 treedt
299.12 86.1201 8.0539 8.28944 in
309.691 86.1201 34.2268 8.28944 werking
346.436 86.1201 11.0707 8.28944 op
360.024 86.1201 15.6095 8.28944 een
378.151 86.1201 10.5724 8.28944 bij
391.241 86.1201 40.2695 8.28944 koninklijk
434.029 86.1201 28.6914 8.28944 besluit
465.238 86.1201 8.0539 8.28944 te
475.809 86.1201 34.2359 8.28944 bepalen

221.102 96.7786 31.7083 8.28944 tijdstip,
255.328 96.7786 13.5892 8.28944 dat
271.435 96.7786 19.6319 8.28944 voor
293.585 96.7786 10.5724 8.28944 de
306.675 96.7786 56.8937 8.28944 verschillende
366.086 96.7786 36.7544 8.28944 artikelen
405.358 96.7786 8.55217 8.28944 of
416.428 96.7786 48.8307 8.28944 onderdelen
467.776 96.7786 34.7432 8.28944 daarvan

221.102 107.437 51.8566 8.28944 verschillend
275.476 107.437 15.1022 8.28944 kan
293.096 107.437 32.7139 8.28944 worden
328.328 107.437 51.3492 8.28944 vastgesteld.

230.162 139.412 28.1932 8.28944 Lasten
260.873 139.412 10.5724 8.28944 en
273.963 139.412 33.7376 8.28944 bevelen
310.219 139.412 13.5892 8.28944 dat
326.325 139.412 19.6319 8.28944 deze
348.475 139.412 8.0539 8.28944 in
359.047 139.412 13.5892 8.28944 het
375.153 139.412 45.3066 8.28944 Staatsblad
422.978 139.412 11.578 8.28944 zal
437.073 139.412 32.7139 8.28944 worden
472.305 139.412 39.2639 8.28944 geplaatst
514.086 139.412 10.5724 8.28944 en

221.103 150.07 13.5893 8.28944 dat
237.21 150.07 15.1112 8.28944 alle
254.839 150.07 49.8363 8.28944 ministeries,
307.193 150.07 51.8475 8.28944 autoriteiten,
361.558 150.07 35.2415 8.28944 colleges
399.317 150.07 10.5724 8.28944 en
412.407 150.07 51.8475 8.28944 ambtenaren
466.772 150.07 13.091 8.28944 die
482.381 150.07 21.1358 8.28944 zulks

221.103 160.729 36.7544 8.28944 aangaat,
260.375 160.729 15.6095 8.28944 aan
278.502 160.729 10.5724 8.28944 de
291.592 160.729 55.3717 8.28944 nauwkeurige
349.482 160.729 43.7936 8.28944 uitvoering
395.793 160.729 10.5724 8.28944 de
408.883 160.729 21.6431 8.28944 hand
433.044 160.729 25.1673 8.28944 zullen
460.729 160.729 35.2324 8.28944 houden.

221.103 182.045 38.2673 8.28944 Gegeven

221.103 315.868 11.578 8.28944 De
235.198 315.868 35.2324 8.28944 Minister
272.947 315.868 15.6095 8.28944 van
291.073 315.868 43.8027 8.28944 Financiën,

221.103 449.691 11.578 8.28944 De
235.198 449.691 35.2324 8.28944 Minister
272.947 449.691 15.6095 8.28944 van
291.073 449.691 31.21 8.28944 Justitie
324.8 449.691 10.5724 8.28944 en
337.889 449.691 44.6842 8.28944 Veiligheid,

221.102 766.046 26.182 8.38004 Eerste
250.3 766.046 28.7032 8.38004 Kamer,
282.019 766.046 50.851 8.38004 vergaderjaar
335.886 766.046 47.8523 8.38004 2017–2018,
386.754 766.046 10.0742 8.38004 34
399.844 766.046 17.6298 8.38004 813,
420.49 766.046 6.04269 8.38004 A

529.919 766.046 10.0742 8.38004 27
