595.32 841.92
519 37.56 5.59728 11.04 1

70.824 86.2597 58.679 10.6099 Reglement
132.74 86.2597 112.435 10.6099 Geschillencommissie
248.45 86.2597 50.7725 10.6099 financiële
302.327 86.2597 82.1088 10.6099 dienstverlening
387.518 86.2597 33.6096 10.6099 (Kifid)

70.824 99.5797 67.5437 10.6099 Bemiddeling
141.499 99.5797 13.0742 10.6099 en
157.809 99.5797 51.7056 10.6099 (bindend)
212.761 99.5797 33.1037 10.6099 advies

460.3 99.5797 6.35904 10.6099 1
469.885 99.5797 24.2381 10.6099 april
497.348 99.5797 25.321 10.6099 2017

70.824 139.66 42.9542 10.6099 Inleiding

70.824 152.98 8.16768 10.6099 In
82.1942 152.98 20.7706 10.6099 deze
106.213 152.98 92.16 10.6099 procedurebeschrijving
201.599 152.98 23.5238 10.6099 staan
228.41 152.98 42.8544 10.6099 begrippen
274.37 152.98 16.8077 10.6099 met
294.38 152.98 15.4944 10.6099 een
312.893 152.98 46.5869 10.6099 hoofdletter
362.71 152.98 36.391 10.6099 vermeld.
402.327 152.98 12.6029 10.6099 De
418.028 152.98 40.5734 10.6099 betekenis
461.804 152.98 15.1258 10.6099 van
480.179 152.98 20.7706 10.6099 deze

70.824 166.3 42.8544 10.6099 begrippen
116.9 166.3 21.3581 10.6099 staat
141.484 166.3 38.1658 10.6099 uitgelegd
182.852 166.3 7.56864 10.6099 in
193.566 166.3 19.8144 10.6099 Deel
216.583 166.3 7.55712 10.6099 D
227.45 166.3 30.2362 10.6099 (artikel
260.8 166.3 15.36 10.6099 60)
279.43 166.3 15.1258 10.6099 van
297.655 166.3 10.8058 10.6099 dit
311.571 166.3 47.785 10.6099 Reglement.
362.59 166.3 16.1971 10.6099 Dat
381.909 166.3 20.7706 10.6099 geldt
405.882 166.3 24.6182 10.6099 onder
433.507 166.3 29.9059 10.6099 andere
466.616 166.3 18.2477 10.6099 voor
488.14 166.3 10.4458 10.6099 de

70.824 179.62 42.8544 10.6099 begrippen
116.875 179.62 50.8925 10.6099 Consument,
170.999 179.62 41.7686 10.6099 Financiële
215.988 179.62 25.3181 10.6099 dienst
244.537 179.62 10.4458 10.6099 en
258.087 179.62 42.0106 10.6099 Financiële
303.295 179.62 61.7184 10.6099 dienstverlener,
368.233 179.62 42.8544 10.6099 begrippen
414.284 179.62 12.6086 10.6099 die
429.917 179.62 15.12 10.6099 van
448.268 179.62 28.3248 10.6099 belang
479.813 179.62 15.0019 10.6099 zijn
497.931 179.62 18.239 10.6099 voor

70.824 192.94 10.4486 10.6099 de
84.4752 192.94 23.6506 10.6099 vraag
111.374 192.94 8.28288 10.6099 of
122.883 192.94 5.40288 10.6099 u
131.385 192.94 15.4944 10.6099 een
150.082 192.94 21.2544 10.6099 zaak
174.573 192.94 16.2086 10.6099 aan
193.881 192.94 10.4486 10.6099 de
207.532 192.94 86.9184 10.6099 Geschillencommissie
297.653 192.94 19.2269 10.6099 kunt
320.105 192.94 48.0269 10.6099 voorleggen.
371.335 192.94 8.16768 10.6099 In
382.613 192.94 13.6858 10.6099 het
399.501 192.94 31.5994 10.6099 register
434.303 192.94 10.8058 10.6099 op
448.54 192.94 51.4646 10.6099 www.kifid.nl
503.28 192.94 21.2429 10.6099 staat

70.824 206.26 15.4944 10.6099 een
89.521 206.26 38.6496 10.6099 overzicht
131.408 206.26 15.1258 10.6099 van
149.632 206.26 10.4486 10.6099 de
163.284 206.26 40.2509 10.6099 financiële
206.737 206.26 63.6855 10.6099 dienstverleners
273.625 206.26 12.6144 10.6099 die
289.35 206.26 9.7344 10.6099 bij
302.287 206.26 19.2269 10.6099 Kifid
324.716 206.26 15.0106 10.6099 zijn
342.975 206.26 53.545 10.6099 aangesloten.

70.824 219.7 16.3238 10.6099 Een
90.3504 219.7 27.9821 10.6099 enkele
121.57 219.7 21.4963 10.6099 maal
146.153 219.7 24.4915 10.6099 wordt
173.847 219.7 27.1526 10.6099 tussen
204.203 219.7 10.4486 10.6099 de
217.9 219.7 46.5638 10.6099 bepalingen
267.586 219.7 15.1258 10.6099 van
285.914 219.7 10.8058 10.6099 dit
299.98 219.7 42.7507 10.6099 reglement
345.933 219.7 15.4944 10.6099 een
364.653 219.7 22.3258 10.6099 korte
390.078 219.7 22.9363 10.6099 uitleg
416.217 219.7 36.8755 10.6099 gegeven.
456.295 219.7 16.1971 10.6099 Dat
475.752 219.7 32.6592 10.6099 gebeurt

70.824 233.02 26.8877 10.6099 steeds
100.914 233.02 27.8784 10.6099 cursief
131.995 233.02 10.4486 10.6099 en
145.554 233.02 7.56864 10.6099 in
156.325 233.02 20.7706 10.6099 deze
180.218 233.02 23.6506 10.6099 kleur.

70.824 246.34 16.3238 10.6099 Een
90.3504 246.34 22.3488 10.6099 korte
115.902 246.34 48.9946 10.6099 beschrijving
168.099 246.34 15.1258 10.6099 van
186.37 246.34 10.3219 10.6099 de
199.894 246.34 43.3498 10.6099 procedure
246.469 246.34 9.7344 10.6099 bij
259.406 246.34 10.4486 10.6099 de
272.977 246.34 86.9069 10.6099 Geschillencommissie
363.086 246.34 6.24384 10.6099 is
372.567 246.34 8.28288 10.6099 te
383.949 246.34 27.7402 10.6099 vinden
414.892 246.34 10.8058 10.6099 op
428.86 246.34 54.0029 10.6099 www.kifid.nl.

70.824 286.33 25.079 10.6099 Deel
99.1286 286.33 8.99712 10.6099 A

70.824 299.65 15.5981 10.6099 De
89.6477 299.65 55.7914 10.6099 procedure
148.549 299.65 12.96 10.6099 bij
164.66 299.65 13.0752 10.6099 de
180.972 299.65 112.435 10.6099 Geschillencommissie

70.824 326.41 20.6323 10.6099 Het
94.6934 326.41 45.7114 10.6099 indienen
143.642 326.41 18.7085 10.6099 van
165.472 326.41 45.7114 10.6099 klachten

70.824 339.73 27.4867 10.6099 Artikel
101.54 339.73 6.00192 10.6099 1
110.78 339.73 28.2125 10.6099 Welke
142.091 339.73 36.3686 10.6099 klachten
181.559 339.73 42.3821 10.6099 behandelt
227.21 339.73 10.4486 10.6099 de
240.861 339.73 90.8869 10.6099 Geschillencommissie?

70.824 353.05 14.1581 10.6099 De
88.2077 353.05 96.5952 10.6099 Geschillencommissie
187.97 353.05 45.4694 10.6099 behandelt
236.677 353.05 40.7923 10.6099 Klachten
280.706 353.05 15.7248 10.6099 van
299.53 353.05 65.6294 10.6099 Consumenten
368.396 353.05 21.3581 10.6099 over
392.98 353.05 45.3658 10.6099 Financiële
441.571 353.05 39.2256 10.6099 diensten
483.919 353.05 25.5514 10.6099 tegen

70.824 366.37 45.4666 10.6099 Financiële
119.533 366.37 71.257 10.6099 dienstverleners
193.97 366.37 11.7619 10.6099 of,
208.958 366.37 10.8058 10.6099 bij
222.966 366.37 50.1926 10.6099 nawerking,
276.361 366.37 45.8726 10.6099 voormalig
325.51 366.37 54.4762 10.6099 aangesloten
383.11 366.37 45.4666 10.6099 Financiële
431.589 366.37 73.9738 10.6099 dienstverleners.

70.824 393.01 27.4867 10.6099 Artikel
101.532 393.01 6.00192 10.6099 2
110.78 393.01 28.2125 10.6099 Welke
142.091 393.01 36.3686 10.6099 klachten
181.559 393.01 42.3821 10.6099 behandelt
227.21 393.01 10.4486 10.6099 de
240.861 393.01 86.7917 10.6099 Geschillencommissie
330.91 393.01 19.9181 10.6099 niet?

70.824 406.33 14.04 10.6099 2.1
88.104 406.33 14.1581 10.6099 De
105.488 406.33 96.4685 10.6099 Geschillencommissie
205.25 406.33 45.4694 10.6099 behandelt
253.85 406.33 16.7962 10.6099 een
273.883 406.33 29.5258 10.6099 Klacht
306.635 406.33 17.5219 10.6099 niet
327.43 406.33 22.3258 10.6099 voor
352.958 406.33 28.7146 10.6099 zover:

70.824 419.77 8.64 10.6099 a)
82.6896 419.77 11.3933 10.6099 de
97.32 419.77 29.5142 10.6099 Klacht
130.071 419.77 7.44192 10.6099 al
140.739 419.77 8.28288 10.6099 in
152.121 419.77 54.72 10.6099 behandeling
210.043 419.77 6.95808 10.6099 is
220.25 419.77 13.3286 10.6099 bij,
236.689 419.77 9.23904 10.6099 of
249.154 419.77 31.5533 10.6099 eerder
283.817 419.77 6.95808 10.6099 is
294.001 419.77 47.2781 10.6099 behandeld
344.516 419.77 25.6781 10.6099 door,
373.51 419.77 11.3933 10.6099 de
388.14 419.77 99.0425 10.6099 Geschillencommissie,
490.408 419.77 11.3933 10.6099 de

70.824 433.11 51.5808 10.6099 voormalige
125.63 433.11 59.6045 10.6099 Ombudsman
188.484 433.11 15.5981 10.6099 van
207.319 433.11 21.335 10.6099 Kifid
232.01 433.11 9.23904 10.6099 of
244.359 433.11 23.1552 10.6099 door
270.625 433.11 16.7962 10.6099 een
290.71 433.11 92.8973 10.6099 geschillencommissie
386.81 433.11 10.8058 10.6099 bij
400.738 433.11 16.7962 10.6099 een
420.82 433.11 15.7248 10.6099 van
439.644 433.11 11.3933 10.6099 de
454.274 433.11 57.2314 10.6099 voorgangers

70.824 446.43 15.7248 10.6099 van
89.7514 446.43 24.0267 10.6099 Kifid;

70.824 459.75 9.48096 10.6099 b)
83.5306 459.75 11.3933 10.6099 de
98.161 459.75 29.5142 10.6099 Klacht
130.912 459.75 14.0314 10.6099 tot
148.054 459.75 16.7962 10.6099 een
168.087 459.75 42.601 10.6099 beslissing
213.925 459.75 23.5123 10.6099 heeft
240.571 459.75 26.8762 10.6099 geleid
270.684 459.75 15.7248 10.6099 van
289.508 459.75 16.7962 10.6099 een
309.541 459.75 37.1981 10.6099 rechter,
349.942 459.75 16.8192 10.6099 een
370.03 459.75 34.2096 10.6099 arbiter,
407.5 459.75 16.7962 10.6099 een
427.407 459.75 36.9446 10.6099 bindend
467.588 459.75 38.5229 10.6099 adviseur
509.4 459.75 9.24 10.6099 of

70.824 473.07 23.1696 10.6099 door
97.224 473.07 16.8 10.6099 een
117.14 473.07 83.399 10.6099 geschilleninstantie
203.81 473.07 13.9258 10.6099 die
220.97 473.07 18.2362 10.6099 met
242.317 473.07 21.3581 10.6099 Kifid
266.9 473.07 58.6069 10.6099 vergelijkbaar
328.733 473.07 9.61536 10.6099 is;

70.824 486.39 8.76672 10.6099 c)
82.7933 486.39 11.4163 10.6099 de
97.4352 486.39 29.641 10.6099 Klacht
130.187 486.39 28.9152 10.6099 wordt
162.212 486.39 47.3933 10.6099 behandeld
212.843 486.39 23.1552 10.6099 door
239.108 486.39 16.7962 10.6099 een
259.141 486.39 37.1981 10.6099 rechter,
299.71 486.39 16.681 10.6099 een
319.617 486.39 34.2029 10.6099 arbiter,
357.022 486.39 16.704 10.6099 een
376.952 486.39 37.0714 10.6099 bindend
417.133 486.39 41.1295 10.6099 adviseur,
461.488 486.39 9.23904 10.6099 of
473.953 486.39 16.7962 10.6099 een

70.824 499.71 32.1571 10.6099 andere
106.22 499.71 18.2362 10.6099 met
127.567 499.71 21.3581 10.6099 Kifid
152.15 499.71 59.1552 10.6099 vergelijkbare
214.61 499.71 86.0381 10.6099 geschilleninstantie,
303.876 499.71 24.8534 10.6099 tenzij
331.99 499.71 13.9258 10.6099 die
349.15 499.71 48.8333 10.6099 procedure
401.22 499.71 23.04 10.6099 door
427.54 499.71 11.2781 10.6099 de
442.044 499.71 45.4925 10.6099 Financiële

70.824 513.15 66.9542 10.6099 dienstverlener
141.02 513.15 6.95808 10.6099 is
151.088 513.15 45.239 10.6099 begonnen
199.61 513.15 25.3094 10.6099 nadat
228.17 513.15 54.3571 10.6099 Consument
285.639 513.15 15.6125 10.6099 zijn
304.456 513.15 29.5536 10.6099 Klacht
337.214 513.15 7.44288 10.6099 al
347.908 513.15 15.6 10.6099 aan
366.67 513.15 11.3933 10.6099 de
381.3 513.15 45.3658 10.6099 Financiële
429.777 513.15 66.9542 10.6099 dienstverlener
500.04 513.15 16.439 10.6099 had

70.824 526.47 54.2016 10.6099 voorgelegd;

70.824 539.79 9.59616 10.6099 d)
83.6573 539.79 15.1142 10.6099 het
102.009 539.79 16.7962 10.6099 een
121.915 539.79 29.641 10.6099 Klacht
154.7 539.79 31.9104 10.6099 betreft
189.744 539.79 13.801 10.6099 ter
206.77 539.79 51.5981 10.6099 beslechting
261.53 539.79 38.4133 10.6099 waarvan
303.07 539.79 16.681 10.6099 een
322.99 539.79 31.6858 10.6099 arbiter
357.88 539.79 9.26976 10.6099 of
370.27 539.79 16.8 10.6099 een
390.22 539.79 79.3238 10.6099 bindend-adviseur
472.78 539.79 38.88 10.6099 bevoegd
514.897 539.79 9.62096 10.6099 is;

70.824 553.11 9.23904 10.6099 e)
83.2886 553.11 11.3933 10.6099 de
97.919 553.11 29.5142 10.6099 Klacht
130.7 553.11 6.95808 10.6099 is
140.884 553.11 44.1446 10.6099 ingediend
188.265 553.11 8.15616 10.6099 in
199.647 553.11 15.1142 10.6099 het
217.999 553.11 26.2771 10.6099 kader
247.501 553.11 15.7248 10.6099 van
266.325 553.11 16.7962 10.6099 een
286.358 553.11 49.3171 10.6099 collectieve
338.901 553.11 24.6471 10.6099 actie;

70.824 566.43 6.60096 10.6099 f)
80.6506 566.43 11.3933 10.6099 de
95.304 566.43 45.4666 10.6099 Financiële
143.898 566.43 66.7094 10.6099 dienstverlener
213.89 566.43 34.8019 10.6099 waarop
251.791 566.43 11.3933 10.6099 de
266.421 566.43 29.5142 10.6099 Klacht
299.173 566.43 49.3171 10.6099 betrekking
351.727 566.43 23.5123 10.6099 heeft
378.35 566.43 8.28288 10.6099 in
389.858 566.43 21.8304 10.6099 staat
414.926 566.43 15.7248 10.6099 van
433.749 566.43 56.2752 10.6099 faillissement
493.135 566.43 6.95808 10.6099 is

70.824 579.75 36.721 10.6099 geraakt,
110.772 579.75 8.28384 10.6099 in
122.169 579.75 45.961 10.6099 surseance
171.23 579.75 15.7267 10.6099 van
190.069 579.75 35.7648 10.6099 betaling
229.039 579.75 6.95904 10.6099 is
239.26 579.75 31.9258 10.6099 komen
274.39 579.75 9.37824 10.6099 te
286.881 579.75 44.4058 10.6099 verkeren,
334.491 579.75 64.341 10.6099 onderworpen
402.058 579.75 6.95808 10.6099 is
412.138 579.75 15.5981 10.6099 aan
430.846 579.75 16.7962 10.6099 een

70.824 593.07 108.369 10.6099 schuldsaneringsregeling
182.418 593.07 34.4333 10.6099 volgens
220.13 593.07 18.2362 10.6099 titel
241.488 593.07 8.64 10.6099 III
253.354 593.07 15.7248 10.6099 van
272.177 593.07 11.3933 10.6099 de
286.808 593.07 80.7322 10.6099 Faillissementswet
370.75 593.07 9.23904 10.6099 of
383.215 593.07 27.959 10.6099 indien
414.284 593.07 16.681 10.6099 een
434.191 593.07 60.5952 10.6099 noodregeling
497.896 593.07 12.119 10.6099 op

70.824 606.42 20.16 10.6099 hem
94.224 606.42 15.7248 10.6099 van
113.151 606.42 48.3725 10.6099 toepassing
164.761 606.42 6.83136 10.6099 is
174.829 606.42 49.3171 10.6099 geworden;

70.824 619.86 8.64 10.6099 g)
82.6896 619.86 54.4666 10.6099 Consument
140.278 619.86 11.3933 10.6099 de
154.908 619.86 45.5962 10.6099 verleende
203.742 619.86 39.2256 10.6099 diensten
246.089 619.86 9.23904 10.6099 of
258.554 619.86 26.4038 10.6099 zaken
288.183 619.86 23.5123 10.6099 heeft
314.806 619.86 40.6771 10.6099 gevraagd
358.605 619.86 9.23904 10.6099 of
371.07 619.86 50.4 10.6099 afgenomen
424.695 619.86 15.5981 10.6099 van
443.519 619.86 16.7962 10.6099 een
463.552 619.86 29.0419 10.6099 buiten

70.824 633.18 49.5706 10.6099 Nederland
123.603 633.18 34.5888 10.6099 gelegen
161.4 633.18 39.2717 10.6099 vestiging
203.88 633.18 15.7306 10.6099 van
222.89 633.18 11.3933 10.6099 de
237.394 633.18 45.4925 10.6099 Financiële
285.974 633.18 69.4194 10.6099 dienstverlener,
358.618 633.18 24.9638 10.6099 tenzij
386.74 633.18 21.7152 10.6099 deze
411.692 633.18 45.3658 10.6099 Financiële

70.824 646.5 66.9542 10.6099 dienstverlener
141.015 646.5 6.95808 10.6099 is
151.084 646.5 54.2362 10.6099 aangesloten
208.557 646.5 10.8058 10.6099 bij
222.65 646.5 21.3581 10.6099 Kifid
247.118 646.5 11.2781 10.6099 en
261.65 646.5 12.119 10.6099 op
276.879 646.5 11.3933 10.6099 de
291.395 646.5 48.2342 10.6099 betrokken
342.866 646.5 67.1962 10.6099 overeenkomst
413.299 646.5 53.7523 10.6099 Nederlands
470.289 646.5 24.8113 10.6099 recht
498.21 646.5 15.7248 10.6099 van

70.824 659.82 48.4992 10.6099 toepassing
122.533 659.82 6.96192 10.6099 is
132.62 659.82 48.7094 10.6099 (eventueel
184.449 659.82 23.0371 10.6099 door
210.722 659.82 51.2863 10.6099 partijkeuze
265.118 659.82 41.161 10.6099 achteraf)
309.31 659.82 9.23904 10.6099 of
321.775 659.82 28.5581 10.6099 daarin
353.558 659.82 6.95808 10.6099 is
363.627 659.82 50.5152 10.6099 neergelegd
417.379 659.82 14.6304 10.6099 dat
435.12 659.82 54.4666 10.6099 Consument

70.824 673.14 45.0125 10.6099 eventuele
119.043 673.14 40.8173 10.6099 Klachten
163.067 673.14 15.6019 10.6099 aan
181.806 673.14 21.239 10.6099 Kifid
206.251 673.14 16.201 10.6099 kan
225.716 673.14 53.8867 10.6099 voorleggen.
282.809 673.14 8.64192 10.6099 In
294.588 673.14 14.6342 10.6099 dat
312.348 673.14 29.9981 10.6099 laatste
345.576 673.14 22.9325 10.6099 geval
371.6 673.14 12.2496 10.6099 zal
387.22 673.14 11.3933 10.6099 de
401.724 673.14 96.6067 10.6099 Geschillencommissie
501.6 673.14 11.3933 10.6099 de

70.824 686.46 29.641 10.6099 Klacht
103.691 686.46 53.6466 10.6099 beoordelen
160.563 686.46 20.16 10.6099 naar
183.833 686.46 53.8675 10.6099 Nederlands
240.949 686.46 27.2333 10.6099 recht;

70.824 699.78 9.48096 10.6099 h)
83.5306 699.78 11.3933 10.6099 de
98.161 699.78 46.7942 10.6099 hoofdsom
148.192 699.78 15.5981 10.6099 van
167.016 699.78 11.3933 10.6099 de
181.531 699.78 44.9971 10.6099 vordering
229.754 699.78 15.7248 10.6099 van
248.589 699.78 56.9894 10.6099 Consument,
308.7 699.78 39.8477 10.6099 exclusief
351.751 699.78 76.1011 10.6099 vertragingsrente
431.089 699.78 11.1629 10.6099 en
445.477 699.78 33.9494 10.6099 kosten,
482.56 699.78 12.119 10.6099 op
497.905 699.78 15.1142 10.6099 het

70.824 713.22 39.2371 10.6099 moment
113.287 713.22 15.7248 10.6099 van
132.11 713.22 15.1142 10.6099 het
150.462 713.22 51.241 10.6099 voorleggen
204.928 713.22 15.7248 10.6099 van
223.856 713.22 11.4163 10.6099 de
238.382 713.22 29.641 10.6099 Klacht
271.134 713.22 15.5981 10.6099 aan
290.11 713.22 11.3933 10.6099 de
304.614 713.22 96.6067 10.6099 Geschillencommissie
404.38 713.22 16.7962 10.6099 een
424.413 713.22 31.4381 10.6099 bedrag
459.088 713.22 15.7248 10.6099 van

70.824 726.54 7.0272 10.6099 €
81.1229 726.54 45.3658 10.6099 1.000.000
129.588 726.54 9.35424 10.6099 te
142.179 726.54 28.3277 10.6099 boven
173.732 726.54 21.0759 10.6099 gaat;

519 37.56 5.59728 11.04 2

70.824 86.2597 6.24384 10.6099 i)
80.2704 86.2597 11.4163 10.6099 de
94.9123 86.2597 29.641 10.6099 Klacht
127.664 86.2597 16.681 10.6099 ziet
147.57 86.2597 12.0038 10.6099 op
162.86 86.2597 11.3933 10.6099 de
177.364 86.2597 44.3981 10.6099 weigering
224.987 86.2597 15.241 10.6099 om
243.454 86.2597 16.681 10.6099 een
263.36 86.2597 81.1057 10.6099 rechtsverhouding
347.703 86.2597 15.5981 10.6099 aan
366.412 86.2597 9.35424 10.6099 te
379.003 86.2597 20.5171 10.6099 gaan
402.631 86.2597 9.30936 10.6099 of
415.18 86.2597 15.1258 10.6099 om
433.428 86.2597 11.3933 10.6099 de
448.06 86.2597 69.961 10.6099 dienstverlening

70.824 99.5797 12.119 10.6099 uit
86.1686 99.5797 9.35424 10.6099 te
98.76 99.5797 37.9429 10.6099 breiden,
139.928 99.5797 24.9638 10.6099 tenzij
168.05 99.5797 11.3933 10.6099 de
182.68 99.5797 27.4752 10.6099 klacht
213.381 99.5797 33.3504 10.6099 behelst
249.842 99.5797 14.6304 10.6099 dat
267.77 99.5797 11.2781 10.6099 de
282.274 99.5797 45.3658 10.6099 Financiële
330.865 99.5797 66.839 10.6099 dienstverlener
401.02 99.5797 39.8362 10.6099 misbruik
444.082 99.5797 23.5123 10.6099 heeft
470.831 99.5797 38.3962 10.6099 gemaakt

70.824 112.9 15.7248 10.6099 van
89.7514 112.9 11.4163 10.6099 de
104.393 112.9 20.16 10.6099 hem
127.664 112.9 59.0285 10.6099 toekomende
189.826 112.9 58.7454 10.6099 contracteer-
251.81 112.9 11.2781 10.6099 en
266.198 112.9 66.3552 10.6099 beleidsvrijheid
335.779 112.9 9.23904 10.6099 of
348.244 112.9 10.8058 10.6099 bij
362.149 112.9 15.6096 10.6099 zijn
380.961 112.9 44.4326 10.6099 weigering
428.515 112.9 23.5123 10.6099 heeft
455.38 112.9 46.56 10.6099 gehandeld
505.168 112.9 8.28384 10.6099 in

70.824 126.34 23.7542 10.6099 strijd
97.8154 126.34 18.2362 10.6099 met
119.173 126.34 11.3933 10.6099 de
133.804 126.34 20.2752 10.6099 wet;

70.824 139.66 6.24384 10.6099 j)
80.2704 139.66 11.4163 10.6099 de
94.9123 139.66 29.641 10.6099 Klacht
127.664 139.66 16.681 10.6099 ziet
147.57 139.66 12.0038 10.6099 op
162.8 139.66 11.3933 10.6099 de
177.303 139.66 23.5238 10.6099 wijze
204.053 139.66 34.8019 10.6099 waarop
242.08 139.66 10.8058 10.6099 bij
255.985 139.66 16.7962 10.6099 een
275.903 139.66 159.25 10.6099 natura-verzekeringsovereenkomst
438.391 139.66 26.7322 10.6099 (zoals
468.383 139.66 16.7846 10.6099 een
488.29 139.66 33.5914 10.6099 natura-

70.824 152.98 93.3696 10.6099 uitvaartverzekering)
167.292 152.98 11.3933 10.6099 de
181.923 152.98 40.7808 10.6099 prestatie
225.941 152.98 8.28288 10.6099 in
237.426 152.98 29.6755 10.6099 natura
270.339 152.98 28.7885 10.6099 wordt
302.365 152.98 39.2486 10.6099 verricht.
344.95 152.98 14.1581 10.6099 De
362.334 152.98 96.48 10.6099 Geschillencommissie
462.1 152.98 45.3542 10.6099 behandelt
510.691 152.98 8.28288 10.6099 in

70.824 166.3 39.8554 10.6099 afwijking
113.884 166.3 34.0934 10.6099 hiervan
151.09 166.3 16.3258 10.6099 wel
170.62 166.3 40.8221 10.6099 Klachten
214.669 166.3 21.4877 10.6099 over
239.269 166.3 11.3942 10.6099 de
253.903 166.3 46.6762 10.6099 uitvoering
303.806 166.3 15.6 10.6099 van
322.634 166.3 137.304 10.6099 rechtsbijstandsverzekeringen;

70.824 179.62 9.23904 10.6099 k)
83.2886 179.62 11.3933 10.6099 de
97.919 179.62 29.5142 10.6099 Klacht
130.67 179.62 49.3171 10.6099 betrekking
183.213 179.62 23.3971 10.6099 heeft
209.847 179.62 12.119 10.6099 op
225.192 179.62 16.681 10.6099 een
245.099 179.62 41.5181 10.6099 handelen
289.842 179.62 9.23904 10.6099 of
302.203 179.62 33.12 10.6099 nalaten
338.56 179.62 15.7248 10.6099 van
357.55 179.62 11.3933 10.6099 de
372.18 179.62 45.4925 10.6099 Financiële
420.76 179.62 66.839 10.6099 dienstverlener
490.9 179.62 8.28288 10.6099 in
502.282 179.62 15.1142 10.6099 het

70.824 192.94 26.3923 10.6099 kader
100.453 192.94 15.7248 10.6099 van
119.289 192.94 16.7962 10.6099 een
139.322 192.94 45.1123 10.6099 specifieke
187.671 192.94 31.2077 10.6099 functie
222.105 192.94 15.7248 10.6099 van
241.13 192.94 11.2781 10.6099 de
255.634 192.94 45.4925 10.6099 Financiële
304.214 192.94 66.839 10.6099 dienstverlener
374.35 192.94 10.8058 10.6099 bij
388.255 192.94 16.7962 10.6099 een
408.288 192.94 33.5923 10.6099 emissie
445.106 192.94 9.23904 10.6099 of
457.57 192.94 62.7494 10.6099 (her)plaatsing

70.824 206.26 15.7248 10.6099 van
89.7514 206.26 39.6267 10.6099 effecten;

70.824 219.7 6.24384 10.6099 l)
80.2704 219.7 15.1373 10.6099 het
98.6448 219.7 33.3619 10.6099 feitelijk
135.106 219.7 50.1581 10.6099 onderzoek
188.386 219.7 14.6304 10.6099 dat
206.253 219.7 25.4362 10.6099 nodig
234.8 219.7 6.95808 10.6099 is
244.983 219.7 22.3258 10.6099 voor
270.408 219.7 11.3933 10.6099 de
285.038 219.7 55.4458 10.6099 beoordeling
343.71 219.7 15.7248 10.6099 van
362.545 219.7 11.3933 10.6099 de
377.175 219.7 29.641 10.6099 Klacht
409.927 219.7 11.1629 10.6099 zo
424.315 219.7 47.7619 10.6099 tijdrovend
475.303 219.7 9.23904 10.6099 of

70.824 233.02 54.4493 10.6099 ingewikkeld
128.54 233.02 6.95808 10.6099 is
138.608 233.02 14.6304 10.6099 dat
156.476 233.02 11.2781 10.6099 de
170.98 233.02 29.5142 10.6099 Klacht
203.731 233.02 18.1325 10.6099 zich
225.066 233.02 20.16 10.6099 naar
248.36 233.02 15.1142 10.6099 het
266.711 233.02 36.599 10.6099 oordeel
306.547 233.02 15.5981 10.6099 van
325.371 233.02 11.3933 10.6099 de
340.001 233.02 49.2019 10.6099 Voorzitter
392.429 233.02 9.23904 10.6099 of
404.778 233.02 11.3933 10.6099 de
419.293 233.02 51.5981 10.6099 Commissie
474.117 233.02 17.6371 10.6099 niet
494.864 233.02 23.1552 10.6099 leent

70.824 246.34 22.3258 10.6099 voor
96.3523 246.34 54.743 10.6099 behandeling
154.321 246.34 8.28288 10.6099 in
165.829 246.34 11.2781 10.6099 de
180.333 246.34 48.9102 10.6099 procedure
232.469 246.34 10.8058 10.6099 bij
246.41 246.34 11.3933 10.6099 de
261.04 246.34 99.1477 10.6099 Geschillencommissie;

70.824 259.69 12.6029 10.6099 m)
86.6294 259.69 11.4163 10.6099 de
101.271 259.69 54.7506 10.6099 behandeling
159.248 259.69 15.5981 10.6099 van
178.071 259.69 11.3933 10.6099 de
192.586 259.69 29.641 10.6099 Klacht
225.453 259.69 11.3933 10.6099 de
240.083 259.69 44.1677 10.6099 effectieve
287.454 259.69 36.8755 10.6099 werking
327.555 259.69 15.7248 10.6099 van
346.63 259.69 11.3933 10.6099 de
361.134 259.69 96.5952 10.6099 Geschillencommissie
461.02 259.69 31.5533 10.6099 ernstig
495.684 259.69 8.28288 10.6099 in

70.824 273.01 36.4781 10.6099 gedrang
110.53 273.01 16.9248 10.6099 zou
130.555 273.01 40.3267 10.6099 brengen.

70.824 286.33 14.0429 10.6099 2.2
88.104 286.33 14.6419 10.6099 Als
105.972 286.33 30.3552 10.6099 tijdens
139.564 286.33 11.3933 10.6099 de
154.068 286.33 54.72 10.6099 behandeling
211.99 286.33 10.8058 10.6099 bij
226.13 286.33 11.3933 10.6099 de
240.634 286.33 96.5952 10.6099 Geschillencommissie
340.51 286.33 22.6829 10.6099 blijkt
366.315 286.33 14.6304 10.6099 dat
384.182 286.33 18.1325 10.6099 zich
405.414 286.33 16.7962 10.6099 een
425.447 286.33 15.5981 10.6099 van
444.271 286.33 11.3933 10.6099 de
458.901 286.33 8.28288 10.6099 in
470.283 286.33 12.2342 10.6099 dit

70.824 299.65 49.4477 10.6099 Reglement
123.478 299.65 48.2707 10.6099 genoemde
174.955 299.65 38.5459 10.6099 gronden
216.731 299.65 43.801 10.6099 voordoet
263.761 299.65 9.24096 10.6099 of
276.208 299.65 23.4278 10.6099 heeft
302.866 299.65 54.1267 10.6099 voorgedaan
360.199 299.65 45.8274 10.6099 waardoor
409.148 299.65 11.3933 10.6099 de
423.663 299.65 29.641 10.6099 Klacht
456.53 299.65 29.1571 10.6099 buiten

70.824 313.09 54.8352 10.6099 behandeling
128.896 313.09 16.439 10.6099 had
148.572 313.09 35.8733 10.6099 moeten
187.556 313.09 29.5373 10.6099 blijven
220.296 313.09 9.23904 10.6099 of
232.784 313.09 24.5952 10.6099 moet
260.489 313.09 32.1754 10.6099 blijven,
295.764 313.09 42.1171 10.6099 beëindigt
341.23 313.09 11.3933 10.6099 de
355.86 313.09 96.4685 10.6099 Geschillencommissie
455.62 313.09 11.3981 10.6099 de

70.824 326.41 57.3581 10.6099 behandeling.

70.824 353.05 27.4867 10.6099 Artikel
101.532 353.05 6.00192 10.6099 3
110.78 353.05 21.8419 10.6099 Eerst
135.721 353.05 29.9059 10.6099 interne
168.829 353.05 69.0394 10.6099 klachtprocedure
241.071 353.05 27.0144 10.6099 volgen

70.824 366.37 14.0429 10.6099 3.1
88.104 366.37 14.1581 10.6099 De
105.488 366.37 96.4685 10.6099 Geschillencommissie
205.25 366.37 16.1971 10.6099 kan
224.673 366.37 16.7962 10.6099 een
244.579 366.37 29.6669 10.6099 Klacht
277.39 366.37 26.7658 10.6099 alleen
307.27 366.37 52.9114 10.6099 behandelen
363.418 366.37 11.8771 10.6099 als
378.406 366.37 54.2362 10.6099 Consument
435.879 366.37 21.7152 10.6099 deze
460.832 366.37 23.7542 10.6099 eerst
487.9 366.37 23.5123 10.6099 heeft

70.824 379.69 51.5693 10.6099 voorgelegd
125.642 379.69 15.5866 10.6099 aan
144.35 379.69 11.3875 10.6099 de
158.975 379.69 45.2218 10.6099 Financiële
207.434 379.69 78.6701 10.6099 dienstverlener(s)
289.353 379.69 12.1133 10.6099 op
304.588 379.69 16.1971 10.6099 wie
324.022 379.69 11.3875 10.6099 de
338.647 379.69 27.5731 10.6099 klacht
369.353 379.69 49.3114 10.6099 betrekking
421.89 379.69 23.3856 10.6099 heeft
448.524 379.69 11.2723 10.6099 en
463.034 379.69 11.3875 10.6099 de
477.543 379.69 40.896 10.6099 (interne)

70.824 393.01 76.5888 10.6099 klachtprocedure
150.504 393.01 23.52 10.6099 heeft
177.23 393.01 35.0784 10.6099 gevolgd
215.515 393.01 13.943 10.6099 die
232.665 393.01 11.3146 10.6099 de
247.209 393.01 45.5098 10.6099 Financiële
295.798 393.01 66.8525 10.6099 dienstverlener
365.857 393.01 56.3213 10.6099 voorschrijft.
425.5 393.01 14.5152 10.6099 Als
443.252 393.01 54.4666 10.6099 Consument
500.841 393.01 14.6304 10.6099 dat

70.824 406.33 17.6371 10.6099 niet
91.6982 406.33 23.5123 10.6099 heeft
118.448 406.33 34.3181 10.6099 gedaan,
156.003 406.33 29.399 10.6099 neemt
188.57 406.33 11.3933 10.6099 de
203.2 406.33 96.5952 10.6099 Geschillencommissie
303.07 406.33 11.2781 10.6099 de
317.574 406.33 27.6019 10.6099 klacht
348.43 406.33 24.3648 10.6099 (nog)
376.03 406.33 17.6371 10.6099 niet
396.778 406.33 8.28288 10.6099 in
408.286 406.33 57.2969 10.6099 behandeling.
468.808 406.33 12.4877 10.6099 Zij
484.499 406.33 21.5078 10.6099 wijst

70.824 419.77 54.4973 10.6099 Consument
128.532 419.77 32.3098 10.6099 daarop
164.052 419.77 11.2819 10.6099 en
178.49 419.77 30.6029 10.6099 stuurt,
212.318 419.77 24.9638 10.6099 tenzij
240.485 419.77 54.3744 10.6099 Consument
297.993 419.77 45.7114 10.6099 daartegen
346.941 419.77 38.7648 10.6099 bezwaar
388.805 419.77 30.5971 10.6099 maakt,
422.62 419.77 11.3933 10.6099 de
437.14 419.77 29.6438 10.6099 Klacht
469.986 419.77 23.063 10.6099 door
496.275 419.77 15.5981 10.6099 aan

70.824 433.11 11.3933 10.6099 de
85.4544 433.11 45.4925 10.6099 Financiële
134.057 433.11 78.7479 10.6099 dienstverlener(s)
216.05 433.11 13.9162 10.6099 ter
233.203 433.11 54.72 10.6099 behandeling
291.149 433.11 8.15616 10.6099 in
302.531 433.11 11.2781 10.6099 de
317.034 433.11 40.919 10.6099 (interne)
361.179 433.11 76.32 10.6099 klachtprocedure
440.725 433.11 13.9162 10.6099 die
458.02 433.11 11.3981 10.6099 de
472.54 433.11 45.4666 10.6099 Financiële

70.824 446.43 66.9542 10.6099 dienstverlener
141.02 446.43 56.1929 10.6099 voorschrijft.
200.57 446.43 14.6419 10.6099 Als
218.438 446.43 54.3514 10.6099 Consument
276.026 446.43 10.8058 10.6099 bij
289.931 446.43 15.1142 10.6099 het
308.282 446.43 51.3562 10.6099 voorleggen
362.864 446.43 15.7248 10.6099 van
381.687 446.43 15.6096 10.6099 zijn
400.5 446.43 29.5488 10.6099 Klacht
433.17 446.43 15.5981 10.6099 aan
451.994 446.43 11.3933 10.6099 de
466.624 446.43 45.3658 10.6099 Financiële

70.824 459.75 66.9542 10.6099 dienstverlener
141.015 459.75 11.2781 10.6099 de
155.519 459.75 27.7171 10.6099 aldaar
186.347 459.75 41.3914 10.6099 geldende
230.975 459.75 48.8333 10.6099 procedure
283.045 459.75 17.6371 10.6099 niet
303.793 459.75 23.3971 10.6099 heeft
330.427 459.75 37.6819 10.6099 gevolgd,
371.208 459.75 16.1971 10.6099 kan
390.82 459.75 11.3933 10.6099 de
405.324 459.75 96.6067 10.6099 Geschillencommissie

70.824 473.07 44.5133 10.6099 verlangen
118.563 473.07 14.6189 10.6099 dat
136.315 473.07 10.7942 10.6099 hij
150.347 473.07 12.2227 10.6099 dit
165.703 473.07 28.7942 10.6099 alsnog
197.723 473.07 24.0883 10.6099 doet.

70.824 486.39 14.0429 10.6099 3.2
88.0925 486.39 14.6419 10.6099 Als
105.98 486.39 11.3933 10.6099 de
120.5 486.39 45.4867 10.6099 Financiële
169.13 486.39 66.839 10.6099 dienstverlener
239.172 486.39 11.4163 10.6099 de
253.698 486.39 29.641 10.6099 Klacht
286.565 486.39 8.28288 10.6099 in
297.947 486.39 11.3933 10.6099 de
312.577 486.39 33.3504 10.6099 interne
349.165 486.39 76.5397 10.6099 klachtprocedure
428.98 486.39 17.5104 10.6099 niet
449.74 486.39 23.5123 10.6099 heeft

70.824 499.71 54.4762 10.6099 afgehandeld
128.54 499.71 30.9542 10.6099 binnen
162.74 499.71 14.7571 10.6099 zes
180.608 499.71 30.4704 10.6099 weken
214.315 499.71 10.679 10.6099 na
228.22 499.71 11.2781 10.6099 de
242.723 499.71 95.3971 10.6099 ontvangstbevestiging
341.358 499.71 15.5981 10.6099 aan
360.078 499.71 54.4666 10.6099 Consument
417.666 499.71 23.04 10.6099 door
443.932 499.71 11.3933 10.6099 de
458.562 499.71 45.3542 10.6099 Financiële

70.824 513.15 66.9542 10.6099 dienstverlener
141.015 513.15 9.12384 10.6099 of
153.365 513.15 31.081 10.6099 binnen
187.556 513.15 19.4458 10.6099 acht
210.228 513.15 30.5971 10.6099 weken
244.062 513.15 10.5638 10.6099 na
257.851 513.15 41.161 10.6099 indiening
302.123 513.15 15.5981 10.6099 van
320.946 513.15 11.3933 10.6099 de
335.71 513.15 32.1629 10.6099 Klacht,
370.972 513.15 16.1971 10.6099 kan
390.291 513.15 54.3514 10.6099 Consument
447.879 513.15 11.3933 10.6099 de
462.51 513.15 29.5142 10.6099 Klacht
495.261 513.15 15.5981 10.6099 aan

70.824 526.47 11.3933 10.6099 de
85.4544 526.47 96.5952 10.6099 Geschillencommissie
185.33 526.47 53.879 10.6099 voorleggen.
242.435 526.47 13.4438 10.6099 Hij
258.977 526.47 24.5952 10.6099 moet
286.81 526.47 10.8058 10.6099 bij
300.714 526.47 15.0718 10.6099 het
319.023 526.47 39.2371 10.6099 indienen
361.498 526.47 15.5981 10.6099 van
380.321 526.47 15.6096 10.6099 zijn
399.041 526.47 29.641 10.6099 Klacht
431.804 526.47 16.5542 10.6099 dan
451.595 526.47 49.2019 10.6099 vermelden
503.896 526.47 12.119 10.6099 op

70.824 539.79 27.36 10.6099 welke
101.41 539.79 29.2723 10.6099 datum
133.792 539.79 10.8058 10.6099 hij
147.801 539.79 10.8058 10.6099 bij
161.78 539.79 11.4281 10.6099 de
176.434 539.79 45.3658 10.6099 Financiële
225.002 539.79 66.8621 10.6099 dienstverlener
295.15 539.79 23.3971 10.6099 heeft
321.784 539.79 41.6333 10.6099 geklaagd.
366.528 539.79 13.4438 10.6099 Hij
383.174 539.79 24.5952 10.6099 moet
410.914 539.79 18.2362 10.6099 ook
432.157 539.79 34.0762 10.6099 melden
469.471 539.79 14.6304 10.6099 dat
487.3 539.79 11.3981 10.6099 de

70.824 553.11 29.641 10.6099 Klacht
103.691 553.11 23.1552 10.6099 door
129.98 553.11 11.3981 10.6099 de
144.604 553.11 45.3658 10.6099 Financiële
193.08 553.11 66.9542 10.6099 dienstverlener
263.33 553.11 17.5104 10.6099 niet
284.078 553.11 31.081 10.6099 binnen
318.31 553.11 11.3933 10.6099 de
332.94 553.11 48.2342 10.6099 genoemde
384.412 553.11 52.2086 10.6099 termijn(en)
439.719 553.11 6.95808 10.6099 is
449.903 553.11 56.9799 10.6099 afgehandeld.

70.824 686.46 27.4867 10.6099 Artikel
101.54 686.46 6.00192 10.6099 4
110.78 686.46 18.2477 10.6099 Hoe
132.127 686.46 21.9686 10.6099 moet
157.298 686.46 15.4944 10.6099 een
175.914 686.46 26.9914 10.6099 Klacht
206.143 686.46 31.703 10.6099 worden
241.048 686.46 45.0317 10.6099 ingediend?

70.824 699.78 14.04 10.6099 4.1
88.104 699.78 17.0381 10.6099 Een
108.38 699.78 29.5142 10.6099 Klacht
141.131 699.78 24.5952 10.6099 moet
168.837 699.78 8.28288 10.6099 in
180.345 699.78 11.3933 10.6099 de
194.849 699.78 59.5008 10.6099 Nederlandse
257.472 699.78 9.23904 10.6099 of
269.936 699.78 34.3181 10.6099 Engelse
307.492 699.78 16.0819 10.6099 taal
326.799 699.78 15.5981 10.6099 aan
345.79 699.78 11.3933 10.6099 de
360.294 699.78 96.4685 10.6099 Geschillencommissie
460.06 699.78 48.4954 10.6099 Schriftelijk

70.824 713.22 36.3571 10.6099 worden
110.407 713.22 53.9942 10.6099 voorgelegd.
167.638 713.22 45.2506 10.6099 Daarvoor
216.091 713.22 24.5952 10.6099 moet
243.831 713.22 34.56 10.6099 gebruik
281.617 713.22 36.1152 10.6099 worden
320.958 713.22 38.5114 10.6099 gemaakt
362.603 713.22 15.7248 10.6099 van
381.53 713.22 15.1373 10.6099 het
399.778 713.22 12.119 10.6099 op
415.3 713.22 57.3696 10.6099 www.kifid.nl

70.824 726.9 55.319 10.6099 beschikbare
129.369 726.9 70.9171 10.6099 klachtformulier
203.57 726.568 9.48 11.052 of
216.276 726.9 11.3933 10.6099 de
230.906 726.9 32.521 10.6099 digitale
266.653 726.9 43.8106 10.6099 omgeving
313.562 726.9 15.7248 10.6099 van
332.489 726.9 19.8259 10.6099 Mijn
355.414 726.9 21.3581 10.6099 Kifid
380.11 726.9 22.5677 10.6099 waar
405.94 726.9 11.3933 10.6099 de
420.444 726.9 20.16 10.6099 daar
443.829 726.9 37.1981 10.6099 gegeven

70.824 740.456 48.2314 10.6099 instructies
122.3 740.456 35.7581 10.6099 moeten
161.3 740.456 36.1267 10.6099 worden
200.652 740.456 37.6819 10.6099 gevolgd.
241.61 740.456 14.0429 10.6099 De
258.878 740.456 96.5952 10.6099 Geschillencommissie
358.75 740.456 16.1971 10.6099 kan
378.058 740.456 22.3258 10.6099 voor
403.586 740.456 60.3878 10.6099 verschillende
467.199 740.456 36.8294 10.6099 soorten

70.824 753.776 40.9392 10.6099 Klachten
114.972 753.776 60.4915 10.6099 verschillende
178.694 753.776 54.7488 10.6099 formulieren
236.652 753.776 65.8973 10.6099 voorschrijven.

519 37.56 5.59728 11.04 3

70.824 86.2597 14.0429 10.6099 4.2
88.0925 86.2597 11.5315 10.6099 Bij
102.827 86.2597 15.1142 10.6099 het
121.074 86.2597 39.2371 10.6099 indienen
163.548 86.2597 15.5981 10.6099 van
182.372 86.2597 11.2781 10.6099 de
196.876 86.2597 29.641 10.6099 Klacht
229.742 86.2597 24.48 10.6099 moet
257.46 86.2597 54.2362 10.6099 Consument
315.19 86.2597 11.3933 10.6099 de
329.82 86.2597 26.0352 10.6099 feiten
358.966 86.2597 49.2019 10.6099 vermelden
411.267 86.2597 34.6867 10.6099 waarop
449.179 86.2597 11.3933 10.6099 de
463.81 86.2597 29.5142 10.6099 Klacht

70.824 99.5797 49.4323 10.6099 betrekking
123.493 99.5797 25.4166 10.6099 heeft,
152.18 99.5797 22.5562 10.6099 waar
177.962 99.5797 38.6496 10.6099 mogelijk
219.814 99.5797 28.0973 10.6099 onder
251.137 99.5797 46.3334 10.6099 verwijzing
300.673 99.5797 20.0678 10.6099 naar
323.966 99.5797 65.2838 10.6099 bewijsstukken
392.476 99.5797 34.8019 10.6099 waaruit
430.273 99.5797 21.7152 10.6099 deze
455.225 99.5797 26.0352 10.6099 feiten
484.382 99.5797 32.6477 10.6099 blijken.

70.824 112.9 13.4438 10.6099 Hij
87.4704 112.9 24.5952 10.6099 moet
115.314 112.9 41.161 10.6099 uitleggen
159.712 112.9 17.0381 10.6099 wat
179.93 112.9 11.3981 10.6099 de
194.438 112.9 45.4925 10.6099 Financiële
243.134 112.9 66.8621 10.6099 dienstverlener
313.03 112.9 20.16 10.6099 naar
336.416 112.9 15.6096 10.6099 zijn
355.228 112.9 33.2698 10.6099 mening
391.78 112.9 41.9904 10.6099 verkeerd
436.881 112.9 23.5123 10.6099 heeft
463.63 112.9 31.7952 10.6099 gedaan
498.72 112.9 9.23904 10.6099 of

70.824 126.34 15.1142 10.6099 ten
89.1754 126.34 42.359 10.6099 onrechte
134.645 126.34 17.6371 10.6099 niet
155.519 126.34 23.3971 10.6099 heeft
182.153 126.34 31.7952 10.6099 gedaan
217.25 126.34 11.2781 10.6099 en
231.754 126.34 16.9114 10.6099 wat
251.93 126.34 21.7296 10.6099 deze
276.79 126.34 16.9229 10.6099 zou
296.938 126.34 35.6314 10.6099 moeten
335.807 126.34 23.5123 10.6099 doen
362.43 126.34 15.241 10.6099 om
380.896 126.34 15.1142 10.6099 (de
399.121 126.34 40.4352 10.6099 gevolgen
442.782 126.34 19.4458 10.6099 van)
465.43 126.34 11.4163 10.6099 de
480.1 126.34 18.8352 10.6099 fout
502.2 126.34 9.12384 10.6099 of

70.824 139.66 34.681 10.6099 omissie
108.74 139.66 22.6714 10.6099 goed
134.522 139.66 9.35424 10.6099 te
147.113 139.66 33.0048 10.6099 maken.

70.824 152.98 14.0429 10.6099 4.3
88.0925 152.98 14.6419 10.6099 Als
105.96 152.98 54.3514 10.6099 Consument
163.548 152.98 22.9133 10.6099 vindt
189.595 152.98 14.6304 10.6099 dat
207.53 152.98 11.3981 10.6099 de
222.154 152.98 45.3658 10.6099 Financiële
270.722 152.98 66.7469 10.6099 dienstverlener
340.75 152.98 16.7962 10.6099 een
360.783 152.98 50.2733 10.6099 geldbedrag
414.178 152.98 24.48 10.6099 moet
441.896 152.98 36.3571 10.6099 betalen,
481.375 152.98 24.5952 10.6099 moet
509.207 152.98 10.8058 10.6099 hij

70.824 166.3 49.2019 10.6099 vermelden
123.252 166.3 21.8419 10.6099 welk
148.192 166.3 31.5533 10.6099 bedrag
182.856 166.3 14.5152 10.6099 dat
200.608 166.3 16.9229 10.6099 zou
220.757 166.3 35.7581 10.6099 moeten
259.74 166.3 15.6096 10.6099 zijn
278.46 166.3 11.2781 10.6099 en
292.964 166.3 17.6371 10.6099 hoe
313.608 166.3 10.8058 10.6099 hij
327.616 166.3 14.0544 10.6099 tot
344.908 166.3 11.3933 10.6099 de
359.412 166.3 32.7514 10.6099 hoogte
395.273 166.3 15.7248 10.6099 van
414.201 166.3 14.5382 10.6099 dat
431.861 166.3 31.5533 10.6099 bedrag
466.651 166.3 6.95808 10.6099 is
476.731 166.3 44.9971 10.6099 gekomen.

70.824 179.62 14.0429 10.6099 4.4
88.0925 179.62 18.3514 10.6099 Met
109.681 179.62 11.3933 10.6099 de
124.185 179.62 29.641 10.6099 Klacht
156.936 179.62 23.5123 10.6099 dient
183.582 179.62 54.3514 10.6099 Consument
241.25 179.62 49.7894 10.6099 geordende
294.173 179.62 36.841 10.6099 kopieën
334.251 179.62 19.7914 10.6099 (dus
357.279 179.62 21.6 10.6099 geen
382.117 179.62 40.0781 10.6099 originele
425.42 179.62 39.9514 10.6099 stukken)
468.609 179.62 8.28288 10.6099 in
480.117 179.62 9.35424 10.6099 te
492.582 179.62 29.8714 10.6099 sturen

70.824 192.94 15.7248 10.6099 van
89.7514 192.94 11.4163 10.6099 de
104.393 192.94 43.0733 10.6099 relevante
150.704 192.94 65.1456 10.6099 bewijsstukken
219.086 192.94 26.761 10.6099 (zoals
248.969 192.94 58.3258 10.6099 bijvoorbeeld
310.394 192.94 79.7875 10.6099 correspondentie,
393.303 192.94 80.9971 10.6099 overeenkomsten,

70.824 206.26 80.2368 10.6099 verzekeringspolis
154.194 206.26 11.2723 10.6099 en
168.704 206.26 86.1235 10.6099 polisvoorwaarden,
258.076 206.26 100.918 10.6099 rekeningoverzichten),
362.196 206.26 53.1878 10.6099 waaronder,
418.66 206.26 27.8362 10.6099 indien
449.733 206.26 44.1677 10.6099 aanwezig,
497.04 206.26 11.3981 10.6099 de

70.824 219.7 53.1293 10.6099 schriftelijke
127.22 219.7 27.5962 10.6099 klacht
157.927 219.7 13.9162 10.6099 die
175.08 219.7 10.8058 10.6099 hij
188.881 219.7 31.5533 10.6099 eerder
223.671 219.7 15.5981 10.6099 aan
242.38 219.7 11.3933 10.6099 de
257.09 219.7 45.3629 10.6099 Financiële
305.678 219.7 66.839 10.6099 dienstverlener
375.79 219.7 23.3971 10.6099 heeft
402.424 219.7 40.4467 10.6099 gestuurd
446.097 219.7 11.2781 10.6099 en
460.66 219.7 11.3933 10.6099 de
475.164 219.7 47.52 10.6099 definitieve

70.824 233.02 53.1293 10.6099 schriftelijke
127.202 233.02 39.0874 10.6099 afwijzing
169.49 233.02 35.8848 10.6099 daarvan
208.61 233.02 23.1696 10.6099 door
234.89 233.02 11.3981 10.6099 de
249.514 233.02 45.4925 10.6099 Financiële
298.094 233.02 69.4194 10.6099 dienstverlener.
370.75 233.02 14.1581 10.6099 De
388.018 233.02 96.6067 10.6099 Geschillencommissie
487.9 233.02 16.1971 10.6099 kan

70.824 246.34 35.7581 10.6099 bepalen
109.808 246.34 14.6304 10.6099 dat
127.548 246.34 11.3933 10.6099 de
142.179 246.34 36.841 10.6099 kopieën
182.257 246.34 22.4294 10.6099 langs
207.924 246.34 62.761 10.6099 elektronische
274.01 246.34 18.72 10.6099 weg
295.87 246.34 44.1446 10.6099 ingediend
343.252 246.34 31.4381 10.6099 mogen
377.8 246.34 9.23904 10.6099 of
390.265 246.34 35.7466 10.6099 moeten
429.145 246.34 38.958 10.6099 worden.

70.824 259.69 14.0429 10.6099 4.5
88.0925 259.69 28.3162 10.6099 Indien
119.646 259.69 22.199 10.6099 voor
145.07 259.69 11.3933 10.6099 de
159.574 259.69 55.561 10.6099 beoordeling
218.361 259.69 15.7248 10.6099 van
237.288 259.69 16.7155 10.6099 een
257.229 259.69 29.641 10.6099 Klacht
289.98 259.69 43.4419 10.6099 medische
336.648 259.69 41.6333 10.6099 gegevens
381.392 259.69 15.7248 10.6099 van
400.319 259.69 54.2707 10.6099 Consument
457.827 259.69 58.0838 10.6099 noodzakelijk

70.824 273.01 18.1325 10.6099 zijn,
92.159 273.01 23.5123 10.6099 dient
118.932 273.01 54.3514 10.6099 Consument
176.416 273.01 16.7962 10.6099 een
196.323 273.01 43.5571 10.6099 medische
243.002 273.01 49.0867 10.6099 machtiging
295.199 273.01 7.79904 10.6099 af
306.224 273.01 9.35424 10.6099 te
318.688 273.01 29.2838 10.6099 geven.
351.31 273.01 14.1581 10.6099 De
368.578 273.01 96.5952 10.6099 Geschillencommissie
468.46 273.01 45.3542 10.6099 behandelt

70.824 286.33 11.3933 10.6099 de
85.4544 286.33 29.641 10.6099 Klacht
118.217 286.33 31.0694 10.6099 anders
152.524 286.33 20.0333 10.6099 niet.

70.824 299.65 29.2954 10.6099 Binnen
103.322 299.65 26.0582 10.6099 Finnet
132.62 299.65 18.8582 10.6099 (een
154.566 299.65 39.721 10.6099 Europees
197.512 299.65 100.581 10.6099 samenwerkingsverband
301.181 299.65 14.999 10.6099 van
319.405 299.65 40.3546 10.6099 financiële
362.962 299.65 78.8429 10.6099 klachteninstituten)
445.18 299.65 6.24384 10.6099 is
454.626 299.65 40.4813 10.6099 gangbaar
498.195 299.65 15.5981 10.6099 ook

110.42 313.09 7.56864 10.6099 in
121.191 313.09 13.6858 10.6099 het
138.01 313.09 27.4867 10.6099 Engels
168.7 313.09 8.20224 10.6099 te
180.104 313.09 49.5014 10.6099 accepteren.
232.85 313.09 12.6058 10.6099 De
248.658 313.09 42.0365 10.6099 Financiële
293.794 313.09 59.4317 10.6099 dienstverlener
356.47 313.09 6.24384 10.6099 is
365.916 313.09 15.8515 10.6099 niet
384.901 313.09 36.023 10.6099 verplicht
424.127 313.09 7.56864 10.6099 in
434.806 313.09 13.6858 10.6099 het
451.694 313.09 27.5098 10.6099 Engels
482.303 313.09 8.28288 10.6099 te

70.824 326.41 50.6352 10.6099 procederen.
124.696 326.41 16.1856 10.6099 Dat
144.119 326.41 16.0704 10.6099 kan
163.34 326.41 14.2867 10.6099 wel
180.89 326.41 11.6467 10.6099 als
195.65 326.41 10.4458 10.6099 de
209.298 326.41 42.0365 10.6099 Financiële
254.537 326.41 59.4662 10.6099 dienstverlener
317.11 326.41 33.241 10.6099 daartoe
353.582 326.41 26.6544 10.6099 bereid
383.434 326.41 8.42688 10.6099 is.
395.14 326.41 12.6029 10.6099 De
410.968 326.41 39.9629 10.6099 uitspraak
454.157 326.41 6.24384 10.6099 is
463.603 326.41 20.5402 10.6099 altijd
487.381 326.41 25.2288 10.6099 alleen
515.685 326.41 7.56864 10.6099 in

70.824 339.73 13.6858 10.6099 het
87.7123 339.73 51.7594 10.6099 Nederlands.

70.824 366.37 27.4867 10.6099 Artikel
101.54 366.37 8.28096 10.6099 5.
113.06 366.37 32.7859 10.6099 Termijn
148.922 366.37 15.1258 10.6099 van
167.25 366.37 37.9584 10.6099 indiening

70.824 379.69 14.0429 10.6099 5.1
88.0925 379.69 14.1581 10.6099 De
105.476 379.69 29.5142 10.6099 Klacht
138.228 379.69 24.5952 10.6099 moet
166.01 379.69 10.8058 10.6099 bij
180.05 379.69 11.3933 10.6099 de
194.554 379.69 96.5952 10.6099 Geschillencommissie
294.43 379.69 36.2304 10.6099 worden
333.898 379.69 44.2714 10.6099 ingediend
381.279 379.69 31.081 10.6099 binnen
415.471 379.69 16.7962 10.6099 een
435.389 379.69 16.9229 10.6099 jaar
455.537 379.69 25.3094 10.6099 nadat

70.824 393.01 54.4973 10.6099 Consument
128.532 393.01 15.6211 10.6099 zijn
147.26 393.01 29.641 10.6099 Klacht
180.011 393.01 15.4829 10.6099 aan
198.77 393.01 11.3981 10.6099 de
213.394 393.01 45.3542 10.6099 Financiële
261.974 393.01 66.7123 10.6099 dienstverlener
331.99 393.01 23.5123 10.6099 heeft
358.739 393.01 54.0434 10.6099 voorgelegd.
415.882 393.01 24.3648 10.6099 Deze
443.472 393.01 33.6038 10.6099 termijn
480.279 393.01 16.105 10.6099 kan
499.609 393.01 17.6371 10.6099 niet

70.824 406.33 36.3427 10.6099 worden
110.42 406.33 35.401 10.6099 verkort
148.931 406.33 23.1552 10.6099 door
175.197 406.33 11.3933 10.6099 de
189.827 406.33 44.7667 10.6099 termijnen
237.797 406.33 13.9392 10.6099 die
254.961 406.33 15.4829 10.6099 zijn
273.67 406.33 42.7162 10.6099 genoemd
319.496 406.33 8.28288 10.6099 in
331.15 406.33 14.0429 10.6099 5.2
348.418 406.33 13.9162 10.6099 tot
365.572 406.33 11.2781 10.6099 en
379.96 406.33 18.2362 10.6099 met
401.434 406.33 16.6294 10.6099 5.4.

70.824 419.77 14.0429 10.6099 5.2
88.0925 419.77 14.1581 10.6099 De
105.476 419.77 29.5142 10.6099 Klacht
138.228 419.77 24.5952 10.6099 moet
165.933 419.77 36.2419 10.6099 worden
205.401 419.77 44.2714 10.6099 ingediend
252.782 419.77 31.081 10.6099 binnen
286.985 419.77 18.4781 10.6099 drie
308.585 419.77 41.6333 10.6099 maanden
353.456 419.77 10.679 10.6099 na
367.245 419.77 11.3933 10.6099 de
381.876 419.77 54.8352 10.6099 dagtekening
439.936 419.77 15.7248 10.6099 van
458.864 419.77 11.4163 10.6099 de
473.39 419.77 21.2429 10.6099 brief
497.859 419.77 9.12384 10.6099 of

70.824 433.11 15.1142 10.6099 het
89.1754 433.11 33.0048 10.6099 bericht
125.42 433.11 30.839 10.6099 waarin
159.485 433.11 11.3933 10.6099 de
173.988 433.11 45.4236 10.6099 Financiële
222.638 433.11 66.839 10.6099 dienstverlener
292.702 433.11 39.721 10.6099 definitief
335.71 433.11 15.6096 10.6099 zijn
354.522 433.11 45.8496 10.6099 standpunt
403.609 433.11 21.3581 10.6099 over
428.193 433.11 11.2781 10.6099 de
442.696 433.11 29.641 10.6099 Klacht
475.563 433.11 15.4829 10.6099 aan

70.824 446.43 54.4973 10.6099 Consument
128.532 446.43 36.864 10.6099 kenbaar
168.606 446.43 23.4125 10.6099 heeft
195.102 446.43 41.0611 10.6099 gemaakt,
239.33 446.43 19.6762 10.6099 mits
262.243 446.43 8.28288 10.6099 in
273.625 446.43 13.9162 10.6099 die
290.778 446.43 21.2429 10.6099 brief
315.12 446.43 28.9152 10.6099 wordt
347.272 446.43 44.8819 10.6099 verwezen
395.38 446.43 20.16 10.6099 naar
418.65 446.43 21.2314 10.6099 Kifid
443.119 446.43 11.2781 10.6099 en
457.78 446.43 28.8 10.6099 wordt

70.824 459.75 40.3258 10.6099 gewezen
114.354 459.75 12.12 10.6099 op
129.61 459.75 11.3942 10.6099 de
144.243 459.75 96.05 10.6099 driemaandentermijn.

70.824 473.07 14.0429 10.6099 5.3
88.104 473.07 14.6419 10.6099 Als
105.972 473.07 11.3933 10.6099 de
120.475 473.07 45.5115 10.6099 Financiële
169.086 473.07 66.839 10.6099 dienstverlener
239.127 473.07 10.8058 10.6099 bij
253.25 473.07 14.999 10.6099 het
271.486 473.07 47.541 10.6099 schriftelijk
322.253 473.07 36.9562 10.6099 kenbaar
362.331 473.07 30.5971 10.6099 maken
396.165 473.07 15.7248 10.6099 van
414.989 473.07 15.6096 10.6099 zijn
433.709 473.07 47.52 10.6099 definitieve

70.824 486.39 45.9802 10.6099 standpunt
120.02 486.39 16.3238 10.6099 wel
139.443 486.39 23.5123 10.6099 heeft
166.065 486.39 40.2048 10.6099 gewezen
209.496 486.39 12.119 10.6099 op
224.84 486.39 23.881 10.6099 Kifid,
251.832 486.39 23.2819 10.6099 maar
278.213 486.39 17.6371 10.6099 niet
299.087 486.39 23.3971 10.6099 heeft
325.721 486.39 40.32 10.6099 gewezen
369.152 486.39 12.119 10.6099 op
384.496 486.39 11.3933 10.6099 de
399 486.39 33.6038 10.6099 termijn
435.703 486.39 15.7248 10.6099 van
454.63 486.39 18.5011 10.6099 drie
476.23 486.39 44.1562 10.6099 maanden,

70.824 499.71 24.5952 10.6099 moet
98.6563 499.71 54.3514 10.6099 Consument
156.245 499.71 11.3933 10.6099 de
170.81 499.71 29.5142 10.6099 Klacht
203.57 499.71 39.217 10.6099 indienen
245.926 499.71 31.0666 10.6099 binnen
280.236 499.71 16.7904 10.6099 een
300.154 499.71 39.9992 10.6099 redelijke
343.378 499.71 33.6038 10.6099 termijn
380.081 499.71 10.679 10.6099 na
393.986 499.71 11.3933 10.6099 de
408.49 499.71 41.6134 10.6099 afwijzing.

70.824 513.15 14.04 10.6099 5.4
88.104 513.15 14.6342 10.6099 Als
105.98 513.15 11.3981 10.6099 de
120.488 513.15 45.4925 10.6099 Financiële
169.068 513.15 66.839 10.6099 dienstverlener
239.21 513.15 10.8058 10.6099 bij
253.25 513.15 14.999 10.6099 het
271.49 513.15 36.841 10.6099 kenbaar
311.453 513.15 30.5971 10.6099 maken
345.287 513.15 15.7248 10.6099 van
364.214 513.15 15.5174 10.6099 zijn
382.99 513.15 47.5334 10.6099 definitieve
433.54 513.15 45.9802 10.6099 standpunt
482.74 513.15 17.6371 10.6099 niet

70.824 526.47 23.5123 10.6099 heeft
97.5734 526.47 40.32 10.6099 gewezen
141.004 526.47 12.119 10.6099 op
156.348 526.47 11.3933 10.6099 de
170.852 526.47 58.3258 10.6099 mogelijkheid
232.404 526.47 11.3933 10.6099 de
246.919 526.47 29.641 10.6099 Klacht
279.785 526.47 15.4829 10.6099 aan
298.63 526.47 15.1142 10.6099 (de
316.855 526.47 96.5952 10.6099 Geschillencommissie
416.675 526.47 14.5267 10.6099 bij)
434.38 526.47 21.3696 10.6099 Kifid
458.98 526.47 22.3258 10.6099 voor
484.508 526.47 9.2736 10.6099 te

70.824 539.79 31.6627 10.6099 leggen,
105.73 539.79 24.5866 10.6099 moet
133.444 539.79 54.4435 10.6099 Consument
190.923 539.79 11.3904 10.6099 de
205.556 539.79 29.6266 10.6099 Klacht
238.426 539.79 39.1018 10.6099 indienen
280.77 539.79 30.9514 10.6099 binnen
314.838 539.79 16.7904 10.6099 een
334.871 539.79 39.9629 10.6099 redelijke
378.065 539.79 33.5866 10.6099 termijn
414.78 539.79 25.1942 10.6099 nadat
443.205 539.79 10.8 10.6099 hij
457.236 539.79 37.4342 10.6099 begreep
497.902 539.79 9.23616 10.6099 of

70.824 553.11 16.5542 10.6099 had
90.6154 553.11 39.2371 10.6099 behoren
132.963 553.11 9.35424 10.6099 te
145.554 553.11 42.7277 10.6099 begrijpen
191.392 553.11 14.6304 10.6099 dat
209.26 553.11 10.8058 10.6099 hij
223.268 553.11 18.2362 10.6099 met
244.649 553.11 15.6096 10.6099 zijn
263.461 553.11 29.5488 10.6099 Klacht
296.236 553.11 10.8058 10.6099 bij
310.39 553.11 14.999 10.6099 (de
328.626 553.11 96.5952 10.6099 Geschillencommissie
428.458 553.11 14.4 10.6099 bij)
446.14 553.11 21.3581 10.6099 Kifid
470.724 553.11 33.961 10.6099 terecht

70.824 566.43 20.16 10.6099 kon.
94.2096 566.43 17.3952 10.6099 Dat
114.842 566.43 22.5562 10.6099 geldt
140.635 566.43 18.2362 10.6099 ook
161.982 566.43 11.8771 10.6099 als
177.05 566.43 11.3981 10.6099 de
191.57 566.43 45.4925 10.6099 Financiële
240.265 566.43 66.8506 10.6099 dienstverlener
310.39 566.43 8.15616 10.6099 in
321.772 566.43 11.3933 10.6099 de
336.402 566.43 33.3869 10.6099 interne
373.03 566.43 76.3238 10.6099 klachtprocedure
452.56 566.43 17.6429 10.6099 niet
473.456 566.43 30.9638 10.6099 binnen

70.824 579.75 19.5638 10.6099 acht
93.624 579.75 30.5971 10.6099 weken
127.343 579.75 23.5123 10.6099 heeft
154.092 579.75 51.5981 10.6099 gereageerd
208.928 579.75 12.119 10.6099 op
224.272 579.75 11.3933 10.6099 de
238.776 579.75 32.1638 10.6099 Klacht.

70.824 593.07 14.04 10.6099 5.5
88.104 593.07 24.2381 10.6099 Voor
115.568 593.07 11.2781 10.6099 de
130.071 593.07 37.7971 10.6099 datering
171.094 593.07 15.7248 10.6099 van
189.929 593.07 11.3933 10.6099 de
204.56 593.07 29.641 10.6099 Klacht
237.426 593.07 6.83136 10.6099 is
247.495 593.07 11.3933 10.6099 de
262.01 593.07 15.7133 10.6099 dag
280.96 593.07 15.7248 10.6099 van
299.784 593.07 44.7552 10.6099 ontvangst
347.776 593.07 15.7248 10.6099 van
366.6 593.07 11.3933 10.6099 de
381.23 593.07 29.5142 10.6099 Klacht
413.982 593.07 23.04 10.6099 door
440.5 593.07 11.3981 10.6099 de

70.824 606.42 96.6701 10.6099 Geschillencommissie
170.69 606.42 44.041 10.6099 bepalend.

70.824 619.86 14.04 10.6099 5.6
88.104 619.86 14.6419 10.6099 Als
105.972 619.86 54.3514 10.6099 Consument
163.456 619.86 11.3933 10.6099 de
178.087 619.86 29.5258 10.6099 Klacht
210.838 619.86 9.35424 10.6099 te
223.429 619.86 16.1971 10.6099 laat
242.81 619.86 23.5123 10.6099 heeft
269.45 619.86 46.7029 10.6099 ingediend,
319.378 619.86 16.1971 10.6099 kan
338.83 619.86 11.3933 10.6099 de
353.334 619.86 96.5933 10.6099 Geschillencommissie
453.22 619.86 11.3933 10.6099 de
467.85 619.86 29.5258 10.6099 Klacht
500.602 619.86 21.001 10.6099 toch

70.824 633.18 55.4342 10.6099 behandelen:

70.824 646.5 8.64 10.6099 a)
82.6896 646.5 11.8771 10.6099 als
97.8038 646.5 54.3514 10.6099 Consument
155.392 646.5 20.0448 10.6099 naar
178.663 646.5 14.999 10.6099 het
196.899 646.5 36.7142 10.6099 oordeel
236.85 646.5 15.5981 10.6099 van
255.674 646.5 11.3933 10.6099 de
270.178 646.5 49.2019 10.6099 Voorzitter
322.605 646.5 15.7248 10.6099 van
341.532 646.5 11.4163 10.6099 de
356.059 646.5 98.761 10.6099 termijnoverschrijding
458.046 646.5 21.9323 10.6099 geen
483.204 646.5 32.1638 10.6099 verwijt

70.824 659.82 16.1971 10.6099 kan
90.2467 659.82 36.3571 10.6099 worden
129.714 659.82 38.5114 10.6099 gemaakt
171.336 659.82 11.2781 10.6099 en
185.93 659.82 11.2781 10.6099 de
200.434 659.82 98.8762 10.6099 termijnoverschrijding
302.547 659.82 17.5104 10.6099 niet
323.294 659.82 48.5914 10.6099 anderszins
374.996 659.82 22.3258 10.6099 voor
400.525 659.82 15.5059 10.6099 zijn
419.256 659.82 39.9629 10.6099 rekening
462.445 659.82 11.2781 10.6099 en
476.948 659.82 25.321 10.6099 risico

70.824 673.14 38.1542 10.6099 behoort
112.215 673.14 9.35424 10.6099 te
124.68 673.14 32.1754 10.6099 blijven,
160.1 673.14 19.6762 10.6099 mits
182.93 673.14 14.999 10.6099 het
201.17 673.14 29.399 10.6099 belang
233.795 673.14 15.5981 10.6099 van
252.65 673.14 11.3981 10.6099 de
267.158 673.14 45.3542 10.6099 Financiële
315.738 673.14 66.9542 10.6099 dienstverlener
385.87 673.14 23.1552 10.6099 door
412.136 673.14 11.3933 10.6099 de
426.651 673.14 49.6742 10.6099 vertraagde

70.824 686.46 54.8352 10.6099 behandeling
128.896 686.46 17.6371 10.6099 niet
149.644 686.46 46.5523 10.6099 onredelijk
199.422 686.46 28.9152 10.6099 wordt
231.574 686.46 43.994 10.6099 geschaad;

70.824 699.78 9.48096 10.6099 b)
83.5306 699.78 11.8771 10.6099 als
98.664 699.78 12.119 10.6099 uit
113.893 699.78 11.3933 10.6099 de
128.524 699.78 68.3942 10.6099 proceshouding
200.144 699.78 15.7248 10.6099 van
219.17 699.78 11.3981 10.6099 de
233.678 699.78 45.4925 10.6099 Financiële
282.281 699.78 66.8506 10.6099 dienstverlener
352.39 699.78 22.6829 10.6099 blijkt
378.195 699.78 14.6304 10.6099 dat
396.062 699.78 21.7152 10.6099 deze
420.888 699.78 11.3933 10.6099 de
435.392 699.78 29.641 10.6099 Klacht
468.258 699.78 50.5152 10.6099 inhoudelijk

70.824 713.22 53.8675 10.6099 beoordeeld
127.929 713.22 13.3286 10.6099 wil
144.356 713.22 21.1277 10.6099 zien.

519 37.56 5.59728 11.04 4

70.824 86.2597 27.4867 10.6099 Artikel
101.532 86.2597 6.00192 10.6099 6
110.756 86.2597 12.601 10.6099 De
126.464 86.2597 41.1456 10.6099 ontvangst
170.727 86.2597 15.1219 10.6099 van
188.967 86.2597 10.4467 10.6099 de
202.636 86.2597 27.12 10.6099 Klacht

70.824 99.5797 14.1581 10.6099 De
88.2077 99.5797 96.5952 10.6099 Geschillencommissie
187.97 99.5797 41.3914 10.6099 bevestigt
232.598 99.5797 11.3933 10.6099 de
247.102 99.5797 44.8704 10.6099 ontvangst
295.083 99.5797 15.7248 10.6099 van
313.907 99.5797 11.3933 10.6099 de
328.537 99.5797 29.641 10.6099 Klacht
361.288 99.5797 15.5981 10.6099 aan
380.008 99.5797 54.3514 10.6099 Consument
437.597 99.5797 11.2781 10.6099 en
452.26 99.5797 50.2733 10.6099 informeert

70.824 112.9 20.16 10.6099 hem
94.2096 112.9 21.4962 10.6099 over
118.908 112.9 11.3126 10.6099 de
133.447 112.9 36.599 10.6099 verdere
173.156 112.9 20.5171 10.6099 gang
196.784 112.9 15.7248 10.6099 van
215.711 112.9 11.4163 10.6099 de
230.238 112.9 51.4829 10.6099 procedure.

70.824 126.34 27.4867 10.6099 Artikel
101.532 126.34 6.00192 10.6099 7
110.756 126.34 49.9315 10.6099 Beoordeling
163.783 126.34 8.28096 10.6099 of
175.285 126.34 10.4467 10.6099 de
188.81 126.34 27.1238 10.6099 Klacht
219.136 126.34 7.56864 10.6099 in
229.954 126.34 51.7248 10.6099 behandeling
284.777 126.34 16.0819 10.6099 kan
304.085 126.34 31.5763 10.6099 worden
338.864 126.34 39.5021 10.6099 genomen

70.824 139.66 14.0429 10.6099 7.1
88.104 139.66 14.1581 10.6099 De
105.488 139.66 96.4885 10.6099 Geschillencommissie
205.25 139.66 51.8285 10.6099 beoordeelt
260.2 139.66 10.679 10.6099 na
274.105 139.66 11.2781 10.6099 de
288.609 139.66 44.7437 10.6099 ontvangst
336.59 139.66 15.7248 10.6099 van
355.425 139.66 11.3933 10.6099 de
370.055 139.66 29.641 10.6099 Klacht
402.806 139.66 9.23904 10.6099 of
415.167 139.66 21.6 10.6099 deze
439.993 139.66 8.28288 10.6099 in
451.479 139.66 54.743 10.6099 behandeling

70.824 152.98 16.1971 10.6099 kan
90.2467 152.98 36.3571 10.6099 worden
129.714 152.98 42.7162 10.6099 genomen
175.541 152.98 16.5658 10.6099 (zie
195.205 152.98 40.6771 10.6099 artikelen
239.12 152.98 8.3732 10.6099 2,
250.592 152.98 8.28288 10.6099 3,
262.1 152.98 5.76 10.6099 4
271.01 152.98 11.2781 10.6099 en
285.514 152.98 5.76 10.6099 5
294.384 152.98 55.561 10.6099 Reglement).
353.23 152.98 14.1581 10.6099 De
370.614 152.98 96.48 10.6099 Geschillencommissie
470.38 152.98 16.1971 10.6099 kan

70.824 166.3 54.4973 10.6099 Consument
128.532 166.3 40.5888 10.6099 hiervoor
172.331 166.3 15.2448 10.6099 om
190.578 166.3 32.1715 10.6099 nadere
225.96 166.3 52.4928 10.6099 inlichtingen
281.502 166.3 33.1546 10.6099 vragen.

70.824 179.62 14.0429 10.6099 7.2
88.104 179.62 14.6342 10.6099 Als
105.98 179.62 11.3933 10.6099 de
120.484 179.62 96.5952 10.6099 Geschillencommissie
220.37 179.62 23.04 10.6099 vindt
246.53 179.62 14.64 10.6099 dat
264.41 179.62 11.3981 10.6099 de
278.95 179.62 29.641 10.6099 Klacht
311.598 179.62 8.28288 10.6099 in
323.106 179.62 54.8352 10.6099 behandeling
381.052 179.62 16.1971 10.6099 kan
400.474 179.62 36.1152 10.6099 worden
439.815 179.62 45.239 10.6099 genomen,
488.38 179.62 16.0704 10.6099 laat
507.72 179.62 11.3933 10.6099 de

70.824 192.94 96.6701 10.6099 Geschillencommissie
170.69 192.94 21.7152 10.6099 deze
195.516 192.94 42.8314 10.6099 beslissing
241.61 192.94 28.7885 10.6099 weten
273.636 192.94 15.5981 10.6099 aan
292.344 192.94 54.3514 10.6099 Consument
349.933 192.94 11.2781 10.6099 en
364.333 192.94 11.3933 10.6099 de
378.963 192.94 48.3313 10.6099 betrokken
430.416 192.94 45.4925 10.6099 Financiële

70.824 206.26 69.4771 10.6099 dienstverlener.
143.54 206.26 24.3648 10.6099 Deze
171.13 206.26 42.7162 10.6099 beslissing
217.13 206.26 6.95808 10.6099 is
227.314 206.26 44.2829 10.6099 voorlopig
274.85 206.26 8.28288 10.6099 in
286.232 206.26 11.3933 10.6099 de
300.862 206.26 13.0867 10.6099 zin
317.048 206.26 15.7248 10.6099 van
335.975 206.26 29.4221 10.6099 artikel
368.496 206.26 8.28288 10.6099 9.

70.824 219.7 14.0429 10.6099 7.3
88.0925 219.7 14.6419 10.6099 Als
105.98 219.7 11.3933 10.6099 de
120.484 219.7 96.5952 10.6099 Geschillencommissie
220.37 219.7 23.04 10.6099 vindt
246.53 219.7 14.6304 10.6099 dat
264.398 219.7 11.3933 10.6099 de
278.901 219.7 29.641 10.6099 Klacht
311.549 219.7 17.6782 10.6099 niet
332.453 219.7 8.28288 10.6099 in
343.961 219.7 54.72 10.6099 behandeling
401.907 219.7 16.0819 10.6099 kan
421.214 219.7 36.2304 10.6099 worden
460.682 219.7 45.1238 10.6099 genomen,

70.824 233.02 16.1885 10.6099 laat
90.264 233.02 11.3933 10.6099 de
104.894 233.02 96.48 10.6099 Geschillencommissie
204.65 233.02 21.7152 10.6099 deze
229.602 233.02 42.7162 10.6099 beslissing
275.556 233.02 28.8 10.6099 weten
307.581 233.02 15.4829 10.6099 aan
326.35 233.02 57.0029 10.6099 Consument.
386.452 233.02 17.3952 10.6099 Dat
406.969 233.02 21.5885 10.6099 doet
431.74 233.02 11.3981 10.6099 de

70.824 246.34 96.6701 10.6099 Geschillencommissie
170.69 246.34 47.52 10.6099 schriftelijk
221.45 246.34 11.2781 10.6099 en
235.954 246.34 27.959 10.6099 onder
267.15 246.34 32.3942 10.6099 opgave
302.77 246.34 15.5981 10.6099 van
321.593 246.34 41.1195 10.6099 redenen.
365.835 246.34 33.8458 10.6099 Daarbij
402.883 246.34 21.6 10.6099 wijst
427.66 246.34 11.2781 10.6099 de

70.824 259.69 96.6701 10.6099 Geschillencommissie
170.69 259.69 12.119 10.6099 op
186.035 259.69 11.2781 10.6099 de
200.538 259.69 58.441 10.6099 mogelijkheid
262.13 259.69 25.5514 10.6099 tegen
290.815 259.69 21.7152 10.6099 deze
315.64 259.69 42.8314 10.6099 beslissing
361.63 259.69 38.7648 10.6099 bezwaar
403.597 259.69 9.37728 10.6099 te
416.085 259.69 32.9933 10.6099 maken.

70.824 286.33 27.4867 10.6099 Artikel
101.532 286.33 6.00192 10.6099 8
110.756 286.33 37.6819 10.6099 Bezwaar
151.545 286.33 23.6429 10.6099 tegen
178.409 286.33 10.4467 10.6099 de
191.847 286.33 39.4848 10.6099 beslissing
234.65 286.33 10.4458 10.6099 de
248.33 286.33 27.1296 10.6099 Klacht
278.558 286.33 15.8515 10.6099 niet
297.613 286.33 7.56864 10.6099 in
308.303 286.33 51.5981 10.6099 behandeling
363.127 286.33 8.28288 10.6099 te
374.635 286.33 29.4221 10.6099 nemen

70.824 299.65 14.0429 10.6099 8.1
88.0925 299.65 54.4666 10.6099 Consument
145.7 299.65 16.1971 10.6099 kan
165.019 299.65 25.5514 10.6099 tegen
193.73 299.65 11.3933 10.6099 de
208.36 299.65 42.7162 10.6099 beslissing
254.33 299.65 14.6304 10.6099 dat
272.09 299.65 11.3933 10.6099 de
286.72 299.65 29.399 10.6099 Klacht
319.357 299.65 17.6371 10.6099 niet
340.231 299.65 8.28288 10.6099 in
351.613 299.65 54.8352 10.6099 behandeling
409.66 299.65 28.8 10.6099 wordt
441.697 299.65 42.7162 10.6099 genomen
487.54 299.65 31.081 10.6099 binnen

70.824 313.09 17.6486 10.6099 vier
91.6752 313.09 30.5971 10.6099 weken
125.532 313.09 10.679 10.6099 na
139.322 313.09 54.8467 10.6099 dagtekening
197.394 313.09 15.7248 10.6099 van
216.322 313.09 14.0065 10.6099 die
233.438 313.09 42.8314 10.6099 beslissing
279.38 313.09 48.361 10.6099 Schriftelijk
330.944 313.09 58.6414 10.6099 gemotiveerd
392.696 313.09 38.7648 10.6099 bezwaar
434.559 313.09 30.5971 10.6099 maken
468.394 313.09 10.8058 10.6099 bij
482.298 313.09 11.3933 10.6099 de

70.824 326.41 51.8592 10.6099 Voorzitter.

70.824 339.73 14.0429 10.6099 8.2
88.0925 339.73 14.6419 10.6099 Als
105.96 339.73 11.3933 10.6099 de
120.464 339.73 49.3171 10.6099 Voorzitter
172.891 339.73 15.1142 10.6099 het
191.127 339.73 38.7648 10.6099 bezwaar
233.095 339.73 37.8202 10.6099 gegrond
274.152 339.73 22.0838 10.6099 acht,
299.335 339.73 29.399 10.6099 neemt
332.11 339.73 11.3933 10.6099 de
346.74 339.73 96.4685 10.6099 Geschillencommissie
446.5 339.73 11.3933 10.6099 de
461.13 339.73 29.5142 10.6099 Klacht
493.882 339.73 28.9152 10.6099 alsnog

70.824 353.05 8.28288 10.6099 in
82.3325 353.05 57.3581 10.6099 behandeling.
142.801 353.05 14.1581 10.6099 De
160.185 353.05 42.601 10.6099 beslissing
206.011 353.05 15.7248 10.6099 van
224.939 353.05 11.4163 10.6099 de
239.465 353.05 49.4257 10.6099 Voorzitter
292.001 353.05 6.95808 10.6099 is
302.185 353.05 16.5658 10.6099 een
321.976 353.05 46.9765 10.6099 voorlopig,
372.178 353.05 8.28288 10.6099 in
383.56 353.05 11.3933 10.6099 de
398.26 353.05 12.96 10.6099 zin
414.446 353.05 15.7248 10.6099 van
433.281 353.05 29.399 10.6099 artikel
465.905 353.05 8.28288 10.6099 9.

70.824 366.37 14.0429 10.6099 8.3
88.0925 366.37 14.6419 10.6099 Als
105.96 366.37 11.3933 10.6099 de
120.464 366.37 49.3171 10.6099 Voorzitter
172.891 366.37 15.1142 10.6099 het
191.127 366.37 38.7648 10.6099 bezwaar
233.21 366.37 49.9162 10.6099 ongegrond
286.363 366.37 22.0838 10.6099 acht,
311.442 366.37 9.23904 10.6099 of
323.907 366.37 11.8771 10.6099 als
339.021 366.37 54.3514 10.6099 Consument
396.61 366.37 30.9542 10.6099 binnen
430.686 366.37 11.3933 10.6099 de
445.42 366.37 8.28288 10.6099 in
456.928 366.37 29.399 10.6099 artikel
489.438 366.37 14.0429 10.6099 8.1

70.824 379.69 48.3562 10.6099 genoemde
122.408 379.69 33.4944 10.6099 termijn
159.107 379.69 21.7181 10.6099 geen
183.96 379.69 38.6438 10.6099 bezwaar
225.808 379.69 23.5162 10.6099 heeft
252.46 379.69 41.041 10.6099 gemaakt,
296.602 379.69 19.9114 10.6099 blijft
319.74 379.69 11.3942 10.6099 de
334.374 379.69 29.519 10.6099 Klacht
367.12 379.69 31.0858 10.6099 verder
401.307 379.69 29.1619 10.6099 buiten
433.57 379.69 54.8448 10.6099 behandeling
491.515 379.69 11.279 10.6099 en

70.824 393.01 19.0963 10.6099 sluit
93.144 393.01 11.3933 10.6099 de
107.774 393.01 96.4685 10.6099 Geschillencommissie
207.53 393.01 15.1142 10.6099 het
225.881 393.01 36.1152 10.6099 dossier.

70.824 419.77 27.4867 10.6099 Artikel
101.532 419.77 6.00192 10.6099 9
110.756 419.77 27.12 10.6099 Klacht
140.983 419.77 24.4838 10.6099 wordt
168.688 419.77 7.56672 10.6099 in
179.35 419.77 51.6134 10.6099 behandeling
234.162 419.77 39.4906 10.6099 genomen

70.824 433.11 14.1581 10.6099 De
88.2077 433.11 54.1094 10.6099 beslissingen
145.428 433.11 13.9506 10.6099 die
162.604 433.11 15.6096 10.6099 zijn
181.312 433.11 42.775 10.6099 genoemd
227.313 433.11 8.28288 10.6099 in
238.821 433.11 29.2838 10.6099 artikel
271.331 433.11 14.0429 10.6099 7.2
288.472 433.11 11.2781 10.6099 en
302.976 433.11 29.2838 10.6099 artikel
335.486 433.11 14.0429 10.6099 8.2
352.87 433.11 15.6096 10.6099 zijn
371.578 433.11 46.9325 10.6099 voorlopig.
421.61 433.11 14.8723 10.6099 Dit
439.719 433.11 41.2646 10.6099 betekent
484.106 433.11 14.6304 10.6099 dat
501.973 433.11 11.3933 10.6099 de

70.824 446.43 51.744 10.6099 Commissie
125.778 446.43 8.28672 10.6099 in
137.148 446.43 16.8038 10.6099 een
157.209 446.43 21.2467 10.6099 later
181.666 446.43 36.1613 10.6099 stadium
221.037 446.43 15.7325 10.6099 van
239.888 446.43 11.3971 10.6099 de
254.495 446.43 48.8755 10.6099 procedure
306.581 446.43 28.8307 10.6099 alsnog
338.622 446.43 14.039 10.6099 tot
355.802 446.43 15.1219 10.6099 het
374.134 446.43 47.4432 10.6099 definitieve
424.788 446.43 36.6336 10.6099 oordeel
464.631 446.43 16.2048 10.6099 kan
483.966 446.43 32.0525 10.6099 komen

70.824 459.75 14.6304 10.6099 dat
88.6915 459.75 11.3933 10.6099 de
103.322 459.75 29.5258 10.6099 Klacht
136.073 459.75 17.6371 10.6099 niet
156.821 459.75 22.3258 10.6099 voor
182.349 459.75 54.6278 10.6099 behandeling
240.203 459.75 8.28288 10.6099 in
251.607 459.75 53.28 10.6099 aanmerking
307.998 459.75 27.0029 10.6099 komt.

70.824 473.07 22.9248 10.6099 Deze
96.9514 473.07 49.9507 10.6099 beslissingen
150.024 473.07 15.0106 10.6099 zijn
168.237 473.07 40.5092 10.6099 voorlopig,
211.949 473.07 27.7286 10.6099 omdat
242.926 473.07 13.6858 10.6099 het
259.711 473.07 33.7536 10.6099 verweer
296.667 473.07 15.0106 10.6099 van
314.903 473.07 10.4486 10.6099 de
328.554 473.07 42.0365 10.6099 Financiële
373.793 473.07 59.328 10.6099 dienstverlener
436.324 473.07 15.4829 10.6099 nog
455.055 473.07 15.8515 10.6099 niet
474.11 473.07 31.4726 10.6099 bekend
508.785 473.07 6.24384 10.6099 is

70.824 486.39 10.8058 10.6099 op
84.8323 486.39 13.6858 10.6099 het
101.767 486.39 35.8963 10.6099 moment
140.75 486.39 15.1258 10.6099 van
159.079 486.39 39.6403 10.6099 beslissen.

70.824 513.15 27.4867 10.6099 Artikel
101.532 513.15 12.0094 10.6099 10
116.78 513.15 24.503 10.6099 Kopie
144.37 513.15 27.1296 10.6099 Klacht
174.703 513.15 19.7107 10.6099 naar
197.616 513.15 66.6432 10.6099 Toezichthouder

70.824 526.47 19.8 10.6099 10.1
93.864 526.47 14.6419 10.6099 Als
111.732 526.47 16.7962 10.6099 een
131.638 526.47 74.3962 10.6099 Toezichthouder
209.271 526.47 14.6304 10.6099 dat
227.139 526.47 43.5571 10.6099 verzoekt,
273.922 526.47 28.0742 10.6099 stuurt
305.233 526.47 11.3951 10.6099 de
319.854 526.47 96.5952 10.6099 Geschillencommissie
419.74 526.47 20.0448 10.6099 hem
443.02 526.47 16.8 10.6099 een
463.06 526.47 25.6781 10.6099 kopie
491.848 526.47 15.7248 10.6099 van
510.684 526.47 11.3933 10.6099 de

70.824 539.79 23.1696 10.6099 door
97.224 539.79 54.3514 10.6099 Consument
154.82 539.79 10.8058 10.6099 bij
168.725 539.79 20.16 10.6099 haar
192.05 539.79 49.7866 10.6099 ingediende
245.068 539.79 32.065 10.6099 Klacht.

70.824 553.11 19.8029 10.6099 10.2
93.8525 553.11 14.6419 10.6099 Als
111.72 553.11 54.3514 10.6099 Consument
169.205 553.11 17.6371 10.6099 niet
189.964 553.11 13.3286 10.6099 wil
206.495 553.11 14.6534 10.6099 dat
224.45 553.11 11.3933 10.6099 de
238.954 553.11 96.5952 10.6099 Geschillencommissie
338.83 553.11 11.3933 10.6099 de
353.345 553.11 29.641 10.6099 Klacht
386.212 553.11 15.5981 10.6099 aan
404.92 553.11 11.3933 10.6099 de
419.435 553.11 74.5229 10.6099 Toezichthouder

70.824 566.43 30.7411 10.6099 stuurt,
104.777 566.43 16.2067 10.6099 kan
124.069 566.43 10.8154 10.6099 hij
138.132 566.43 14.64 10.6099 dat
155.857 566.43 12.1238 10.6099 op
171.239 566.43 15.1238 10.6099 het
189.356 566.43 71.1686 10.6099 klachtformulier
263.737 566.43 51.9917 10.6099 aankruisen.
319.03 566.43 14.1581 10.6099 De
336.414 566.43 96.48 10.6099 Geschillencommissie
436.18 566.43 28.1894 10.6099 stuurt
467.607 566.43 16.439 10.6099 dan
487.271 566.43 21.7152 10.6099 geen

70.824 579.75 25.6858 10.6099 kopie
99.744 579.75 15.7248 10.6099 van
118.671 579.75 11.3126 10.6099 de
133.21 579.75 29.641 10.6099 Klacht
165.961 579.75 15.5981 10.6099 aan
184.681 579.75 11.2781 10.6099 de
199.185 579.75 77.1073 10.6099 Toezichthouder.

70.824 606.42 27.4867 10.6099 Artikel
101.532 606.42 12.0019 10.6099 11
116.78 606.42 33.7306 10.6099 Bijstand
153.609 606.42 8.28288 10.6099 of
165.118 606.42 82.3219 10.6099 vertegenwoordiging
250.665 606.42 7.56864 10.6099 in
261.437 606.42 15.4944 10.6099 een
280.053 606.42 43.2115 10.6099 procedure
326.467 606.42 9.7344 10.6099 bij
339.55 606.42 10.4486 10.6099 de
353.201 606.42 86.8032 10.6099 Geschillencommissie

70.824 619.86 19.8029 10.6099 11.1
93.8525 619.86 54.3514 10.6099 Consument
151.441 619.86 16.1971 10.6099 kan
170.748 619.86 18.1325 10.6099 zich
191.991 619.86 10.8058 10.6099 bij
206 619.86 11.4163 10.6099 de
220.642 619.86 54.72 10.6099 behandeling
278.587 619.86 23.04 10.6099 door
304.99 619.86 11.2781 10.6099 de
319.494 619.86 96.5952 10.6099 Geschillencommissie
419.38 619.86 23.04 10.6099 door
445.646 619.86 33.4771 10.6099 iemand
482.245 619.86 31.0694 10.6099 anders

70.824 633.18 22.5446 10.6099 laten
96.624 633.18 34.6752 10.6099 bijstaan
134.42 633.18 9.23904 10.6099 of
146.885 633.18 93.1277 10.6099 vertegenwoordigen.
243.238 633.18 14.6419 10.6099 Als
260.979 633.18 54.3514 10.6099 Consument
318.567 633.18 16.7962 10.6099 een
338.6 633.18 89.3952 10.6099 vertegenwoordiger
431.095 633.18 13.3286 10.6099 wil
447.626 633.18 47.5315 10.6099 aanwijzen,
498.279 633.18 24.5952 10.6099 moet

70.824 646.5 10.8058 10.6099 hij
84.8323 646.5 14.6534 10.6099 dat
102.723 646.5 48.361 10.6099 Schriftelijk
154.286 646.5 15.6211 10.6099 aan
173.09 646.5 11.3933 10.6099 de
187.605 646.5 96.7334 10.6099 Geschillencommissie
287.47 646.5 22.5562 10.6099 laten
313.137 646.5 31.4381 10.6099 weten.
347.8 646.5 14.1581 10.6099 De
365.069 646.5 89.4067 10.6099 vertegenwoordiger
457.701 646.5 24.5952 10.6099 moet
485.407 646.5 18.2362 10.6099 ook

70.824 659.82 22.5562 10.6099 laten
96.6173 659.82 28.9152 10.6099 weten
128.643 659.82 14.6304 10.6099 dat
146.51 659.82 10.8058 10.6099 hij
160.415 659.82 18.2362 10.6099 met
181.888 659.82 15.4829 10.6099 zijn
200.597 659.82 46.9325 10.6099 aanwijzing
250.732 659.82 37.2211 10.6099 instemt.
291.19 659.82 17.28 10.6099 Dat
311.592 659.82 16.1971 10.6099 kan
331.015 659.82 29.2838 10.6099 allebei
363.501 659.82 12.0384 10.6099 op
378.765 659.82 15.1142 10.6099 het
396.99 659.82 73.755 10.6099 klachtformulier.
473.947 659.82 21.3581 10.6099 Ook
498.48 659.82 11.3981 10.6099 de

70.824 673.14 45.4666 10.6099 Financiële
119.533 673.14 66.8246 10.6099 dienstverlener
189.53 673.14 16.1971 10.6099 kan
208.953 673.14 18.1325 10.6099 zich
230.288 673.14 23.063 10.6099 door
256.576 673.14 33.4771 10.6099 iemand
293.164 673.14 30.9542 10.6099 anders
327.355 673.14 22.5562 10.6099 laten
353.23 673.14 34.5485 10.6099 bijstaan
391.06 673.14 9.23904 10.6099 of
403.409 673.14 93.2429 10.6099 vertegenwoordigen.
499.774 673.14 13.4438 10.6099 Hij

70.824 686.46 23.5123 10.6099 dient
97.5734 686.46 12.2342 10.6099 dit
113.045 686.46 48.361 10.6099 Schriftelijk
164.608 686.46 15.5059 10.6099 aan
183.41 686.46 11.2781 10.6099 de
197.914 686.46 96.5952 10.6099 Geschillencommissie
297.79 686.46 25.6666 10.6099 mede
326.694 686.46 9.35424 10.6099 te
339.285 686.46 27.6019 10.6099 delen.

70.824 699.78 19.8 10.6099 11.2
93.864 699.78 14.6419 10.6099 Als
111.732 699.78 9.8496 10.6099 zij
124.68 699.78 12.2342 10.6099 dit
140.151 699.78 25.321 10.6099 nodig
168.698 699.78 23.04 10.6099 vindt
194.848 699.78 22.3258 10.6099 voor
220.377 699.78 15.1142 10.6099 het
238.636 699.78 50.1581 10.6099 onderzoek
292.02 699.78 20.16 10.6099 naar
315.29 699.78 11.3933 10.6099 de
329.92 699.78 26.0352 10.6099 feiten
359.066 699.78 9.23904 10.6099 of
371.531 699.78 15.241 10.6099 om
389.882 699.78 9.35424 10.6099 te
402.473 699.78 43.5686 10.6099 proberen
449.268 699.78 11.3933 10.6099 de
463.898 699.78 29.5142 10.6099 Klacht
496.92 699.78 23.1696 10.6099 door

70.824 713.22 16.7962 10.6099 een
90.8573 713.22 47.0477 10.6099 minnelijke
141.004 713.22 36.2419 10.6099 regeling
180.471 713.22 12.0038 10.6099 op
195.586 713.22 9.35424 10.6099 te
208.177 713.22 31.5533 10.6099 lossen,
242.841 713.22 16.1971 10.6099 kan
262.25 713.22 11.3933 10.6099 de
276.88 713.22 96.5952 10.6099 Geschillencommissie
376.701 713.22 35.6429 10.6099 bepalen
415.57 713.22 14.6304 10.6099 dat
433.3 713.22 54.4973 10.6099 Consument
491.02 713.22 15.7248 10.6099 zelf
509.844 713.22 12.0038 10.6099 (in

70.824 726.54 42.4742 10.6099 persoon)
116.54 726.54 41.5296 10.6099 aanwezig
161.272 726.54 6.95808 10.6099 is
171.387 726.54 23.639 10.6099 en/of
198.251 726.54 14.6304 10.6099 dat
216.119 726.54 35.159 10.6099 namens
254.515 726.54 11.3933 10.6099 de
269.019 726.54 45.4925 10.6099 Financiële
317.599 726.54 69.719 10.6099 Dienstverlener
390.58 726.54 16.8 10.6099 een
410.606 726.54 9.23904 10.6099 of
422.955 726.54 24.3648 10.6099 meer
450.58 726.54 40.7923 10.6099 bepaalde

70.824 739.856 43.6723 10.6099 personen
117.733 739.856 41.5181 10.6099 aanwezig
162.454 739.856 15.6096 10.6099 zijn
181.209 739.856 10.8058 10.6099 bij
195.113 739.856 11.3933 10.6099 de
209.744 739.856 54.7863 10.6099 behandeling
267.756 739.856 15.7248 10.6099 van
286.63 739.856 11.3933 10.6099 de
301.145 739.856 32.1638 10.6099 Klacht.

519 37.56 5.59728 11.04 5

70.824 86.2597 15.599 10.6099 De
89.664 86.2597 62.1619 10.6099 schriftelijke
155.06 86.2597 55.561 10.6099 procedure

70.824 99.5797 27.4867 10.6099 Artikel
101.54 99.5797 12.0019 10.6099 12
116.78 99.5797 27.1296 10.6099 Klacht
147.008 99.5797 10.4486 10.6099 en
160.7 99.5797 35.1706 10.6099 Verweer

70.824 112.9 19.8029 10.6099 12.1
93.864 112.9 14.1581 10.6099 De
111.248 112.9 96.4685 10.6099 Geschillencommissie
211.01 112.9 16.1971 10.6099 kan
230.433 112.9 54.3514 10.6099 Consument
287.894 112.9 48.0038 10.6099 mondeling
339.124 112.9 9.23904 10.6099 of
351.589 112.9 47.5315 10.6099 schriftelijk
402.323 112.9 30.5165 10.6099 vragen
436.065 112.9 11.3933 10.6099 de
450.695 112.9 29.641 10.6099 Klacht
483.446 112.9 9.35424 10.6099 te

70.824 126.34 65.0419 10.6099 verduidelijken
139.092 126.34 9.23904 10.6099 of
151.441 126.34 12.119 10.6099 op
166.786 126.34 16.681 10.6099 een
186.692 126.34 23.04 10.6099 door
213.05 126.34 11.3981 10.6099 de
227.69 126.34 96.4685 10.6099 Geschillencommissie
327.43 126.34 9.35424 10.6099 te
340.021 126.34 35.6429 10.6099 bepalen
378.89 126.34 23.6506 10.6099 wijze
405.639 126.34 58.199 10.6099 documenten
467.075 126.34 21.4848 10.6099 over
491.659 126.34 9.35424 10.6099 te

70.824 139.66 31.6627 10.6099 leggen.

70.824 152.98 19.8 10.6099 12.2
93.864 152.98 14.6419 10.6099 Als
111.732 152.98 11.3933 10.6099 de
126.235 152.98 29.641 10.6099 Klacht
158.987 152.98 20.16 10.6099 naar
182.372 152.98 14.999 10.6099 het
200.608 152.98 36.7142 10.6099 oordeel
240.56 152.98 15.5981 10.6099 van
259.49 152.98 11.3933 10.6099 de
273.994 152.98 96.6067 10.6099 Geschillencommissie
373.87 152.98 48.7066 10.6099 voldoende
425.814 152.98 38.4077 10.6099 duidelijk
467.447 152.98 6.95808 10.6099 is

70.824 166.3 48.3589 10.6099 toegelicht,
122.408 166.3 20.1485 10.6099 stelt
145.7 166.3 11.3933 10.6099 de
160.33 166.3 96.48 10.6099 Geschillencommissie
260.09 166.3 11.3933 10.6099 de
274.594 166.3 48.2342 10.6099 betrokken
326.11 166.3 45.4666 10.6099 Financiële
374.716 166.3 66.8246 10.6099 dienstverlener
444.82 166.3 12.119 10.6099 op
460.165 166.3 11.3933 10.6099 de
474.668 166.3 32.7514 10.6099 hoogte

70.824 179.62 15.7248 10.6099 van
89.7514 179.62 11.4163 10.6099 de
104.393 179.62 32.0696 10.6099 Klacht,
139.688 179.62 15.7248 10.6099 van
158.512 179.62 11.3933 10.6099 de
173.143 179.62 44.8704 10.6099 eventueel
221.25 179.62 12.119 10.6099 op
236.595 179.62 37.1981 10.6099 verzoek
277.018 179.62 15.7248 10.6099 van
295.99 179.62 11.3933 10.6099 de
310.505 179.62 96.7334 10.6099 Geschillencommissie
410.38 179.62 23.04 10.6099 door
436.646 179.62 54.4666 10.6099 Consument

70.824 192.94 37.2038 10.6099 gegeven
111.232 192.94 32.0534 10.6099 nadere
146.513 192.94 48.4742 10.6099 toelichting
198.215 192.94 11.279 10.6099 en
212.722 192.94 15.7267 10.6099 van
231.549 192.94 11.3942 10.6099 de
246.182 192.94 23.0429 10.6099 door
272.43 192.94 54.2554 10.6099 Consument
329.913 192.94 52.8048 10.6099 ingezonden
385.818 192.94 38.8752 10.6099 stukken.

70.824 206.26 19.8 10.6099 12.3
93.864 206.26 43.6925 10.6099 Medische
140.627 206.26 36.3859 10.6099 stukken
180.094 206.26 15.6384 10.6099 van
198.941 206.26 54.4896 10.6099 Consument
256.535 206.26 36.3715 10.6099 worden
296.011 206.26 48.2861 10.6099 uitsluitend
347.506 206.26 15.6038 10.6099 aan
366.249 206.26 11.3962 10.6099 de
380.876 206.26 37.9296 10.6099 medisch
422.014 206.26 38.5661 10.6099 adviseur
463.788 206.26 15.7306 10.6099 van
482.86 206.26 11.2781 10.6099 de

70.824 219.7 45.4666 10.6099 Financiële
119.533 219.7 66.8246 10.6099 dienstverlener
189.53 219.7 45.3542 10.6099 verstrekt.
238.13 219.7 14.1581 10.6099 De
255.398 219.7 96.5952 10.6099 Geschillencommissie
355.27 219.7 22.6714 10.6099 geeft
381.052 219.7 15.5981 10.6099 aan
399.772 219.7 54.3514 10.6099 Consument
457.36 219.7 8.28288 10.6099 in
468.869 219.7 15.1142 10.6099 het
487.093 219.7 26.3923 10.6099 kader

70.824 233.02 15.7248 10.6099 van
89.7514 233.02 26.7896 10.6099 hoor-
119.78 233.02 11.1629 10.6099 en
134.168 233.02 52.681 10.6099 wederhoor
189.971 233.02 11.3933 10.6099 de
204.602 233.02 27.1181 10.6099 keuze
234.945 233.02 15.1258 10.6099 om
253.297 233.02 43.4419 10.6099 medische
299.964 233.02 36.2304 10.6099 stukken
339.432 233.02 13.9162 10.6099 die
356.47 233.02 11.3933 10.6099 de
371.1 233.02 37.9238 10.6099 medisch
412.25 233.02 38.5114 10.6099 adviseur
453.998 233.02 15.7248 10.6099 van
473.14 233.02 11.2781 10.6099 de

70.824 246.34 45.4666 10.6099 Financiële
119.533 246.34 66.8246 10.6099 dienstverlener
189.65 246.34 13.801 10.6099 ter
206.677 246.34 35.7466 10.6099 attentie
245.557 246.34 15.7248 10.6099 van
264.484 246.34 15.1373 10.6099 (de
282.732 246.34 37.9238 10.6099 medisch
323.881 246.34 56.9894 10.6099 adviseur/het
383.981 246.34 38.039 10.6099 medisch
425.13 246.34 59.3971 10.6099 commissielid
487.753 246.34 19.4458 10.6099 van)
510.48 246.34 11.3981 10.6099 de

70.824 259.69 96.7362 10.6099 Geschillencommissie
170.69 259.69 28.0742 10.6099 stuurt
201.99 259.69 12.119 10.6099 op
217.334 259.69 9.35424 10.6099 te
229.799 259.69 33.2467 10.6099 vragen.

70.824 273.01 19.8 10.6099 12.4
93.864 273.01 14.1581 10.6099 De
111.248 273.01 96.4685 10.6099 Geschillencommissie
211.01 273.01 28.201 10.6099 vraagt
242.321 273.01 9.23904 10.6099 of
254.81 273.01 11.3981 10.6099 de
269.318 273.01 45.3542 10.6099 Financiële
317.898 273.01 66.9542 10.6099 dienstverlener
388.06 273.01 48.3571 10.6099 Schriftelijk
439.627 273.01 39.0298 10.6099 verweer
481.867 273.01 13.3363 10.6099 wil

70.824 286.33 32.7629 10.6099 voeren
106.789 286.33 9.26208 10.6099 of
119.277 286.33 14.5152 10.6099 dat
137.029 286.33 9.8496 10.6099 zij
149.989 286.33 13.3286 10.6099 wil
166.521 286.33 37.705 10.6099 volstaan
207.451 286.33 18.2362 10.6099 met
228.924 286.33 16.7962 10.6099 een
248.831 286.33 46.4602 10.6099 verwijzing
298.379 286.33 20.0448 10.6099 naar
321.649 286.33 15.1142 10.6099 het
340 286.33 45.8266 10.6099 standpunt
389.064 286.33 14.5152 10.6099 dat
406.816 286.33 9.8496 10.6099 zij
419.868 286.33 31.3459 10.6099 eerder
454.452 286.33 8.28288 10.6099 in
465.96 286.33 20.16 10.6099 haar
489.23 286.33 33.4771 10.6099 interne

70.824 299.65 76.5888 10.6099 klachtprocedure
150.504 299.65 23.52 10.6099 heeft
177.23 299.65 53.4625 10.6099 ingenomen.
233.918 299.65 8.64 10.6099 In
245.68 299.65 15.1142 10.6099 het
264.032 299.65 29.8714 10.6099 laatste
297.14 299.65 22.7981 10.6099 geval
323.164 299.65 16.1971 10.6099 laat
342.67 299.65 11.3981 10.6099 de
357.178 299.65 45.4925 10.6099 Financiële
405.758 299.65 66.8506 10.6099 dienstverlener
475.9 299.65 14.6304 10.6099 dat
493.641 299.65 11.1629 10.6099 zo

70.824 313.09 35.4182 10.6099 spoedig
109.454 313.09 41.3261 10.6099 mogelijk,
153.831 313.09 23.2963 10.6099 maar
180.236 313.09 8.28768 10.6099 in
191.667 313.09 24.0154 10.6099 ieder
218.894 313.09 22.944 10.6099 geval
245.051 313.09 30.9898 10.6099 binnen
279.252 313.09 17.663 10.6099 vier
300.001 313.09 33.0403 10.6099 weken,
336.31 313.09 48.457 10.6099 Schriftelijk
387.94 313.09 31.4429 10.6099 weten.

70.824 326.41 19.8 10.6099 12.5
93.864 326.41 14.1581 10.6099 De
111.248 326.41 96.4685 10.6099 Geschillencommissie
211.01 326.41 16.201 10.6099 kan
230.45 326.41 11.2781 10.6099 de
244.954 326.41 45.4925 10.6099 Financiële
293.534 326.41 69.4194 10.6099 dienstverlener,
366.178 326.41 18.2362 10.6099 ook
387.525 326.41 11.8771 10.6099 als
402.639 326.41 13.801 10.6099 die
419.666 326.41 13.3286 10.6099 wil
436.093 326.41 37.7971 10.6099 volstaan
477.116 326.41 18.1094 10.6099 met
498.463 326.41 16.7962 10.6099 een

70.824 339.73 46.4083 10.6099 verwijzing
120.481 339.73 20.1427 10.6099 naar
143.757 339.73 15.1027 10.6099 het
162.14 339.73 45.7114 10.6099 standpunt
211.088 339.73 14.6304 10.6099 dat
228.956 339.73 9.8496 10.6099 zij
241.904 339.73 31.5533 10.6099 eerder
276.568 339.73 8.28288 10.6099 in
288.077 339.73 20.16 10.6099 haar
311.347 339.73 33.3504 10.6099 interne
347.935 339.73 76.4352 10.6099 klachtprocedure
427.607 339.73 23.3971 10.6099 heeft
454.241 339.73 53.5219 10.6099 ingenomen,

70.824 353.05 48.5798 10.6099 verzoeken
122.641 353.05 15.2352 10.6099 om
140.987 353.05 26.6112 10.6099 nader
170.743 353.05 9.34848 10.6099 te
183.328 353.05 41.1322 10.6099 reageren
227.709 353.05 12.1133 10.6099 op
242.944 353.05 15.1027 10.6099 het
261.296 353.05 45.8035 10.6099 standpunt
310.348 353.05 15.5981 10.6099 van
329.183 353.05 56.9606 10.6099 Consument,
389.277 353.05 7.43616 10.6099 al
399.95 353.05 16.4275 10.6099 dan
419.615 353.05 17.6198 10.6099 niet
440.368 353.05 12.1133 10.6099 op
455.719 353.05 17.0613 10.6099 een
475.89 353.05 9.23904 10.6099 of
488.355 353.05 24.48 10.6099 meer

70.824 366.37 45.239 10.6099 specifieke
119.289 366.37 34.9171 10.6099 punten.

70.824 379.69 19.8 10.6099 12.6
93.864 379.69 14.6342 10.6099 Als
111.74 379.69 11.3981 10.6099 de
126.248 379.69 45.4925 10.6099 Financiële
174.828 379.69 66.839 10.6099 dienstverlener
244.97 379.69 36.599 10.6099 verwijst
284.806 379.69 20.16 10.6099 naar
307.973 379.69 15.1142 10.6099 het
326.324 379.69 45.9418 10.6099 standpunt
375.388 379.69 14.6304 10.6099 dat
393.129 379.69 9.8496 10.6099 zij
406.3 379.69 31.4381 10.6099 eerder
440.964 379.69 8.28288 10.6099 in
452.472 379.69 20.16 10.6099 haar
475.743 379.69 33.4771 10.6099 interne

70.824 393.01 76.5888 10.6099 klachtprocedure
150.504 393.01 23.52 10.6099 heeft
177.23 393.01 53.447 10.6099 ingenomen,
233.93 393.01 30.3552 10.6099 noemt
267.396 393.01 9.8496 10.6099 zij
280.448 393.01 11.3933 10.6099 de
294.986 393.01 45.4694 10.6099 vindplaats
343.75 393.01 22.6829 10.6099 waar
369.532 393.01 12.2342 10.6099 dit
385.003 393.01 45.893 10.6099 standpunt
434.007 393.01 15.5981 10.6099 aan
452.83 393.01 11.3933 10.6099 de
467.334 393.01 54.3514 10.6099 Consument

70.824 406.33 6.95808 10.6099 is
81.0077 406.33 58.2152 10.6099 meegedeeld.

70.824 419.77 19.8 10.6099 12.7
93.864 419.77 14.1541 10.6099 De
111.244 419.77 45.3542 10.6099 Financiële
159.824 419.77 66.7123 10.6099 dienstverlener
229.85 419.77 23.5123 10.6099 dient
256.473 419.77 39.0067 10.6099 verweer
298.682 419.77 9.2736 10.6099 te
311.078 419.77 32.7629 10.6099 voeren
347.043 419.77 31.081 10.6099 binnen
381.257 419.77 16.7962 10.6099 een
401.291 419.77 33.3619 10.6099 termijn
437.878 419.77 15.7248 10.6099 van
456.806 419.77 17.7745 10.6099 vier
477.69 419.77 30.5971 10.6099 weken
511.525 419.77 10.5638 10.6099 na

70.824 433.11 44.8781 10.6099 ontvangst
118.93 433.11 15.7267 10.6099 van
137.757 433.11 11.3942 10.6099 de
152.39 433.11 8.28384 10.6099 in
163.775 433.11 19.875 10.6099 12.4
186.89 433.11 42.8333 10.6099 bedoelde
232.96 433.11 26.8877 10.6099 vraag.
262.97 433.11 14.1581 10.6099 De
280.354 433.11 96.48 10.6099 Geschillencommissie
380.11 433.11 16.1971 10.6099 kan
399.418 433.11 21.7152 10.6099 deze
424.243 433.11 33.4886 10.6099 termijn
460.934 433.11 12.119 10.6099 op

70.824 446.43 58.5658 10.6099 gemotiveerd
132.594 446.43 37.2269 10.6099 verzoek
173.049 446.43 15.7267 10.6099 van
191.81 446.43 11.3981 10.6099 de
206.434 446.43 45.4925 10.6099 Financiële
255.037 446.43 66.839 10.6099 dienstverlener
325.15 446.43 38.0506 10.6099 eenmaal
366.407 446.43 45.0355 10.6099 verlengen
414.545 446.43 18.24 10.6099 met
435.888 446.43 23.161 10.6099 twee
462.255 446.43 33.0374 10.6099 weken,
498.499 446.43 9.24096 10.6099 of
511.08 446.43 8.28288 10.6099 in

70.824 459.75 11.3933 10.6099 de
85.4544 459.75 41.6333 10.6099 maanden
130.198 459.75 13.3286 10.6099 juli
146.729 459.75 11.2781 10.6099 en
161.141 459.75 39.721 10.6099 augustus
204.17 459.75 18.2323 10.6099 met
225.65 459.75 15.1142 10.6099 ten
243.875 459.75 37.0829 10.6099 hoogste
284.23 459.75 17.6486 10.6099 vier
304.989 459.75 32.9933 10.6099 weken.
341.208 459.75 17.0381 10.6099 Een
361.472 459.75 38.88 10.6099 verweer
403.577 459.75 14.6304 10.6099 dat
421.318 459.75 29.0304 10.6099 buiten
453.586 459.75 11.3933 10.6099 de
468.216 459.75 33.4886 10.6099 termijn

70.824 473.07 28.9152 10.6099 wordt
102.976 473.07 50.2848 10.6099 ontvangen,
156.5 473.07 20.0448 10.6099 blijft
179.655 473.07 29.0304 10.6099 buiten
211.97 473.07 62.6429 10.6099 beschouwing,
277.712 473.07 24.9638 10.6099 tenzij
305.786 473.07 11.2781 10.6099 de
320.29 473.07 49.3171 10.6099 Voorzitter
372.717 473.07 68.7514 10.6099 zwaarwegende
444.706 473.07 38.7533 10.6099 gronden

70.824 486.39 41.6515 10.6099 aanwezig
115.68 486.39 19.5638 10.6099 acht
138.368 486.39 15.1162 10.6099 het
156.711 486.39 19.4371 10.6099 stuk
179.376 486.39 20.8886 10.6099 toch
203.469 486.39 15.7152 10.6099 toe
222.446 486.39 9.3552 10.6099 te
234.914 486.39 25.0838 10.6099 laten.

70.824 499.71 12.6029 10.6099 De
86.6525 499.71 30.1478 10.6099 termijn
120.003 499.71 18.2477 10.6099 voor
141.361 499.71 13.6858 10.6099 het
158.249 499.71 33.7536 10.6099 verweer
195.102 499.71 6.24384 10.6099 is
204.548 499.71 44.7782 10.6099 afgestemd
252.448 499.71 10.8058 10.6099 op
266.457 499.71 13.6858 10.6099 het
283.276 499.71 39.9629 10.6099 overgrote
326.441 499.71 17.6602 10.6099 deel
347.339 499.71 15.1258 10.6099 van
365.667 499.71 10.4486 10.6099 de
379.249 499.71 19.3306 10.6099 door
401.98 499.71 10.4486 10.6099 de
415.528 499.71 86.8838 10.6099 Geschillencommissie

70.824 513.15 49.6944 10.6099 behandelde
123.715 513.15 36.7258 10.6099 gevallen,
163.695 513.15 29.0506 10.6099 waarin
195.89 513.15 10.4458 10.6099 de
209.538 513.15 42.0365 10.6099 Financiële
254.81 513.15 59.4317 10.6099 dienstverlener
317.35 513.15 17.28 10.6099 zich
337.856 513.15 27.625 10.6099 geheel
368.556 513.15 8.28288 10.6099 of
380.065 513.15 49.1098 10.6099 grotendeels
432.147 513.15 16.0819 10.6099 kan
451.454 513.15 33.984 10.6099 baseren
488.641 513.15 10.8058 10.6099 op

70.824 526.47 34.0819 10.6099 hetgeen
108.137 526.47 7.56576 10.6099 in
118.923 526.47 10.4458 10.6099 de
132.588 526.47 29.7619 10.6099 interne
165.57 526.47 69.1258 10.6099 klachtprocedure
237.916 526.47 6.24096 10.6099 is
247.388 526.47 32.1552 10.6099 gesteld.
282.66 526.47 12.6 10.6099 De
298.491 526.47 41.4173 10.6099 algemene
343.105 526.47 75.9859 10.6099 hardheidsclausule
422.288 526.47 7.56576 10.6099 in
433.06 526.47 26.8819 10.6099 artikel
463.173 526.47 12.001 10.6099 57
478.406 526.47 15.12 10.6099 van
496.68 526.47 13.68 10.6099 het

70.824 539.79 42.9466 10.6099 reglement
117.008 539.79 21.2314 10.6099 biedt
141.476 539.79 10.4429 10.6099 de
155.029 539.79 53.2858 10.6099 mogelijkheid
211.541 539.79 15.4829 10.6099 een
230.249 539.79 31.5533 10.6099 langere
264.924 539.79 30.1133 10.6099 termijn
298.275 539.79 8.27712 10.6099 te
309.674 539.79 36.3514 10.6099 bepalen.
349.262 539.79 16.1856 10.6099 Dat
368.685 539.79 12.8333 10.6099 zal
384.64 539.79 50.8781 10.6099 bijvoorbeeld
438.744 539.79 39.8304 10.6099 gebeuren
481.812 539.79 11.6352 10.6099 als
496.8 539.79 10.4458 10.6099 de

70.824 553.11 48.6086 10.6099 Consument
122.633 553.11 8.28192 10.6099 of
134.173 553.11 22.0915 10.6099 diens
159.362 553.11 78.6317 10.6099 vertegenwoordiger
241.194 553.11 7.56768 10.6099 in
251.997 553.11 15.4925 10.6099 een
270.598 553.11 15.7229 10.6099 wat
289.545 553.11 49.4582 10.6099 complexere
342.204 553.11 21.3552 10.6099 zaak
366.805 553.11 10.4477 10.6099 de
380.35 553.11 25.9152 10.6099 klacht
409.5 553.11 8.28192 10.6099 of
420.891 553.11 10.4477 10.6099 de
434.447 553.11 41.0496 10.6099 grondslag
478.697 553.11 34.9344 10.6099 daarvan

70.824 566.43 41.8694 10.6099 ingrijpend
115.931 566.43 41.0227 10.6099 verandert
160.202 566.43 13.6742 10.6099 ten
176.998 566.43 36.2246 10.6099 opzichte
216.471 566.43 15.1142 10.6099 van
234.823 566.43 10.4429 10.6099 de
248.376 566.43 25.8912 10.6099 klacht
277.516 566.43 7.56288 10.6099 in
288.189 566.43 10.4429 10.6099 de
301.858 566.43 29.7677 10.6099 interne
334.851 566.43 71.4874 10.6099 klachtprocedure.

70.824 579.75 19.8 10.6099 12.8
93.864 579.75 14.1581 10.6099 De
111.248 579.75 96.4685 10.6099 Geschillencommissie
211.01 579.75 25.7933 10.6099 zendt
239.914 579.75 16.7962 10.6099 een
259.947 579.75 25.5629 10.6099 kopie
288.735 579.75 15.7248 10.6099 van
307.571 579.75 14.999 10.6099 het
325.807 579.75 39.0067 10.6099 verweer
368.016 579.75 11.1859 10.6099 en
382.428 579.75 15.7248 10.6099 van
401.263 579.75 11.3933 10.6099 de
415.893 579.75 31.0887 10.6099 verder
450.22 579.75 23.1552 10.6099 door
476.497 579.75 11.3933 10.6099 de

70.824 593.07 45.4666 10.6099 Financiële
119.54 593.07 66.839 10.6099 dienstverlener
189.53 593.07 56.2848 10.6099 overgelegde
249.05 593.07 36.2304 10.6099 stukken
288.55 593.07 15.4829 10.6099 aan
307.155 593.07 56.9894 10.6099 Consument.

70.824 606.42 19.8 10.6099 12.9
93.864 606.42 14.6342 10.6099 Als
111.74 606.42 11.3981 10.6099 de
126.248 606.42 45.4925 10.6099 Financiële
174.828 606.42 66.839 10.6099 dienstverlener
244.97 606.42 29.399 10.6099 meent
277.606 606.42 14.6304 10.6099 dat
295.39 606.42 11.3933 10.6099 de
309.905 606.42 96.7334 10.6099 Geschillencommissie
409.78 606.42 11.3933 10.6099 de
424.41 606.42 29.5258 10.6099 Klacht
457.139 606.42 17.6371 10.6099 niet
478.024 606.42 16.0819 10.6099 kan

70.824 619.86 55.4342 10.6099 behandelen,
129.495 619.86 23.3971 10.6099 dient
156.13 619.86 9.8496 10.6099 zij
169.182 619.86 12.1421 10.6099 dit
184.561 619.86 38.88 10.6099 verweer
226.667 619.86 9.35424 10.6099 te
239.258 619.86 32.6362 10.6099 voeren
275.12 619.86 29.399 10.6099 samen
307.641 619.86 18.2362 10.6099 met
329.114 619.86 15.1142 10.6099 het
347.465 619.86 56.0333 10.6099 inhoudelijke
406.724 619.86 38.7533 10.6099 verweer
448.703 619.86 25.5514 10.6099 tegen
477.388 619.86 11.3933 10.6099 de
492.018 619.86 32.3808 10.6099 Klacht.

70.824 633.18 8.64 10.6099 In
82.704 633.18 49.2019 10.6099 bijzondere
135.02 633.18 36.7325 10.6099 gevallen
175.01 633.18 16.0819 10.6099 kan
194.202 633.18 11.3933 10.6099 de
208.833 633.18 51.7248 10.6099 Voorzitter,
263.783 633.18 12.119 10.6099 op
279.013 633.18 37.1981 10.6099 verzoek
319.436 633.18 15.7248 10.6099 van
338.47 633.18 11.3981 10.6099 de
352.978 633.18 45.4925 10.6099 Financiële
401.581 633.18 69.4015 10.6099 dienstverlener,
474.208 633.18 35.7581 10.6099 bepalen

70.824 646.5 14.64 10.6099 dat
88.704 646.5 11.3981 10.6099 de
103.328 646.5 45.3658 10.6099 Financiële
151.896 646.5 66.7469 10.6099 dienstverlener
221.93 646.5 23.8694 10.6099 eerst
248.921 646.5 39.0067 10.6099 verweer
291.19 646.5 18.5933 10.6099 mag
312.905 646.5 32.7629 10.6099 voeren
348.91 646.5 25.5571 10.6099 tegen
377.578 646.5 15.1142 10.6099 het
395.929 646.5 8.28288 10.6099 in
407.311 646.5 54.72 10.6099 behandeling
465.256 646.5 31.4381 10.6099 nemen
499.805 646.5 15.7248 10.6099 van

70.824 659.82 11.3933 10.6099 de
85.4544 659.82 32.1685 10.6099 Klacht.
120.745 659.82 28.6733 10.6099 Tegen
152.655 659.82 16.681 10.6099 een
172.562 659.82 42.7162 10.6099 beslissing
218.515 659.82 15.7248 10.6099 van
237.35 659.82 11.3933 10.6099 de
251.981 659.82 49.2019 10.6099 Voorzitter
304.42 659.82 21.3581 10.6099 over
329.003 659.82 11.3933 10.6099 de
343.634 659.82 23.6506 10.6099 wijze
370.51 659.82 15.7248 10.6099 van
389.437 659.82 15.1373 10.6099 het
407.685 659.82 32.6362 10.6099 voeren
443.547 659.82 15.7248 10.6099 van
462.474 659.82 39.0067 10.6099 verweer

70.824 673.14 21.9456 10.6099 staat
96.0182 673.14 21.7152 10.6099 geen
120.844 673.14 32.6362 10.6099 hogere
156.602 673.14 54.0058 10.6099 voorziening
213.833 673.14 25.92 10.6099 open.

70.824 699.78 27.4867 10.6099 Artikel
101.54 699.78 12.0019 10.6099 13
116.78 699.78 41.4259 10.6099 Eventuele
161.408 699.78 50.6834 10.6099 voortzetting
215.318 699.78 47.9261 10.6099 schriftelijke
266.446 699.78 17.545 10.6099 deel
287.194 699.78 15.1258 10.6099 van
305.557 699.78 10.4486 10.6099 de
319.104 699.78 43.3498 10.6099 procedure

70.824 713.22 19.8029 10.6099 13.1
93.8525 713.22 14.6419 10.6099 Als
111.72 713.22 15.1142 10.6099 het
129.945 713.22 39.0067 10.6099 verweer
172.05 713.22 15.7248 10.6099 van
190.885 713.22 11.3933 10.6099 de
205.516 713.22 45.4925 10.6099 Financiële
254.119 713.22 66.839 10.6099 dienstverlener
324.183 713.22 17.6371 10.6099 niet
345.058 713.22 24.48 10.6099 méér
372.648 713.22 35.8733 10.6099 inhoudt
411.632 713.22 16.5542 10.6099 dan
431.308 713.22 16.7962 10.6099 een
451.341 713.22 46.4602 10.6099 verwijzing
501.004 713.22 20.0563 10.6099 naar

70.824 726.54 20.16 10.6099 haar
94.2096 726.54 45.8381 10.6099 standpunt
143.285 726.54 8.28288 10.6099 in
154.69 726.54 11.3933 10.6099 de
169.32 726.54 33.4081 10.6099 interne
205.954 726.54 78.9992 10.6099 klachtprocedure,
288.19 726.54 16.5542 10.6099 dan
307.751 726.54 31.4419 10.6099 wordt,
342.418 726.54 50.6304 10.6099 behoudens
396.286 726.54 15.1142 10.6099 het
414.511 726.54 40.6771 10.6099 bepaalde
458.425 726.54 8.28288 10.6099 in
469.933 726.54 29.2838 10.6099 artikel

70.824 739.856 22.3258 10.6099 12.5,
96.384 739.856 15.1142 10.6099 het
114.735 739.856 53.0475 10.6099 schriftelijke
171.008 739.856 19.319 10.6099 deel
193.449 739.856 15.7248 10.6099 van
212.377 739.856 11.4163 10.6099 de
227.019 739.856 48.8333 10.6099 procedure
279.19 739.856 46.5629 10.6099 beëindigd.

519 37.56 5.59728 11.04 6

70.824 86.2597 19.8 10.6099 13.2
93.864 86.2597 14.6342 10.6099 Als
111.74 86.2597 11.3981 10.6099 de
126.248 86.2597 45.4925 10.6099 Financiële
174.828 86.2597 66.839 10.6099 dienstverlener
244.97 86.2597 38.88 10.6099 verweer
287.076 86.2597 23.5123 10.6099 heeft
313.698 86.2597 40.32 10.6099 gevoerd,
357.244 86.2597 30.9542 10.6099 anders
391.435 86.2597 16.439 10.6099 dan
411.1 86.2597 23.04 10.6099 door
437.366 86.2597 9.35424 10.6099 te
449.957 86.2597 44.5363 10.6099 verwijzen
497.581 86.2597 20.16 10.6099 naar

70.824 99.5797 20.16 10.6099 haar
94.2096 99.5797 45.8381 10.6099 standpunt
143.285 99.5797 8.28288 10.6099 in
154.69 99.5797 11.3933 10.6099 de
169.32 99.5797 33.3619 10.6099 interne
205.908 99.5797 79.0234 10.6099 klachtprocedure,
288.157 99.5797 22.6714 10.6099 geeft
313.87 99.5797 11.3933 10.6099 de
328.5 99.5797 96.5952 10.6099 Geschillencommissie
428.38 99.5797 54.3514 10.6099 Consument
485.968 99.5797 11.3933 10.6099 de

70.824 112.9 54.361 10.6099 gelegenheid
128.389 112.9 30.9936 10.6099 binnen
162.611 112.9 23.1581 10.6099 twee
188.777 112.9 30.601 10.6099 weken
222.606 112.9 48.4982 10.6099 Schriftelijk
274.193 112.9 16.7981 10.6099 een
294.219 112.9 31.6858 10.6099 reactie
329.109 112.9 12.12 10.6099 op
344.491 112.9 14.6323 10.6099 dat
362.236 112.9 39.1122 10.6099 verweer
404.458 112.9 8.28288 10.6099 in
415.967 112.9 9.35424 10.6099 te
428.328 112.9 30.9542 10.6099 dienen
462.58 112.9 38.9029 10.6099 (repliek).
504.6 112.9 14.1581 10.6099 De

70.824 126.34 96.6701 10.6099 Geschillencommissie
170.69 126.34 16.1971 10.6099 kan
190.009 126.34 21.7152 10.6099 deze
214.961 126.34 33.6038 10.6099 termijn
251.676 126.34 12.119 10.6099 op
267.02 126.34 58.3142 10.6099 gemotiveerd
328.572 126.34 37.3248 10.6099 verzoek
368.995 126.34 15.7248 10.6099 van
387.923 126.34 11.4163 10.6099 de
402.58 126.34 54.3514 10.6099 Consument
460.18 126.34 38.039 10.6099 eenmaal

70.824 139.66 45.1123 10.6099 verlengen
119.162 139.66 18.2246 10.6099 met
140.508 139.66 23.1379 10.6099 twee
166.895 139.66 32.8723 10.6099 weken,
202.993 139.66 9.23328 10.6099 of
215.57 139.66 8.28288 10.6099 in
226.975 139.66 11.3933 10.6099 de
241.605 139.66 41.5181 10.6099 maanden
286.36 139.66 13.3286 10.6099 juli
302.788 139.66 11.2781 10.6099 en
317.176 139.66 39.8246 10.6099 augustus
360.19 139.66 18.2362 10.6099 met
381.663 139.66 15.1142 10.6099 ten
399.888 139.66 37.0829 10.6099 hoogste
440.196 139.66 17.6486 10.6099 vier
461.048 139.66 33.12 10.6099 weken.
497.4 139.66 17.0381 10.6099 Een

70.824 152.98 25.6781 10.6099 kopie
99.7277 152.98 15.7248 10.6099 van
118.655 152.98 11.3126 10.6099 de
133.193 152.98 31.9219 10.6099 reactie
168.214 152.98 28.0742 10.6099 stuurt
199.61 152.98 11.3933 10.6099 de
214.24 152.98 96.6067 10.6099 Geschillencommissie
313.87 152.98 15.6 10.6099 aan
332.71 152.98 11.3981 10.6099 de
347.334 152.98 45.3658 10.6099 Financiële
395.902 152.98 69.3209 10.6099 dienstverlener.

70.824 166.3 19.8 10.6099 13.3
93.864 166.3 33.719 10.6099 Daarna
130.7 166.3 22.6752 10.6099 geeft
156.62 166.3 11.2781 10.6099 de
171.124 166.3 96.6182 10.6099 Geschillencommissie
271.01 166.3 11.2981 10.6099 de
285.534 166.3 45.3658 10.6099 Financiële
334.102 166.3 66.8621 10.6099 dienstverlener
404.26 166.3 11.3933 10.6099 de
418.764 166.3 54.2362 10.6099 gelegenheid
476.237 166.3 31.081 10.6099 binnen

70.824 179.62 23.1552 10.6099 twee
97.2163 179.62 30.5971 10.6099 weken
130.924 179.62 48.4877 10.6099 Schriftelijk
182.614 179.62 16.5888 10.6099 een
202.428 179.62 45.9533 10.6099 antwoord
251.492 179.62 12.119 10.6099 op
266.837 179.62 11.3933 10.6099 de
281.34 179.62 31.9219 10.6099 reactie
316.361 179.62 8.28288 10.6099 in
327.87 179.62 9.35424 10.6099 te
340.346 179.62 30.9542 10.6099 dienen
374.71 179.62 41.0729 10.6099 (dupliek).
418.9 179.62 14.1581 10.6099 De

70.824 192.94 96.6701 10.6099 Geschillencommissie
170.69 192.94 16.1971 10.6099 kan
190.009 192.94 21.7152 10.6099 deze
214.961 192.94 33.6038 10.6099 termijn
251.676 192.94 12.119 10.6099 op
267.02 192.94 58.3142 10.6099 gemotiveerd
328.572 192.94 37.3248 10.6099 verzoek
368.995 192.94 15.7248 10.6099 van
387.923 192.94 11.4163 10.6099 de
402.449 192.94 45.3658 10.6099 Financiële
451.041 192.94 66.839 10.6099 dienstverlener

70.824 206.26 38.0506 10.6099 eenmaal
112.081 206.26 45.024 10.6099 verlengen
160.311 206.26 18.24 10.6099 met
181.689 206.26 23.0458 10.6099 twee
207.941 206.26 33.1296 10.6099 weken,
244.208 206.26 9.24096 10.6099 of
256.73 206.26 8.28288 10.6099 in
268.135 206.26 11.3933 10.6099 de
282.765 206.26 41.5181 10.6099 maanden
327.52 206.26 13.3286 10.6099 juli
344.052 206.26 11.2781 10.6099 en
358.463 206.26 39.8734 10.6099 augustus
401.5 206.26 18.2362 10.6099 met
422.858 206.26 14.999 10.6099 ten
441.083 206.26 37.1866 10.6099 hoogste
481.391 206.26 17.6486 10.6099 vier

70.824 219.7 33.1056 10.6099 weken.
107.18 219.7 17.0381 10.6099 Een
127.444 219.7 25.5629 10.6099 kopie
156.232 219.7 15.7248 10.6099 van
175.056 219.7 15.1142 10.6099 het
193.292 219.7 45.9533 10.6099 antwoord
242.482 219.7 12.119 10.6099 op
257.712 219.7 11.3933 10.6099 de
272.342 219.7 31.8067 10.6099 reactie
307.375 219.7 28.0742 10.6099 stuurt
338.83 219.7 11.3933 10.6099 de
353.46 219.7 96.4685 10.6099 Geschillencommissie
453.22 219.7 15.6 10.6099 aan

70.824 233.02 57.024 10.6099 Consument.

70.824 246.34 19.8 10.6099 13.4
93.864 246.34 38.7667 10.6099 Reacties
135.733 246.34 9.24096 10.6099 of
148.181 246.34 57.0298 10.6099 antwoorden
208.49 246.34 29.1571 10.6099 buiten
240.769 246.34 11.3933 10.6099 de
255.399 246.34 33.6038 10.6099 termijn
292.15 246.34 50.2848 10.6099 ontvangen,
345.637 246.34 29.6525 10.6099 blijven
378.43 246.34 29.1571 10.6099 buiten
410.86 246.34 62.4029 10.6099 beschouwing,
476.488 246.34 24.9638 10.6099 tenzij
504.551 246.34 11.3933 10.6099 de

70.824 259.69 49.3344 10.6099 Voorzitter
123.365 259.69 68.784 10.6099 zwaarwegende
195.252 259.69 38.7648 10.6099 gronden
237.131 259.69 41.6582 10.6099 aanwezig
282.07 259.69 19.4342 10.6099 acht
304.741 259.69 14.999 10.6099 het
322.978 259.69 19.5494 10.6099 stuk
345.764 259.69 20.8858 10.6099 toch
369.852 259.69 15.7363 10.6099 toe
388.699 259.69 9.35424 10.6099 te
401.29 259.69 24.9638 10.6099 laten.

70.824 273.01 19.8029 10.6099 13.5
97.104 273.01 8.64 10.6099 In
108.866 273.01 39.8477 10.6099 afwijking
151.916 273.01 15.7248 10.6099 van
170.774 273.01 29.2838 10.6099 artikel
203.284 273.01 19.8029 10.6099 13.2
226.37 273.01 28.8 10.6099 wordt
258.407 273.01 10.679 10.6099 na
272.21 273.01 15.1142 10.6099 het
290.59 273.01 38.88 10.6099 verweer
332.71 273.01 15.7248 10.6099 van
351.637 273.01 11.4163 10.6099 de
366.164 273.01 45.4925 10.6099 Financiële
414.744 273.01 66.839 10.6099 dienstverlener
484.809 273.01 15.5981 10.6099 aan

70.824 286.33 54.4973 10.6099 Consument
128.54 286.33 21.6 10.6099 geen
153.366 286.33 54.121 10.6099 gelegenheid
210.724 286.33 37.1981 10.6099 gegeven
251.09 286.33 14.039 10.6099 tot
268.37 286.33 16.7962 10.6099 een
288.277 286.33 53.879 10.6099 Schriftelijke
345.43 286.33 31.9104 10.6099 reactie
380.47 286.33 11.8771 10.6099 als
395.584 286.33 10.08 10.6099 er
408.775 286.33 16.7962 10.6099 een
428.693 286.33 53.6371 10.6099 mondelinge

70.824 299.65 54.8352 10.6099 behandeling
128.896 299.65 15.7248 10.6099 van
147.72 299.65 11.3933 10.6099 de
162.26 299.65 29.641 10.6099 Klacht
195.05 299.65 12.2458 10.6099 zal
210.498 299.65 56.7917 10.6099 plaatsvinden
270.53 299.65 11.8771 10.6099 als
285.518 299.65 37.3133 10.6099 bedoeld
326.056 299.65 8.28288 10.6099 in
337.565 299.65 29.399 10.6099 artikel
370.15 299.65 11.52 10.6099 33
384.91 299.65 11.2781 10.6099 en
399.34 299.65 15.1142 10.6099 het
417.691 299.65 19.9296 10.6099 naar
440.847 299.65 15.1142 10.6099 het
459.198 299.65 36.599 10.6099 oordeel
499.023 299.65 15.7248 10.6099 van

70.824 313.09 11.3933 10.6099 de
85.4544 313.09 96.5952 10.6099 Geschillencommissie
185.33 313.09 17.5104 10.6099 niet
206.078 313.09 25.4362 10.6099 nodig
234.77 313.09 6.95808 10.6099 is
244.838 313.09 14.6304 10.6099 dat
262.61 313.09 23.8771 10.6099 eerst
289.75 313.09 14.999 10.6099 het
307.986 313.09 53.0496 10.6099 schriftelijke
364.238 313.09 25.9315 10.6099 debat
393.34 313.09 17.0381 10.6099 nog
413.62 313.09 28.6733 10.6099 wordt
445.53 313.09 53.28 10.6099 voortgezet.

70.824 326.41 12.6029 10.6099 De
86.6525 326.41 30.1478 10.6099 termijn
120.003 326.41 18.2477 10.6099 voor
141.361 326.41 10.4486 10.6099 de
155.012 326.41 28.9803 10.6099 reactie
187.08 326.41 10.6906 10.6099 op
200.973 326.41 33.7536 10.6099 verweer
237.952 326.41 10.4486 10.6099 en
251.603 326.41 29.9059 10.6099 nadere
284.62 326.41 28.9382 10.6099 reactie
316.75 326.41 15.1258 10.6099 van
335.11 326.41 10.4458 10.6099 de
348.758 326.41 41.9328 10.6099 Financiële
393.894 326.41 59.4432 10.6099 dienstverlener
456.58 326.41 15.0106 10.6099 zijn
474.793 326.41 44.7782 10.6099 afgestemd

70.824 339.73 10.8048 10.6099 op
84.864 339.73 13.6858 10.6099 het
101.752 339.73 40.1011 10.6099 overgrote
144.964 339.73 17.6602 10.6099 deel
165.827 339.73 15.1258 10.6099 van
184.074 339.73 10.3219 10.6099 de
197.599 339.73 19.3306 10.6099 door
220.25 339.73 10.4486 10.6099 de
233.901 339.73 86.8032 10.6099 Geschillencommissie
323.95 339.73 49.6944 10.6099 behandelde
376.841 339.73 36.7258 10.6099 gevallen.
416.706 339.73 12.6 10.6099 De
432.422 339.73 41.5325 10.6099 algemene

70.824 353.05 75.9629 10.6099 hardheidsclausule
150.007 353.05 7.56576 10.6099 in
160.82 353.05 26.8992 10.6099 artikel
190.703 353.05 12.0038 10.6099 57
205.909 353.05 15.1258 10.6099 van
224.33 353.05 13.6858 10.6099 het
241.115 353.05 42.9581 10.6099 reglement
287.31 353.05 21.2544 10.6099 biedt
311.548 353.05 10.4486 10.6099 de
325.199 353.05 53.4413 10.6099 mogelijkheid
381.843 353.05 15.4944 10.6099 een
400.459 353.05 31.5878 10.6099 langere
435.123 353.05 30.1478 10.6099 termijn
468.473 353.05 8.28288 10.6099 te
479.993 353.05 36.2419 10.6099 bepalen.

70.824 379.69 27.4867 10.6099 Artikel
101.532 379.69 12.0019 10.6099 14
116.78 379.69 32.4288 10.6099 Nadere
152.285 379.69 47.7734 10.6099 inlichtingen

70.824 393.01 14.1581 10.6099 De
88.2077 393.01 96.5952 10.6099 Geschillencommissie
188.09 393.01 16.0819 10.6099 kan
207.398 393.01 8.28288 10.6099 in
218.906 393.01 23.9962 10.6099 ieder
246.013 393.01 36.2304 10.6099 stadium
285.353 393.01 15.7248 10.6099 van
304.281 393.01 11.3126 10.6099 de
318.704 393.01 48.96 10.6099 procedure
371.11 393.01 35.6429 10.6099 bepalen
409.978 393.01 14.5152 10.6099 dat
427.731 393.01 35.2858 10.6099 partijen
466.242 393.01 16.7962 10.6099 een
486.275 393.01 32.0371 10.6099 nadere

70.824 406.33 48.6067 10.6099 toelichting
122.641 406.33 26.7763 10.6099 geven
152.512 406.33 9.24288 10.6099 of
165.012 406.33 40.5658 10.6099 bepaalde
208.788 406.33 12.1229 10.6099 op
224.167 406.33 11.3971 10.6099 de
238.659 406.33 20.1715 10.6099 zaak
261.972 406.33 49.4669 10.6099 betrekking
314.418 406.33 45.4963 10.6099 hebbende
363.125 406.33 36.2534 10.6099 stukken
402.588 406.33 15.6058 10.6099 aan
421.301 406.33 15.1219 10.6099 het
439.541 406.33 33.7536 10.6099 dossier

70.824 419.77 51.3589 10.6099 toevoegen.
125.408 419.77 14.1581 10.6099 De
142.677 419.77 32.1523 10.6099 andere
178.01 419.77 24.0077 10.6099 partij
205.243 419.77 12.2458 10.6099 zal
220.692 419.77 8.28288 10.6099 in
232.119 419.77 11.3933 10.6099 de
246.75 419.77 54.2362 10.6099 gelegenheid
304.223 419.77 36.2304 10.6099 worden
343.691 419.77 32.6246 10.6099 gesteld
379.437 419.77 9.35424 10.6099 te
392.029 419.77 43.5571 10.6099 reageren,
438.811 419.77 24.9638 10.6099 tenzij
466.978 419.77 11.4163 10.6099 de
481.66 419.77 32.1523 10.6099 nadere

70.824 433.11 59.8646 10.6099 toelichtingen
133.914 433.11 9.23328 10.6099 of
146.269 433.11 11.3875 10.6099 de
160.94 433.11 36.1152 10.6099 stukken
200.281 433.11 22.3258 10.6099 voor
225.809 433.11 11.4163 10.6099 de
240.336 433.11 78.9581 10.6099 oordeelsvorming
322.52 433.11 23.1552 10.6099 door
348.912 433.11 11.2781 10.6099 de
363.416 433.11 51.5866 10.6099 Commissie
418.239 433.11 17.5104 10.6099 niet
438.987 433.11 15.7248 10.6099 van
457.914 433.11 29.2954 10.6099 belang
490.435 433.11 18.1325 10.6099 zijn.

70.824 446.43 14.1581 10.6099 De
88.2077 446.43 96.5952 10.6099 Geschillencommissie
187.97 446.43 33.2352 10.6099 bepaalt
224.442 446.43 12.119 10.6099 op
239.683 446.43 27.36 10.6099 welke
270.269 446.43 23.6506 10.6099 wijze
297.018 446.43 36.2304 10.6099 stukken
336.486 446.43 35.8733 10.6099 moeten
375.47 446.43 36.3571 10.6099 worden
414.937 446.43 46.6675 10.6099 ingediend.

70.824 473.07 27.4867 10.6099 Artikel
101.532 473.07 12.0019 10.6099 15
116.78 473.07 31.3344 10.6099 Gebrek
151.202 473.07 16.2086 10.6099 aan
170.613 473.07 57.4649 10.6099 medewerking
231.29 473.07 19.3219 10.6099 door
253.85 473.07 48.4877 10.6099 Consument

70.824 486.39 14.1581 10.6099 De
88.2077 486.39 49.3171 10.6099 Voorzitter
140.635 486.39 16.1971 10.6099 kan
160.058 486.39 16.681 10.6099 een
179.964 486.39 33.5923 10.6099 dossier
216.794 486.39 30.3552 10.6099 sluiten
250.37 486.39 11.2781 10.6099 en
264.874 486.39 11.3933 10.6099 de
279.377 486.39 29.641 10.6099 Klacht
312.025 486.39 31.081 10.6099 verder
346.332 486.39 29.1571 10.6099 buiten
378.599 486.39 54.8352 10.6099 behandeling
436.545 486.39 32.6362 10.6099 stellen,
472.418 486.39 9.23904 10.6099 of
484.767 486.39 32.1523 10.6099 andere

70.824 499.71 57.001 10.6099 procedurele
131.051 499.71 53.9942 10.6099 beslissingen
188.178 499.71 31.4381 10.6099 nemen
222.842 499.71 13.9162 10.6099 die
239.995 499.71 10.8058 10.6099 hij
253.9 499.71 36.599 10.6099 passend
293.736 499.71 21.9571 10.6099 acht,
318.919 499.71 27.959 10.6099 indien
350.103 499.71 16.7962 10.6099 een
370.01 499.71 56.8742 10.6099 Consument,
430.006 499.71 18.2362 10.6099 ook
451.479 499.71 25.491 10.6099 nadat
480.081 499.71 42.601 10.6099 daarvoor

70.824 513.15 16.7962 10.6099 een
90.8573 513.15 29.9866 10.6099 laatste
123.966 513.15 33.6038 10.6099 termijn
160.772 513.15 6.95808 10.6099 is
170.875 513.15 35.0977 10.6099 gesteld,
209.198 513.15 40.9306 10.6099 verzuimt
253.239 513.15 12.119 10.6099 op
268.584 513.15 48.361 10.6099 verzoeken
320.171 513.15 14.0314 10.6099 tot
337.439 513.15 15.1142 10.6099 het
355.664 513.15 41.5181 10.6099 inzenden
400.292 513.15 15.7248 10.6099 van
419.22 513.15 36.1382 10.6099 stukken
458.595 513.15 9.23904 10.6099 of
471.06 513.15 14.999 10.6099 het

70.824 526.47 55.7914 10.6099 verstrekken
129.852 526.47 15.7275 10.6099 van
148.69 526.47 52.3238 10.6099 inlichtingen
204.24 526.47 9.35424 10.6099 te
216.831 526.47 43.6838 10.6099 reageren.

70.824 553.11 27.4867 10.6099 Artikel
101.532 553.11 12.0019 10.6099 16
116.78 553.11 65.7907 10.6099 Tegenvordering
185.81 553.11 10.3219 10.6099 en
199.358 553.11 49.801 10.6099 verrekening

70.824 566.43 14.1581 10.6099 De
88.2077 566.43 45.4925 10.6099 Financiële
136.811 566.43 66.839 10.6099 dienstverlener
206.93 566.43 16.1971 10.6099 kan
226.353 566.43 17.6371 10.6099 niet
247.1 566.43 15.7248 10.6099 van
266.028 566.43 20.0678 10.6099 haar
289.321 566.43 20.0333 10.6099 kant
312.361 566.43 16.7962 10.6099 een
332.394 566.43 70.6328 10.6099 tegenvordering
406.253 566.43 25.4362 10.6099 tegen
434.811 566.43 54.4666 10.6099 Consument

70.824 579.75 41.737 10.6099 indienen,
115.815 579.75 29.8598 10.6099 omdat
148.82 579.75 11.3933 10.6099 de
163.45 579.75 96.4915 10.6099 Geschillencommissie
263.21 579.75 26.6458 10.6099 alleen
293.081 579.75 40.7923 10.6099 Klachten
337.111 579.75 15.7248 10.6099 van
356.038 579.75 65.664 10.6099 Consumenten
424.824 579.75 47.8771 10.6099 behandelt.
476.02 579.75 14.1581 10.6099 De

70.824 593.07 45.4666 10.6099 Financiële
119.533 593.07 66.8475 10.6099 dienstverlener
189.53 593.07 16.1971 10.6099 kan
208.953 593.07 16.7962 10.6099 een
228.986 593.07 70.56 10.6099 tegenvordering
302.656 593.07 16.1971 10.6099 wel
322.079 593.07 11.8771 10.6099 als
337.193 593.07 39.0067 10.6099 verweer
379.299 593.07 48.2342 10.6099 aanvoeren
430.9 593.07 8.15616 10.6099 in
442.282 593.07 11.3933 10.6099 de
456.912 593.07 24.8486 10.6099 vorm
484.86 593.07 15.7248 10.6099 van
503.787 593.07 16.704 10.6099 een

70.824 606.42 33.4771 10.6099 beroep
107.527 606.42 12.119 10.6099 op
122.871 606.42 57.6 10.6099 verrekening,
183.582 606.42 27.8323 10.6099 indien
214.651 606.42 15.5981 10.6099 aan
233.475 606.42 11.2781 10.6099 de
247.979 606.42 45.481 10.6099 wettelijke
296.685 606.42 62.0352 10.6099 voorwaarden
361.946 606.42 42.4858 10.6099 daarvoor
407.657 606.42 6.95808 10.6099 is
417.726 606.42 37.7971 10.6099 voldaan.

70.824 633.18 27.4867 10.6099 Artikel
101.532 633.18 12.0019 10.6099 17
116.756 633.18 43.0944 10.6099 Oproepen
162.934 633.18 29.8963 10.6099 andere
195.914 633.18 22.2125 10.6099 partij

70.824 646.5 19.8029 10.6099 17.1
93.8525 646.5 11.5315 10.6099 Bij
108.587 646.5 11.3933 10.6099 de
123.113 646.5 26.0352 10.6099 feiten
152.386 646.5 13.801 10.6099 die
169.412 646.5 15.5981 10.6099 aan
188.017 646.5 11.3933 10.6099 de
202.647 646.5 29.641 10.6099 Klacht
235.514 646.5 14.999 10.6099 ten
253.739 646.5 44.1562 10.6099 grondslag
301.132 646.5 28.701 10.6099 liggen,
333.07 646.5 16.1971 10.6099 kan
352.493 646.5 18.121 10.6099 ook
373.839 646.5 16.7962 10.6099 een
393.746 646.5 32.1523 10.6099 andere
428.98 646.5 45.4666 10.6099 Financiële

70.824 659.82 66.9542 10.6099 dienstverlener
141.02 659.82 48.2342 10.6099 betrokken
192.388 659.82 15.6096 10.6099 zijn
211.25 659.82 25.5514 10.6099 tegen
240.038 659.82 16.3238 10.6099 wie
259.461 659.82 11.3933 10.6099 de
273.976 659.82 29.641 10.6099 Klacht
306.843 659.82 17.5104 10.6099 niet
327.59 659.82 6.95808 10.6099 is
337.774 659.82 46.7787 10.6099 ingediend.
387.778 659.82 14.6419 10.6099 Als
405.519 659.82 15.1142 10.6099 het
423.871 659.82 22.199 10.6099 voor
449.295 659.82 15.1142 10.6099 het
467.647 659.82 53.6371 10.6099 beoordelen

70.824 673.14 15.7248 10.6099 van
89.7514 673.14 11.4163 10.6099 de
104.393 673.14 29.5142 10.6099 Klacht
137.145 673.14 42.601 10.6099 wenselijk
182.844 673.14 6.95808 10.6099 is
192.924 673.14 14.6304 10.6099 dat
210.792 673.14 18.2362 10.6099 ook
232.15 673.14 21.7152 10.6099 deze
257.21 673.14 45.3542 10.6099 Financiële
305.79 673.14 66.839 10.6099 dienstverlener
375.91 673.14 8.28288 10.6099 in
387.292 673.14 11.3933 10.6099 de
401.922 673.14 48.7181 10.6099 procedure
453.866 673.14 10.8058 10.6099 bij
467.98 673.14 11.3933 10.6099 de

70.824 686.46 96.6701 10.6099 Geschillencommissie
170.69 686.46 43.9142 10.6099 meedoet,
217.841 686.46 16.1971 10.6099 kan
237.16 686.46 11.3933 10.6099 de
251.791 686.46 49.1904 10.6099 Voorzitter
304.27 686.46 5.76 10.6099 –
313.03 686.46 12.119 10.6099 op
328.375 686.46 24.2554 10.6099 eigen
355.856 686.46 36.7142 10.6099 initiatief
395.807 686.46 9.23904 10.6099 of
408.156 686.46 12.119 10.6099 op
423.501 686.46 37.1981 10.6099 verzoek
464.02 686.46 15.7133 10.6099 van
482.98 686.46 11.2781 10.6099 de

70.824 699.78 45.4666 10.6099 Financiële
119.533 699.78 66.8246 10.6099 dienstverlener
189.601 699.78 25.4246 10.6099 tegen
218.268 699.78 16.3181 10.6099 wie
237.818 699.78 11.3904 10.6099 de
252.336 699.78 29.6266 10.6099 Klacht
285.09 699.78 6.9552 10.6099 is
295.277 699.78 44.1446 10.6099 ingediend
342.79 699.78 5.76 10.6099 –
351.79 699.78 15.4829 10.6099 aan
370.498 699.78 54.3514 10.6099 Consument
428.14 699.78 30.5971 10.6099 vragen
461.963 699.78 18.2362 10.6099 ook
483.321 699.78 16.7962 10.6099 een

70.824 713.22 29.641 10.6099 Klacht
103.691 713.22 8.28288 10.6099 in
115.199 713.22 9.35424 10.6099 te
127.664 713.22 30.9542 10.6099 dienen
161.728 713.22 25.5514 10.6099 tegen
190.413 713.22 13.9162 10.6099 die
207.566 713.22 32.1523 10.6099 andere
242.93 713.22 45.4666 10.6099 Financiële
291.639 713.22 69.2734 10.6099 dienstverlener.

70.824 726.54 19.8029 10.6099 17.2
93.864 726.54 8.64 10.6099 In
105.73 726.54 19.4458 10.6099 zo’n
128.274 726.54 22.9248 10.6099 geval
154.46 726.54 6.95808 10.6099 is
164.528 726.54 15.1142 10.6099 het
182.765 726.54 17.5104 10.6099 niet
203.57 726.54 25.4362 10.6099 nodig
232.243 726.54 14.5152 10.6099 dat
250.01 726.54 54.3514 10.6099 Consument
307.63 726.54 23.7542 10.6099 eerst
334.621 726.54 11.3933 10.6099 de
349.252 726.54 33.3619 10.6099 interne
385.839 726.54 76.374 10.6099 klachtprocedure
465.45 726.54 10.8058 10.6099 bij
479.459 726.54 13.9392 10.6099 die

70.824 739.856 45.4666 10.6099 Financiële
119.533 739.856 66.8246 10.6099 dienstverlener
189.53 739.856 25.2029 10.6099 volgt.

519 37.56 5.59728 11.04 7

70.824 86.2597 19.8029 10.6099 17.3
93.8525 86.2597 14.6419 10.6099 Als
111.72 86.2597 54.3514 10.6099 Consument
169.205 86.2597 17.6371 10.6099 niet
189.964 86.2597 35.5162 10.6099 voldoet
228.717 86.2597 15.5981 10.6099 aan
247.426 86.2597 15.1142 10.6099 het
265.777 86.2597 37.1981 10.6099 verzoek
306.212 86.2597 11.2781 10.6099 de
320.716 86.2597 29.641 10.6099 Klacht
353.582 86.2597 18.121 10.6099 ook
374.929 86.2597 8.28288 10.6099 in
386.437 86.2597 9.23904 10.6099 te
398.902 86.2597 30.9542 10.6099 dienen
432.863 86.2597 25.5514 10.6099 tegen
461.652 86.2597 11.3933 10.6099 de
476.167 86.2597 32.1523 10.6099 andere

70.824 99.5797 45.4666 10.6099 Financiële
119.533 99.5797 69.3994 10.6099 dienstverlener,
192.055 99.5797 16.1971 10.6099 kan
211.478 99.5797 11.3933 10.6099 de
226.108 99.5797 49.2019 10.6099 Voorzitter
278.535 99.5797 41.4029 10.6099 besluiten
323.164 99.5797 14.6304 10.6099 dat
341.031 99.5797 11.3933 10.6099 de
355.535 99.5797 29.641 10.6099 Klacht
388.42 99.5797 40.5619 10.6099 helemaal
432.104 99.5797 17.6371 10.6099 niet
452.967 99.5797 47.5085 10.6099 behandeld

70.824 112.9 31.4381 10.6099 wordt.
105.488 112.9 14.999 10.6099 Dit
123.712 112.9 12.119 10.6099 zal
139.057 112.9 10.8058 10.6099 hij
153.065 112.9 23.4317 10.6099 doen
179.723 112.9 11.8771 10.6099 als
194.71 112.9 11.3933 10.6099 de
209.45 112.9 45.4666 10.6099 Financiële
258.044 112.9 66.7094 10.6099 dienstverlener
328.03 112.9 25.5514 10.6099 tegen
356.818 112.9 16.1971 10.6099 wie
376.241 112.9 16.3238 10.6099 wel
395.768 112.9 6.86592 10.6099 is
405.94 112.9 38.9952 10.6099 geklaagd
448.172 112.9 31.0694 10.6099 anders

70.824 126.34 46.6877 10.6099 onredelijk
120.716 126.34 8.28384 10.6099 in
132.251 126.34 15.4858 10.6099 zijn
150.98 126.34 30.9542 10.6099 positie
185.045 126.34 9.12384 10.6099 of
197.394 126.34 53.0381 10.6099 verdediging
253.543 126.34 28.9152 10.6099 wordt
285.695 126.34 49.559 10.6099 benadeeld.

70.824 139.66 19.8029 10.6099 17.4
93.864 139.66 14.1581 10.6099 De
111.248 139.66 96.4685 10.6099 Geschillencommissie
211.01 139.66 16.1971 10.6099 kan
230.433 139.66 32.0371 10.6099 andere
265.73 139.66 45.3658 10.6099 Financiële
314.195 139.66 71.3894 10.6099 dienstverleners
388.78 139.66 16.5542 10.6099 dan
408.445 139.66 11.3933 10.6099 de
423.1 139.66 45.3629 10.6099 Financiële

70.824 152.98 66.9542 10.6099 dienstverlener
141.02 152.98 13.801 10.6099 die
158.047 152.98 8.28288 10.6099 in
169.451 152.98 11.3933 10.6099 de
184.082 152.98 48.8448 10.6099 procedure
236.152 152.98 24.1229 10.6099 partij
263.374 152.98 9.55896 10.6099 is,
276.19 152.98 48.361 10.6099 verzoeken
327.788 152.98 52.4506 10.6099 inlichtingen
383.338 152.98 9.35424 10.6099 te
395.929 152.98 55.561 10.6099 verstrekken
454.727 152.98 13.9162 10.6099 die
471.88 152.98 25.321 10.6099 nodig
500.438 152.98 15.6096 10.6099 zijn

70.824 166.3 22.3258 10.6099 voor
96.3523 166.3 11.4163 10.6099 de
110.994 166.3 55.561 10.6099 beoordeling
169.666 166.3 15.7248 10.6099 van
188.501 166.3 15.1142 10.6099 het
206.852 166.3 33.2467 10.6099 geschil.
243.209 166.3 35.5162 10.6099 Partijen
281.963 166.3 36.1152 10.6099 worden
321.303 166.3 15.7248 10.6099 van
340.231 166.3 14.6534 10.6099 dat
357.995 166.3 37.3248 10.6099 verzoek
398.418 166.3 11.2781 10.6099 en
412.922 166.3 11.3933 10.6099 de
427.322 166.3 52.4506 10.6099 inlichtingen
482.975 166.3 12.119 10.6099 op
498.228 166.3 11.3933 10.6099 de

70.824 179.62 32.7514 10.6099 hoogte
106.812 179.62 32.5246 10.6099 gesteld
142.574 179.62 11.2781 10.6099 en
156.963 179.62 31.3229 10.6099 krijgen
191.408 179.62 11.3933 10.6099 de
206.038 179.62 58.441 10.6099 mogelijkheid
267.65 179.62 12.119 10.6099 op
282.995 179.62 16.681 10.6099 een
302.901 179.62 23.04 10.6099 door
329.23 179.62 11.3981 10.6099 de
343.87 179.62 96.4685 10.6099 Geschillencommissie
443.62 179.62 9.35424 10.6099 te
456.211 179.62 35.6429 10.6099 bepalen
495.08 179.62 23.6506 10.6099 wijze

70.824 192.94 12.119 10.6099 op
86.1686 192.94 11.3933 10.6099 de
100.799 192.94 52.3123 10.6099 inlichtingen
156.337 192.94 9.35424 10.6099 te
168.802 192.94 43.7713 10.6099 reageren.

70.824 219.7 27.4867 10.6099 Artikel
101.532 219.7 12.0019 10.6099 18
116.756 219.7 16.32 10.6099 Het
136.183 219.7 28.4467 10.6099 samen
167.828 219.7 49.6109 10.6099 behandelen
220.638 219.7 36.6086 10.6099 (voegen)
260.491 219.7 15.1219 10.6099 van
278.72 219.7 26.3962 10.6099 zaken

70.824 233.02 19.8029 10.6099 18.1
93.8525 233.02 14.1581 10.6099 De
111.236 233.02 49.2019 10.6099 Voorzitter
163.664 233.02 18.6048 10.6099 kan,
185.57 233.02 7.44192 10.6099 al
196.111 233.02 16.5542 10.6099 dan
215.902 233.02 17.6371 10.6099 niet
236.69 233.02 12.119 10.6099 op
252.035 233.02 37.1981 10.6099 verzoek
292.47 233.02 15.7248 10.6099 van
311.19 233.02 16.7962 10.6099 een
331.223 233.02 9.23904 10.6099 of
343.688 233.02 24.3648 10.6099 meer
371.278 233.02 37.9238 10.6099 partijen,
412.301 233.02 41.5181 10.6099 besluiten
457.045 233.02 14.6304 10.6099 dat
474.912 233.02 26.3923 10.6099 zaken
504.542 233.02 13.9162 10.6099 die

70.824 246.34 18.1325 10.6099 zich
92.159 246.34 22.3258 10.6099 voor
117.733 246.34 58.8096 10.6099 gezamenlijke
179.746 246.34 54.7546 10.6099 behandeling
237.726 246.34 27.6452 10.6099 lenen,
268.481 246.34 38.1542 10.6099 gevoegd
309.642 246.34 26.8877 10.6099 zullen
339.733 246.34 36.3571 10.6099 worden
379.223 246.34 50.0314 10.6099 behandeld.

70.824 259.69 19.8029 10.6099 18.2
93.8525 259.69 11.5315 10.6099 Bij
108.587 259.69 16.7962 10.6099 een
128.516 259.69 43.6723 10.6099 gevoegde
175.299 259.69 54.72 10.6099 behandeling
233.244 259.69 31.3229 10.6099 krijgen
267.666 259.69 15.4829 10.6099 alle
286.375 259.69 35.159 10.6099 partijen
324.759 259.69 48.119 10.6099 afschriften
375.989 259.69 15.7248 10.6099 van
394.916 259.69 11.4163 10.6099 de
409.443 259.69 36.2419 10.6099 stukken
448.922 259.69 13.9162 10.6099 die
466.075 259.69 34.4333 10.6099 volgens
503.746 259.69 12.2342 10.6099 dit

70.824 273.01 49.4477 10.6099 Reglement
123.478 273.01 15.6019 10.6099 aan
142.217 273.01 11.3952 10.6099 de
156.86 273.01 32.0371 10.6099 andere
192.05 273.01 24.1229 10.6099 partij
219.398 273.01 35.8733 10.6099 moeten
258.382 273.01 36.3571 10.6099 worden
297.85 273.01 46.921 10.6099 gezonden.
348.008 273.01 14.999 10.6099 Dit
366.232 273.01 6.83136 10.6099 is
376.301 273.01 30.9542 10.6099 anders
410.492 273.01 11.8771 10.6099 als
425.491 273.01 16.681 10.6099 een
445.398 273.01 24.1229 10.6099 partij
472.746 273.01 41.0342 10.6099 verzoekt

70.824 286.33 16.7962 10.6099 een
90.8573 286.33 19.5494 10.6099 stuk
113.644 286.33 26.6342 10.6099 alleen
143.515 286.33 15.5981 10.6099 aan
162.224 286.33 20.16 10.6099 haar
185.57 286.33 32.7629 10.6099 directe
221.535 286.33 53.9021 10.6099 wederpartij
278.536 286.33 9.35424 10.6099 te
291.128 286.33 29.641 10.6099 sturen
323.994 286.33 11.2781 10.6099 en
338.498 286.33 11.3933 10.6099 de
353.002 286.33 49.3171 10.6099 Voorzitter
405.429 286.33 40.4352 10.6099 oordeelt
449.102 286.33 14.6304 10.6099 dat
466.969 286.33 11.2781 10.6099 de
481.473 286.33 32.1523 10.6099 andere

70.824 299.65 35.401 10.6099 partijen
109.451 299.65 43.3152 10.6099 daardoor
155.991 299.65 17.6371 10.6099 niet
176.739 299.65 46.5523 10.6099 onredelijk
226.517 299.65 8.28288 10.6099 in
238.002 299.65 17.28 10.6099 hun
258.427 299.65 29.399 10.6099 belang
290.937 299.65 36.2419 10.6099 worden
330.404 299.65 43.9142 10.6099 geschaad.

70.824 326.41 27.4867 10.6099 Artikel
101.532 326.41 12.0019 10.6099 19
116.756 326.41 23.0573 10.6099 Meer
142.897 326.41 32.6573 10.6099 partijen

70.824 339.73 14.6419 10.6099 Als
88.6915 339.73 16.7962 10.6099 een
108.725 339.73 29.5142 10.6099 Klacht
141.476 339.73 28.9152 10.6099 wordt
173.502 339.73 44.1562 10.6099 ingediend
220.895 339.73 23.1552 10.6099 door
247.161 339.73 9.23904 10.6099 of
259.625 339.73 25.4362 10.6099 tegen
288.287 339.73 24.48 10.6099 meer
315.877 339.73 16.5542 10.6099 dan
335.83 339.73 16.8 10.6099 één
355.74 339.73 26.6458 10.6099 partij,
385.589 339.73 36.265 10.6099 worden
425.091 339.73 11.2781 10.6099 de
439.594 339.73 48.96 10.6099 bepalingen
491.665 339.73 15.7248 10.6099 van
510.592 339.73 12.3639 10.6099 dit

70.824 353.05 49.4477 10.6099 Reglement
123.478 353.05 45.024 10.6099 toegepast
171.732 353.05 20.9971 10.6099 alsof
195.843 353.05 9.85344 10.6099 zij
208.903 353.05 22.3315 10.6099 voor
234.36 353.05 24.4858 10.6099 meer
262.052 353.05 35.3107 10.6099 partijen
300.569 353.05 15.5117 10.6099 zijn
319.287 353.05 54.7055 10.6099 geschreven.

70.824 379.69 67.5437 10.6099 Bemiddeling

70.824 393.01 27.4867 10.6099 Artikel
101.532 393.01 12.0019 10.6099 20
116.756 393.01 51.959 10.6099 Bemiddeling

70.824 406.33 28.3162 10.6099 Indien
102.377 406.33 11.3933 10.6099 de
116.892 406.33 29.641 10.6099 Klacht
149.759 406.33 11.2781 10.6099 en
164.148 406.33 15.1142 10.6099 het
182.499 406.33 45.7114 10.6099 standpunt
231.447 406.33 15.7248 10.6099 van
250.271 406.33 11.3933 10.6099 de
264.901 406.33 45.3542 10.6099 Financiële
313.366 406.33 66.9542 10.6099 dienstverlener
383.431 406.33 20.16 10.6099 naar
406.816 406.33 14.999 10.6099 het
425.052 406.33 36.599 10.6099 oordeel
464.889 406.33 15.7248 10.6099 van
483.94 406.33 11.3933 10.6099 de

70.824 419.77 96.6701 10.6099 Geschillencommissie
170.69 419.77 45.1238 10.6099 aanleiding
219.039 419.77 26.761 10.6099 geven
248.911 419.77 14.0314 10.6099 tot
266.179 419.77 15.1142 10.6099 het
284.404 419.77 61.4362 10.6099 onderzoeken
349.066 419.77 9.23904 10.6099 of
361.427 419.77 16.7962 10.6099 een
381.46 419.77 46.921 10.6099 minnelijke
431.491 419.77 36.2419 10.6099 regeling
470.959 419.77 38.6496 10.6099 mogelijk
512.811 419.77 9.504 10.6099 is,

70.824 433.11 23.04 10.6099 vindt
97.0896 433.11 55.6762 10.6099 bemiddeling
155.876 433.11 23.1552 10.6099 door
182.21 433.11 11.3933 10.6099 de
196.714 433.11 96.5952 10.6099 Geschillencommissie
296.59 433.11 28.8 10.6099 plaats.

70.824 459.75 27.4867 10.6099 Artikel
101.532 459.75 12.0019 10.6099 21
116.756 459.75 12.601 10.6099 De
132.464 459.75 43.3344 10.6099 procedure
178.997 459.75 9.73056 10.6099 bij
191.742 459.75 51.625 10.6099 bemiddeling

70.824 473.07 19.8029 10.6099 21.1
93.8525 473.07 56.4019 10.6099 Bemiddeling
153.353 473.07 43.3152 10.6099 geschiedt
199.906 473.07 8.28288 10.6099 in
211.414 473.07 16.7962 10.6099 een
231.321 473.07 23.1552 10.6099 door
257.81 473.07 11.2781 10.6099 de
272.314 473.07 96.6067 10.6099 Geschillencommissie
372.19 473.07 9.35424 10.6099 te
384.655 473.07 35.7581 10.6099 bepalen
423.523 473.07 27.2448 10.6099 vorm.
453.97 473.07 56.4019 10.6099 Bemiddeling

70.824 486.39 16.1971 10.6099 kan
90.2467 486.39 56.759 10.6099 plaatsvinden
150.231 486.39 8.28288 10.6099 in
161.74 486.39 13.4323 10.6099 elk
178.398 486.39 36.1152 10.6099 stadium
217.739 486.39 15.7248 10.6099 van
236.666 486.39 11.3126 10.6099 de
251.204 486.39 57.2429 10.6099 behandeling.
311.71 486.39 14.1581 10.6099 De
329.094 486.39 54.3629 10.6099 functionaris
386.555 486.39 13.9162 10.6099 die
403.709 486.39 10.8058 10.6099 bij
417.613 486.39 11.3933 10.6099 de

70.824 499.71 96.6701 10.6099 Geschillencommissie
170.69 499.71 48.2342 10.6099 betrokken
222.161 499.71 6.95808 10.6099 is
232.345 499.71 10.8058 10.6099 bij
246.25 499.71 11.3933 10.6099 de
260.88 499.71 55.4458 10.6099 bemiddeling
319.63 499.71 16.1971 10.6099 kan
339.053 499.71 39.8362 10.6099 eenzijdig
382.126 499.71 18.2362 10.6099 met
403.473 499.71 35.2858 10.6099 partijen
441.984 499.71 69.6154 10.6099 communiceren

70.824 513.15 11.8771 10.6099 als
85.9382 513.15 12.2342 10.6099 dit
101.41 513.15 22.3258 10.6099 voor
126.834 513.15 11.3933 10.6099 de
141.349 513.15 55.561 10.6099 bemiddeling
200.136 513.15 42.601 10.6099 wenselijk
245.963 513.15 29.8829 10.6099 geacht
279.071 513.15 31.3114 10.6099 wordt.

70.824 526.47 19.8 10.6099 21.2
93.864 526.47 14.1581 10.6099 De
111.248 526.47 96.4685 10.6099 Geschillencommissie
211.01 526.47 16.1971 10.6099 kan
230.433 526.47 8.28288 10.6099 in
241.814 526.47 37.44 10.6099 verband
282.365 526.47 18.2362 10.6099 met
303.723 526.47 11.2781 10.6099 de
318.227 526.47 55.6762 10.6099 bemiddeling
377.013 526.47 15.5981 10.6099 aan
395.837 526.47 35.2858 10.6099 partijen
434.222 526.47 30.7238 10.6099 vragen
468.148 526.47 32.0717 10.6099 nadere

70.824 539.79 41.6312 10.6099 gegevens
115.692 539.79 9.35424 10.6099 te
128.157 539.79 55.7914 10.6099 verstrekken
187.059 539.79 9.12384 10.6099 of
199.408 539.79 9.35424 10.6099 te
212 539.79 41.161 10.6099 reageren
256.49 539.79 12.119 10.6099 op
271.719 539.79 11.3933 10.6099 de
286.35 539.79 34.56 10.6099 inbreng
324.135 539.79 15.7248 10.6099 van
343.15 539.79 11.3981 10.6099 de
357.67 539.79 32.1523 10.6099 andere
392.98 539.79 26.6458 10.6099 partij.
422.86 539.79 35.2742 10.6099 Partijen
461.36 539.79 31.3229 10.6099 krijgen
495.805 539.79 11.3933 10.6099 de

70.824 553.11 54.361 10.6099 gelegenheid
128.389 553.11 29.4269 10.6099 kennis
161.044 553.11 9.3552 10.6099 te
173.511 553.11 31.3152 10.6099 nemen
208.054 553.11 15.7267 10.6099 van
226.985 553.11 36.743 10.6099 hetgeen
266.956 553.11 11.3942 10.6099 de
281.59 553.11 32.1523 10.6099 andere
316.87 553.11 24.1229 10.6099 partij
344.23 553.11 10.8058 10.6099 bij
358.146 553.11 11.3933 10.6099 de
372.777 553.11 55.561 10.6099 bemiddeling
431.5 553.11 28.0742 10.6099 onder
462.811 553.11 11.3933 10.6099 de
477.327 553.11 41.0342 10.6099 aandacht

70.824 566.43 15.7133 10.6099 van
89.784 566.43 11.3933 10.6099 de
104.414 566.43 96.48 10.6099 Geschillencommissie
204.17 566.43 23.5123 10.6099 heeft
230.919 566.43 42.7334 10.6099 gebracht.

70.824 579.75 19.8029 10.6099 21.3
93.864 579.75 14.1581 10.6099 De
111.26 579.75 54.2362 10.6099 functionaris
168.722 579.75 13.801 10.6099 die
185.748 579.75 10.6906 10.6099 bij
199.641 579.75 11.4163 10.6099 de
214.283 579.75 96.5952 10.6099 Geschillencommissie
313.885 579.75 48.3494 10.6099 betrokken
365.472 579.75 6.95808 10.6099 is
375.54 579.75 10.8058 10.6099 bij
389.549 579.75 11.4163 10.6099 de
404.075 579.75 55.561 10.6099 bemiddeling
463.06 579.75 18.72 10.6099 kan,
485.006 579.75 27.8323 10.6099 indien

70.824 593.07 62.8973 10.6099 kennisneming
136.928 593.07 15.7286 10.6099 van
155.771 593.07 36.3571 10.6099 stukken
195.242 593.07 23.161 10.6099 door
221.609 593.07 16.8 10.6099 een
241.547 593.07 24.1325 10.6099 partij
268.782 593.07 11.3952 10.6099 de
283.406 593.07 57.1258 10.6099 persoonlijke
343.739 593.07 51.6173 10.6099 levenssfeer
398.562 593.07 9.24096 10.6099 of
410.952 593.07 79.2173 10.6099 gerechtvaardigde

70.824 606.42 74.7533 10.6099 bedrijfsbelangen
148.699 606.42 15.7248 10.6099 van
167.627 606.42 16.8192 10.6099 een
187.556 606.42 26.519 10.6099 ander
217.312 606.42 57.2314 10.6099 onevenredig
277.769 606.42 16.9229 10.6099 zou
297.791 606.42 39.7094 10.6099 schaden,
340.738 606.42 35.7581 10.6099 bepalen
379.606 606.42 14.6304 10.6099 dat
397.474 606.42 21.6 10.6099 deze
422.299 606.42 62.761 10.6099 kennisneming
488.286 606.42 6.95808 10.6099 is

70.824 619.86 68.5958 10.6099 voorbehouden
142.553 619.86 15.5866 10.6099 aan
161.377 619.86 16.7846 10.6099 een
181.284 619.86 57.577 10.6099 gemachtigde
242.098 619.86 13.9046 10.6099 die
259.124 619.86 40.9018 10.6099 advocaat
303.136 619.86 9.23328 10.6099 of
315.492 619.86 17.735 10.6099 arts
336.475 619.86 9.46944 10.6099 is,
349.067 619.86 9.23328 10.6099 of
361.537 619.86 13.9046 10.6099 die
378.564 619.86 42.5837 10.6099 daarvoor
424.258 619.86 15.5981 10.6099 van
443.081 619.86 11.3875 10.6099 de
457.706 619.86 51.5635 10.6099 Commissie

70.824 633.18 49.2019 10.6099 bijzondere
123.252 633.18 60.3648 10.6099 toestemming
186.842 633.18 23.3971 10.6099 heeft
213.476 633.18 44.7552 10.6099 gekregen.

70.824 659.82 27.4867 10.6099 Artikel
101.532 659.82 12.0019 10.6099 22
116.78 659.82 48.983 10.6099 Schriftelijke
168.966 659.82 75.4025 10.6099 overeenstemming

70.824 673.14 19.8029 10.6099 22.1
93.8525 673.14 14.6419 10.6099 Als
111.72 673.14 35.2742 10.6099 partijen
150.22 673.14 47.5882 10.6099 schriftelijk
201.034 673.14 14.0314 10.6099 tot
218.302 673.14 82.9094 10.6099 overeenstemming
304.322 673.14 31.9219 10.6099 komen
339.47 673.14 16.5542 10.6099 dan
359.146 673.14 41.3914 10.6099 bevestigt
403.78 673.14 11.3933 10.6099 de
418.41 673.14 96.6067 10.6099 Geschillencommissie

70.824 686.46 12.2342 10.6099 dit
86.2954 686.46 57.9571 10.6099 uitdrukkelijk
147.363 686.46 8.28288 10.6099 in
158.871 686.46 16.7962 10.6099 een
178.778 686.46 21.1162 10.6099 brief
203.12 686.46 15.5981 10.6099 aan
221.943 686.46 37.9095 10.6099 partijen.

70.824 699.78 19.8029 10.6099 22.2
93.8525 699.78 14.6419 10.6099 Als
111.72 699.78 35.2742 10.6099 partijen
150.22 699.78 14.6304 10.6099 dat
167.961 699.78 35.159 10.6099 wensen
206.345 699.78 16.7962 10.6099 legt
226.49 699.78 11.3933 10.6099 de
240.994 699.78 96.4685 10.6099 Geschillencommissie
340.75 699.78 11.3933 10.6099 de
355.38 699.78 31.9104 10.6099 inhoud
390.528 699.78 15.7248 10.6099 van
409.352 699.78 11.3933 10.6099 de
423.867 699.78 23.04 10.6099 door
450.132 699.78 17.0381 10.6099 hen
470.396 699.78 38.6381 10.6099 bereikte

70.824 713.22 83.0496 10.6099 overeenstemming
156.974 713.22 18.239 10.6099 vast
178.49 713.22 8.28288 10.6099 in
189.768 713.22 16.7962 10.6099 een
209.801 713.22 21.2429 10.6099 brief
234.27 713.22 15.4829 10.6099 aan
252.978 713.22 15.4829 10.6099 alle
271.61 713.22 37.9238 10.6099 partijen.

519 37.56 5.59728 11.04 8

70.824 86.2597 27.4867 10.6099 Artikel
101.532 86.2597 12.0094 10.6099 23
119.9 86.2597 107.528 10.6099 Bemiddelingsbijeenkomst

70.824 99.5797 19.8 10.6099 23.1
93.8496 99.5797 14.1581 10.6099 De
111.26 99.5797 96.4685 10.6099 Geschillencommissie
211.01 99.5797 16.1971 10.6099 kan
230.433 99.5797 35.2858 10.6099 partijen
268.944 99.5797 48.6029 10.6099 uitnodigen
320.773 99.5797 22.3258 10.6099 voor
346.301 99.5797 16.8192 10.6099 een
366.23 99.5797 116.513 10.6099 bemiddelingsbijeenkomst
485.981 99.5797 12.119 10.6099 op
501.21 99.5797 15.1142 10.6099 het

70.824 112.9 37.3248 10.6099 kantoor
111.38 112.9 15.7248 10.6099 van
130.204 112.9 11.3933 10.6099 de
144.834 112.9 96.48 10.6099 Geschillencommissie
244.61 112.9 9.23904 10.6099 of
256.959 112.9 12.119 10.6099 op
272.304 112.9 16.7962 10.6099 een
292.211 112.9 23.1552 10.6099 door
318.55 112.9 11.3933 10.6099 de
333.18 112.9 96.6067 10.6099 Geschillencommissie
432.82 112.9 10.679 10.6099 na
446.725 112.9 34.4448 10.6099 overleg
484.372 112.9 18.144 10.6099 met

70.824 126.34 35.401 10.6099 partijen
109.451 126.34 56.2752 10.6099 vastgestelde
168.963 126.34 26.1504 10.6099 plaats
198.35 126.34 15.7248 10.6099 van
217.278 126.34 60.9754 10.6099 samenkomst.
281.375 126.34 24.48 10.6099 Deze
308.977 126.34 56.6323 10.6099 bijeenkomst
368.846 126.34 23.3971 10.6099 heeft
395.481 126.34 11.8771 10.6099 als
410.468 126.34 20.2752 10.6099 doel
433.854 126.34 16.7962 10.6099 een
453.887 126.34 46.921 10.6099 minnelijke

70.824 139.66 36.2285 10.6099 regeling
110.297 139.66 9.35232 10.6099 te
122.883 139.66 52.1914 10.6099 beproeven.

70.824 152.98 19.8029 10.6099 23.2
93.8525 152.98 14.6419 10.6099 Als
111.72 152.98 35.2742 10.6099 partijen
150.22 152.98 14.6304 10.6099 dat
167.961 152.98 35.159 10.6099 wensen
206.345 152.98 16.7962 10.6099 legt
226.49 152.98 11.3933 10.6099 de
240.994 152.98 96.4685 10.6099 Geschillencommissie
340.75 152.98 11.3933 10.6099 de
355.38 152.98 31.9104 10.6099 inhoud
390.528 152.98 15.7248 10.6099 van
409.352 152.98 11.3933 10.6099 de
423.867 152.98 23.04 10.6099 door
450.132 152.98 17.0381 10.6099 hen
470.396 152.98 30.3552 10.6099 tijdens
503.988 152.98 16.7962 10.6099 een

70.824 166.3 116.628 10.6099 bemiddelingsbijeenkomst
190.574 166.3 10.8058 10.6099 bij
204.65 166.3 11.3981 10.6099 de
219.29 166.3 96.4627 10.6099 Geschillencommissie
319.03 166.3 45.0125 10.6099 eventueel
367.145 166.3 38.7667 10.6099 bereikte
409.026 166.3 82.9248 10.6099 overeenstemming
495.157 166.3 18.1382 10.6099 vast

70.824 179.62 8.28288 10.6099 in
82.3325 179.62 16.7962 10.6099 een
102.366 179.62 21.2429 10.6099 brief
126.708 179.62 15.5981 10.6099 aan
145.531 179.62 15.3562 10.6099 alle
164.113 179.62 37.7971 10.6099 partijen.
205.136 179.62 35.5162 10.6099 Partijen
243.774 179.62 34.0762 10.6099 kunnen
281.087 179.62 8.28288 10.6099 in
292.469 179.62 26.2771 10.6099 plaats
321.983 179.62 36 10.6099 daarvan
361.093 179.62 29.641 10.6099 kiezen
393.96 179.62 22.199 10.6099 voor
419.385 179.62 11.3933 10.6099 de
433.888 179.62 24.8486 10.6099 vorm
461.94 179.62 15.7248 10.6099 van
480.798 179.62 16.7962 10.6099 een

70.824 192.94 124.312 10.6099 vaststellingsovereenkomst.

70.824 219.7 27.4867 10.6099 Artikel
101.532 219.7 12.0019 10.6099 24
116.78 219.7 30.505 10.6099 Interne
150.361 219.7 72.1498 10.6099 vertrouwelijkheid
225.713 219.7 51.6096 10.6099 bemiddeling

70.824 233.02 19.8029 10.6099 24.1
93.8525 233.02 14.1581 10.6099 De
111.236 233.02 96.53 10.6099 Geschillencommissie
211.003 233.02 29.5142 10.6099 neemt
243.628 233.02 29.5142 10.6099 kennis
276.379 233.02 15.5981 10.6099 van
295.203 233.02 11.3933 10.6099 de
309.707 233.02 52.3238 10.6099 inlichtingen
365.233 233.02 13.9392 10.6099 die
382.283 233.02 30.4704 10.6099 tijdens
415.886 233.02 11.3933 10.6099 de
430.402 233.02 55.6762 10.6099 bemiddeling
489.315 233.02 15.6096 10.6099 zijn

70.824 246.34 49.415 10.6099 verkregen,
123.476 246.34 24.935 10.6099 tenzij
151.58 246.34 16.8 10.6099 een
171.65 246.34 23.8925 10.6099 partij
198.77 246.34 16.1971 10.6099 laat
218.204 246.34 28.9152 10.6099 weten
250.23 246.34 14.6304 10.6099 dat
267.994 246.34 9.8496 10.6099 zij
281.046 246.34 17.6371 10.6099 niet
301.839 246.34 13.3286 10.6099 wil
318.31 246.34 14.6304 10.6099 dat
336.178 246.34 11.3933 10.6099 de
350.681 246.34 96.48 10.6099 Geschillencommissie
450.398 246.34 15.7248 10.6099 van
469.326 246.34 40.7002 10.6099 bepaalde

70.824 259.69 52.4189 10.6099 inlichtingen
126.497 259.69 61.4275 10.6099 kennisneemt.

70.824 273.01 19.8 10.6099 24.2
93.864 273.01 14.1581 10.6099 De
111.248 273.01 54.2362 10.6099 functionaris
168.709 273.01 10.8058 10.6099 bij
182.614 273.01 11.2781 10.6099 de
197.118 273.01 96.5952 10.6099 Geschillencommissie
297.07 273.01 13.9162 10.6099 die
314.097 273.01 23.5123 10.6099 heeft
340.846 273.01 48.264 10.6099 bemiddeld
392.38 273.01 10.8058 10.6099 bij
406.285 273.01 16.7962 10.6099 een
426.203 273.01 32.1802 10.6099 Klacht,
461.62 273.01 6.95808 10.6099 is
471.804 273.01 17.5219 10.6099 niet
492.563 273.01 24.48 10.6099 meer

70.824 286.33 48.3494 10.6099 betrokken
122.42 286.33 10.8058 10.6099 bij
136.325 286.33 11.3933 10.6099 de
150.98 286.33 44.7552 10.6099 eventuele
199.01 286.33 60.0826 10.6099 voortgezette
262.238 286.33 54.5933 10.6099 behandeling
320.056 286.33 15.7133 10.6099 van
339.007 286.33 38.3904 10.6099 dezelfde
380.634 286.33 29.6122 10.6099 Klacht
413.5 286.33 23.04 10.6099 door
439.766 286.33 11.3933 10.6099 de

70.824 299.65 99.2689 10.6099 Geschillencommissie,
173.192 299.65 11.8771 10.6099 als
188.191 299.65 10.08 10.6099 er
201.496 299.65 68.0486 10.6099 vertrouwelijke
272.644 299.65 47.6352 10.6099 informatie
323.59 299.65 8.28288 10.6099 in
335.098 299.65 11.3933 10.6099 de
349.602 299.65 13.0867 10.6099 zin
365.891 299.65 15.7248 10.6099 van
384.75 299.65 29.399 10.6099 artikel
417.374 299.65 26.6038 10.6099 24.1is
447.204 299.65 35.7466 10.6099 gedeeld
486.072 299.65 30.4704 10.6099 tijdens

70.824 313.09 11.3933 10.6099 de
85.4544 313.09 58.199 10.6099 bemiddeling.

70.824 326.41 19.8029 10.6099 24.3
93.8525 326.41 17.0381 10.6099 Een
114.116 326.41 10.921 10.6099 lid
128.148 326.41 15.7248 10.6099 van
147.075 326.41 11.3126 10.6099 de
161.613 326.41 96.649 10.6099 Geschillencommissie
261.517 326.41 14.521 10.6099 dat
279.269 326.41 11.3904 10.6099 de
293.787 326.41 116.588 10.6099 bemiddelingsbijeenkomst
413.526 326.41 11.8714 10.6099 als
428.525 326.41 37.296 10.6099 bedoeld
469.075 326.41 8.28 10.6099 in
480.587 326.41 29.2666 10.6099 artikel

70.824 339.73 11.52 10.6099 23
85.584 339.73 23.5123 10.6099 heeft
112.333 339.73 29.2838 10.6099 geleid,
144.843 339.73 6.95808 10.6099 is
154.911 339.73 17.6371 10.6099 niet
175.786 339.73 48.2342 10.6099 betrokken
227.257 339.73 10.8058 10.6099 bij
241.265 339.73 11.3126 10.6099 de
255.804 339.73 44.8819 10.6099 eventuele
303.911 339.73 59.9846 10.6099 voortgezette
367.144 339.73 54.72 10.6099 behandeling
424.975 339.73 15.5981 10.6099 van
443.798 339.73 11.3933 10.6099 de
458.429 339.73 29.5142 10.6099 Klacht
491.18 339.73 23.1552 10.6099 door

70.824 353.05 11.3981 10.6099 de
85.464 353.05 99.0845 10.6099 Geschillencommissie.

70.824 379.69 27.4867 10.6099 Artikel
101.532 379.69 12.0094 10.6099 25
116.78 379.69 16.3238 10.6099 Het
136.203 379.69 23.063 10.6099 einde
162.468 379.69 15.1258 10.6099 van
180.704 379.69 10.4486 10.6099 de
194.252 379.69 51.6096 10.6099 bemiddeling

70.824 393.01 19.8029 10.6099 25.1
93.864 393.01 24.2381 10.6099 Voor
121.328 393.01 26.1619 10.6099 zover
150.74 393.01 82.7942 10.6099 overeenstemming
236.76 393.01 6.95808 10.6099 is
246.944 393.01 35.6429 10.6099 bereikt,
285.812 393.01 18.9619 10.6099 sluit
308.11 393.01 11.2781 10.6099 de
322.614 393.01 96.5952 10.6099 Geschillencommissie
422.5 393.01 11.3933 10.6099 de
437.004 393.01 54.8352 10.6099 behandeling
494.949 393.01 15.7248 10.6099 van

70.824 406.33 11.3933 10.6099 de
85.4544 406.33 32.1638 10.6099 Klacht.

70.824 419.77 19.8029 10.6099 25.2
93.864 419.77 24.2381 10.6099 Voor
121.328 419.77 26.1619 10.6099 zover
150.74 419.77 21.7152 10.6099 geen
175.61 419.77 82.9094 10.6099 overeenstemming
261.757 419.77 6.95808 10.6099 is
271.825 419.77 35.7581 10.6099 bereikt,
310.59 419.77 28.9152 10.6099 wordt
342.742 419.77 11.3933 10.6099 de
357.257 419.77 54.8352 10.6099 behandeling
415.203 419.77 15.7248 10.6099 van
434.027 419.77 11.3933 10.6099 de
448.657 419.77 29.641 10.6099 Klacht

70.824 433.11 50.7398 10.6099 voortgezet
124.801 433.11 23.0342 10.6099 door
151.072 433.11 11.3875 10.6099 de
165.582 433.11 96.5491 10.6099 Geschillencommissie
265.49 433.11 12.119 10.6099 op
280.719 433.11 22.0723 10.6099 basis
305.902 433.11 15.5981 10.6099 van
324.726 433.11 11.3933 10.6099 de
339.356 433.11 40.5619 10.6099 artikelen
383.144 433.11 11.6362 10.6099 27
397.89 433.11 11.2896 10.6099 en
412.406 433.11 43.9373 10.6099 volgende,
459.568 433.11 24.9734 10.6099 tenzij

70.824 446.43 54.4973 10.6099 Consument
128.532 446.43 16.0934 10.6099 laat
147.835 446.43 28.9306 10.6099 weten
179.872 446.43 21.6346 10.6099 geen
204.717 446.43 57.4003 10.6099 voortzetting
265.189 446.43 9.35808 10.6099 te
277.815 446.43 29.5258 10.6099 willen.
310.51 446.43 11.5315 10.6099 Bij
325.244 446.43 57.3581 10.6099 voortzetting
385.736 446.43 15.7248 10.6099 van
404.663 446.43 11.4163 10.6099 de
419.19 446.43 54.72 10.6099 behandeling
477.135 446.43 15.7248 10.6099 van
495.959 446.43 11.3933 10.6099 de

70.824 459.75 29.641 10.6099 Klacht
103.691 459.75 29.5142 10.6099 neemt
136.315 459.75 11.3933 10.6099 de
150.946 459.75 96.48 10.6099 Geschillencommissie
250.651 459.75 29.399 10.6099 kennis
283.287 459.75 15.7248 10.6099 van
302.111 459.75 14.999 10.6099 het
320.347 459.75 33.7075 10.6099 dossier
357.292 459.75 8.15616 10.6099 in
368.674 459.75 11.3933 10.6099 de
383.177 459.75 21.9456 10.6099 staat
408.372 459.75 30.7123 10.6099 waarin
442.309 459.75 14.6304 10.6099 dat
460.177 459.75 18.1325 10.6099 zich
481.408 459.75 34.3181 10.6099 bevond

70.824 473.07 21.4733 10.6099 toen
95.5344 473.07 18.2362 10.6099 met
116.892 473.07 11.3933 10.6099 de
131.523 473.07 55.561 10.6099 bemiddeling
190.206 473.07 24.2381 10.6099 werd
217.669 473.07 47.8771 10.6099 begonnen,
268.657 473.07 24.9638 10.6099 tenzij
296.731 473.07 25.079 10.6099 beide
325.047 473.07 35.401 10.6099 partijen
363.57 473.07 31.1769 10.6099 anders
397.973 473.07 37.5552 10.6099 wensen.

70.824 499.71 27.4867 10.6099 Artikel
101.532 499.71 12.0019 10.6099 26
116.78 499.71 43.3037 10.6099 Mediation

70.824 513.15 19.8 10.6099 26.1
93.864 513.15 14.1581 10.6099 De
111.248 513.15 96.4685 10.6099 Geschillencommissie
211.01 513.15 16.1971 10.6099 kan
230.433 513.15 15.4829 10.6099 aan
249.141 513.15 35.401 10.6099 partijen
287.653 513.15 52.3755 10.6099 voorstellen
343.265 513.15 14.6304 10.6099 dat
361.006 513.15 9.8496 10.6099 zij
374.058 513.15 43.7069 10.6099 proberen
420.991 513.15 11.3933 10.6099 de
435.58 513.15 29.641 10.6099 Klacht
468.447 513.15 12.119 10.6099 op
483.676 513.15 9.35424 10.6099 te

70.824 526.47 29.0304 10.6099 lossen
103.092 526.47 23.1552 10.6099 door
129.357 526.47 46.1952 10.6099 mediation
178.663 526.47 18.121 10.6099 met
200.021 526.47 16.7962 10.6099 een
220.054 526.47 42.359 10.6099 mediator
265.65 526.47 13.9162 10.6099 die
282.677 526.47 15.5981 10.6099 aan
301.397 526.47 21.2429 10.6099 Kifid
325.865 526.47 6.95808 10.6099 is
336.049 526.47 52.5542 10.6099 verbonden.
391.84 526.47 17.0381 10.6099 Een
411.989 526.47 24.1229 10.6099 partij
439.211 526.47 16.1971 10.6099 kan
458.633 526.47 18.2362 10.6099 ook
479.98 526.47 15.7248 10.6099 zelf

70.824 539.79 48.5798 10.6099 verzoeken
122.641 539.79 15.2352 10.6099 om
140.987 539.79 19.4285 10.6099 zo’n
163.652 539.79 48.4589 10.6099 mediation.
215.36 539.79 48.3437 10.6099 Verwijzing
266.814 539.79 23.2782 10.6099 door
293.35 539.79 11.2781 10.6099 de
307.75 539.79 96.7334 10.6099 Geschillencommissie
407.62 539.79 20.16 10.6099 naar
430.89 539.79 46.1952 10.6099 mediation
480.208 539.79 35.8733 10.6099 gebeurt

70.824 553.11 26.761 10.6099 alleen
100.811 553.11 11.8771 10.6099 als
115.925 553.11 15.4829 10.6099 alle
134.507 553.11 35.401 10.6099 partijen
173.018 553.11 40.0781 10.6099 daarmee
216.322 553.11 53.6371 10.6099 instemmen.

70.824 566.43 19.8029 10.6099 26.2
93.8525 566.43 14.1581 10.6099 De
111.236 566.43 20.4019 10.6099 gang
134.864 566.43 15.7248 10.6099 van
153.687 566.43 26.519 10.6099 zaken
183.432 566.43 30.3437 10.6099 tijdens
217.013 566.43 11.3933 10.6099 de
231.528 566.43 46.1952 10.6099 mediation
280.845 566.43 11.2781 10.6099 en
295.349 566.43 10.8058 10.6099 bij
309.265 566.43 11.3933 10.6099 de
323.895 566.43 40.0781 10.6099 afsluiting
367.084 566.43 36 10.6099 daarvan
406.194 566.43 28.8 10.6099 wordt
438.231 566.43 23.1552 10.6099 door
464.624 566.43 35.2858 10.6099 partijen
503.135 566.43 8.28288 10.6099 in

70.824 579.75 34.4506 10.6099 overleg
108.479 579.75 18.2381 10.6099 met
129.864 579.75 11.3942 10.6099 de
144.497 579.75 42.3542 10.6099 mediator
189.975 579.75 53.3942 10.6099 vastgesteld.

70.824 593.07 19.8029 10.6099 26.3
93.8525 593.07 14.1581 10.6099 De
111.236 593.07 46.08 10.6099 mediation
160.553 593.07 6.95808 10.6099 is
170.622 593.07 65.0055 10.6099 vertrouwelijk.
238.85 593.07 14.1581 10.6099 De
256.234 593.07 96.48 10.6099 Geschillencommissie
355.951 593.07 29.5142 10.6099 neemt
388.575 593.07 21.7152 10.6099 geen
413.401 593.07 29.399 10.6099 kennis
446.026 593.07 15.7248 10.6099 van
464.953 593.07 47.6698 10.6099 informatie

70.824 606.42 13.9162 10.6099 die
87.9773 606.42 17.6371 10.6099 niet
108.852 606.42 30.9542 10.6099 anders
143.043 606.42 16.5542 10.6099 dan
162.708 606.42 23.1552 10.6099 door
188.869 606.42 11.3933 10.6099 de
203.5 606.42 46.1952 10.6099 mediation
252.805 606.42 15.5981 10.6099 aan
271.629 606.42 35.2858 10.6099 partijen
310.037 606.42 33.9494 10.6099 bekend
347.223 606.42 9.48096 10.6099 is.

70.824 619.86 19.8 10.6099 26.4
93.864 619.86 24.2381 10.6099 Voor
121.328 619.86 26.1619 10.6099 zover
150.74 619.86 45.9648 10.6099 mediation
199.93 619.86 20.2752 10.6099 leidt
223.443 619.86 14.0314 10.6099 tot
240.584 619.86 85.3286 10.6099 overeenstemming,
329.139 619.86 19.0771 10.6099 sluit
351.55 619.86 11.3933 10.6099 de
366.054 619.86 96.4685 10.6099 Geschillencommissie
465.82 619.86 11.3981 10.6099 de

70.824 633.18 54.8352 10.6099 behandeling
128.896 633.18 15.7248 10.6099 van
147.72 633.18 11.3933 10.6099 de
162.26 633.18 32.0486 10.6099 Klacht.
197.57 633.18 24.2381 10.6099 Voor
225.034 633.18 26.2886 10.6099 zover
254.45 633.18 11.3933 10.6099 de
268.965 633.18 46.1077 10.6099 mediation
318.298 633.18 17.6371 10.6099 niet
339.173 633.18 14.0314 10.6099 tot
356.314 633.18 82.7942 10.6099 overeenstemming
442.334 633.18 22.7981 10.6099 leidt,
468.358 633.18 28.7885 10.6099 wordt
500.384 633.18 11.3933 10.6099 de

70.824 646.5 54.8352 10.6099 behandeling
128.896 646.5 15.7248 10.6099 van
147.72 646.5 11.3933 10.6099 de
162.235 646.5 29.641 10.6099 Klacht
194.987 646.5 50.7571 10.6099 voortgezet
248.854 646.5 23.1552 10.6099 door
275.246 646.5 11.2781 10.6099 de
289.75 646.5 96.6067 10.6099 Geschillencommissie
389.74 646.5 39.721 10.6099 conform
432.58 646.5 11.3933 10.6099 de
447.21 646.5 40.6771 10.6099 artikelen
491.02 646.5 11.52 10.6099 27
505.8 646.5 11.2781 10.6099 en

70.824 659.82 44.0389 10.6099 volgende,
118.088 659.82 24.9638 10.6099 tenzij
146.151 659.82 54.3514 10.6099 Consument
203.74 659.82 16.1971 10.6099 laat
223.174 659.82 28.8 10.6099 weten
255.2 659.82 21.7152 10.6099 geen
280.025 659.82 57.2314 10.6099 voortzetting
340.494 659.82 9.35424 10.6099 te
353.23 659.82 29.5258 10.6099 willen.

519 37.56 5.59728 11.04 9

70.824 86.2597 72.4522 10.6099 Voortgezette
146.427 86.2597 64.797 10.6099 behandeling
214.426 86.2597 25.5859 10.6099 door
243.215 86.2597 13.0982 10.6099 de
259.424 86.2597 112.435 10.6099 Geschillencommissie

70.824 99.5797 27.4867 10.6099 Artikel
101.54 99.5797 12.0019 10.6099 27
116.78 99.5797 54.7315 10.6099 Voortgezette
174.714 99.5797 51.6857 10.6099 behandeling
229.602 99.5797 19.3306 10.6099 door
252.158 99.5797 10.4486 10.6099 de
265.718 99.5797 86.9547 10.6099 Geschillencommissie

70.824 112.9 14.6419 10.6099 Als
88.6915 112.9 16.7962 10.6099 een
108.725 112.9 29.5142 10.6099 Klacht
141.476 112.9 21.7152 10.6099 geen
166.302 112.9 45.1123 10.6099 aanleiding
214.651 112.9 22.6714 10.6099 geeft
240.456 112.9 14.0314 10.6099 tot
257.724 112.9 55.5494 10.6099 bemiddeling
316.51 112.9 9.23904 10.6099 of
328.975 112.9 48.6029 10.6099 mediation,
380.83 112.9 14.1581 10.6099 zet
398.098 112.9 11.3933 10.6099 de
412.729 112.9 96.6182 10.6099 Geschillencommissie
512.55 112.9 11.3011 10.6099 de

70.824 126.34 54.8352 10.6099 behandeling
128.896 126.34 15.7248 10.6099 van
147.72 126.34 11.3933 10.6099 de
162.235 126.34 29.641 10.6099 Klacht
194.987 126.34 28.6848 10.6099 voort.
226.874 126.34 44.7782 10.6099 Hetzelfde
274.889 126.34 22.5562 10.6099 geldt
300.683 126.34 11.8771 10.6099 als
315.79 126.34 11.3933 10.6099 de
330.42 126.34 55.561 10.6099 bemiddeling
389.207 126.34 9.23904 10.6099 of
401.556 126.34 11.3933 10.6099 de
416.187 126.34 46.08 10.6099 mediation
465.504 126.34 28.9152 10.6099 wordt

70.824 139.66 44.2714 10.6099 beëindigd
118.332 139.66 32.7629 10.6099 zonder
154.321 139.66 14.6304 10.6099 dat
172.062 139.66 82.9094 10.6099 overeenstemming
258.208 139.66 6.95808 10.6099 is
268.277 139.66 35.7581 10.6099 bereikt.

70.824 152.98 12.6058 10.6099 De
86.664 152.98 53.2915 10.6099 voortgezette
143.06 152.98 51.6038 10.6099 behandeling
197.895 152.98 15.12 10.6099 van
216.247 152.98 10.4458 10.6099 de
229.912 152.98 26.9885 10.6099 Klacht
260.144 152.98 12.6086 10.6099 die
275.949 152.98 7.56576 10.6099 in
286.654 152.98 10.4458 10.6099 de
300.32 152.98 37.2096 10.6099 artikelen
340.749 152.98 12.123 10.6099 27
356.11 152.98 10.4486 10.6099 en
369.669 152.98 37.463 10.6099 volgende
410.335 152.98 6.24384 10.6099 is
419.7 152.98 49.9392 10.6099 beschreven,
472.842 152.98 6.24384 10.6099 is
482.335 152.98 28.8115 10.6099 gericht

70.824 166.3 10.8058 10.6099 op
84.8323 166.3 13.6858 10.6099 het
101.78 166.3 21.0038 10.6099 doen
126.02 166.3 15.0106 10.6099 van
144.233 166.3 15.4944 10.6099 een
162.976 166.3 39.9629 10.6099 uitspraak
206.165 166.3 19.3306 10.6099 door
228.698 166.3 10.4486 10.6099 de
242.28 166.3 48.384 10.6099 Commissie.
293.95 166.3 42.6125 10.6099 Niettemin
339.765 166.3 6.24384 10.6099 is
349.258 166.3 15.5981 10.6099 ook
367.966 166.3 7.58688 10.6099 in
378.778 166.3 20.7706 10.6099 deze
402.752 166.3 17.5565 10.6099 fase
423.511 166.3 15.0336 10.6099 van
441.77 166.3 10.4486 10.6099 de
455.421 166.3 51.7594 10.6099 behandeling

70.824 179.62 15.1258 10.6099 van
89.1523 179.62 10.4486 10.6099 de
102.85 179.62 27.1296 10.6099 Klacht
133.078 179.62 40.9421 10.6099 denkbaar
177.223 179.62 14.0429 10.6099 dat
194.388 179.62 10.4486 10.6099 de
208.039 179.62 46.103 10.6099 Commissie
257.252 179.62 16.8077 10.6099 met
277.262 179.62 32.6707 10.6099 partijen
312.94 179.62 15.4944 10.6099 een
331.637 179.62 43.3613 10.6099 minnelijke
378.201 179.62 33.2698 10.6099 regeling
414.569 179.62 38.4077 10.6099 beproeft,
456.18 179.62 12.5107 10.6099 zie
471.893 179.62 26.8992 10.6099 artikel

70.824 192.94 22.5638 10.6099 33.1.
96.5904 192.94 27.4982 10.6099 Artikel
127.337 192.94 12.0038 10.6099 36
142.44 192.94 15.7248 10.6099 ziet
161.367 192.94 10.8058 10.6099 op
175.307 192.94 10.4486 10.6099 de
188.866 192.94 53.4067 10.6099 mogelijkheid
245.498 192.94 14.0429 10.6099 dat
262.766 192.94 32.6707 10.6099 partijen
298.513 192.94 7.56864 10.6099 in
309.192 192.94 20.7706 10.6099 deze
333.165 192.94 17.6486 10.6099 fase
354.062 192.94 75.3754 10.6099 overeenstemming
432.525 192.94 39.2717 10.6099 bereiken.

70.824 219.7 27.4867 10.6099 Artikel
101.54 219.7 12.0019 10.6099 28
116.78 219.7 43.3152 10.6099 Verklaring
163.321 219.7 18.1325 10.6099 over
184.656 219.7 52.1484 10.6099 bindendheid

70.824 233.02 19.8029 10.6099 28.1
93.8525 233.02 50.9875 10.6099 Uitspraken
147.962 233.02 15.7248 10.6099 van
166.85 233.02 11.3933 10.6099 de
181.48 233.02 96.6067 10.6099 Geschillencommissie
281.23 233.02 15.6096 10.6099 zijn
300.042 233.02 26.6688 10.6099 alleen
329.948 233.02 37.0714 10.6099 bindend
370.15 233.02 11.879 10.6099 als
385.27 233.02 25.079 10.6099 beide
413.586 233.02 35.2858 10.6099 partijen
452.074 233.02 56.5171 10.6099 voorafgaand

70.824 246.34 15.5981 10.6099 aan
89.6477 246.34 11.3933 10.6099 de
104.278 246.34 42.1171 10.6099 uitspraak
149.66 246.34 11.2781 10.6099 de
164.164 246.34 56.6323 10.6099 bindendheid
224.033 246.34 34.0762 10.6099 hebben
261.22 246.34 43.4419 10.6099 aanvaard,
307.657 246.34 50.7456 10.6099 behoudens
361.651 246.34 14.999 10.6099 het
379.887 246.34 40.6771 10.6099 bepaalde
423.79 246.34 8.15616 10.6099 in
435.172 246.34 29.399 10.6099 artikel
467.796 246.34 22.5037 10.6099 32.4.

70.824 259.69 19.8029 10.6099 28.2
93.8525 259.69 54.3514 10.6099 Consument
151.441 259.69 23.5123 10.6099 dient
178.064 259.69 12.119 10.6099 op
193.305 259.69 15.1142 10.6099 het
211.656 259.69 71.0438 10.6099 klachtformulier
286.03 259.69 9.23904 10.6099 of
298.391 259.69 12.119 10.6099 op
313.632 259.69 37.3248 10.6099 verzoek
354.159 259.69 15.7248 10.6099 van
373.03 259.69 11.3981 10.6099 de
387.7 259.69 96.4397 10.6099 Geschillencommissie
487.42 259.69 9.35424 10.6099 te

70.824 273.01 49.2019 10.6099 vermelden
123.26 273.01 9.23904 10.6099 of
135.609 273.01 10.8058 10.6099 hij
149.618 273.01 16.8192 10.6099 een
169.547 273.01 42.1171 10.6099 uitspraak
214.89 273.01 15.7248 10.6099 van
233.93 273.01 11.2781 10.6099 de
248.434 273.01 96.48 10.6099 Geschillencommissie
348.19 273.01 21.4848 10.6099 over
372.774 273.01 15.6096 10.6099 zijn
391.586 273.01 29.641 10.6099 Klacht
424.36 273.01 7.32672 10.6099 al
434.913 273.01 16.5542 10.6099 dan
454.704 273.01 17.6371 10.6099 niet
475.451 273.01 11.8771 10.6099 als

70.824 286.33 37.0714 10.6099 bindend
111.132 286.33 12.2458 10.6099 zal
126.489 286.33 54.72 10.6099 aanvaarden.
184.319 286.33 13.3286 10.6099 Hij
200.85 286.33 28.9152 10.6099 wordt
233.014 286.33 10.08 10.6099 er
246.204 286.33 31.081 10.6099 daarbij
280.384 286.33 12.119 10.6099 op
295.729 286.33 40.2048 10.6099 gewezen
339.159 286.33 14.6304 10.6099 dat
357.027 286.33 11.7504 10.6099 als
372.014 286.33 15.6096 10.6099 zijn
390.734 286.33 29.641 10.6099 Klacht
423.601 286.33 8.28288 10.6099 in
434.879 286.33 16.7962 10.6099 een
454.912 286.33 41.1486 10.6099 verkorte

70.824 299.65 48.96 10.6099 procedure
123.02 299.65 5.76 10.6099 –
131.9 299.65 23.0246 10.6099 zoals
158.18 299.65 56.6438 10.6099 omschreven
218.049 299.65 8.28288 10.6099 in
229.558 299.65 29.2838 10.6099 artikel
262.067 299.65 11.5826 10.6099 32
276.91 299.65 5.76 10.6099 –
285.79 299.65 28.9152 10.6099 wordt
317.83 299.65 42.24 10.6099 afgedaan,
363.194 299.65 11.3942 10.6099 de
377.827 299.65 42.1133 10.6099 uitspraak
423.168 299.65 24.7258 10.6099 nooit
451.121 299.65 37.0771 10.6099 bindend
491.311 299.65 9.48288 10.6099 is.
504.12 299.65 14.6419 10.6099 Als

70.824 313.09 54.4973 10.6099 Consument
128.532 313.09 21.6115 10.6099 geen
153.353 313.09 27.1334 10.6099 keuze
183.582 313.09 30.5242 10.6099 maakt,
217.316 313.09 16.5619 10.6099 dan
237.05 313.09 22.6752 10.6099 geldt
262.97 313.09 11.3933 10.6099 de
277.474 313.09 42.1171 10.6099 uitspraak
322.87 313.09 11.879 10.6099 als
337.99 313.09 60.8729 10.6099 niet-bindend.

70.824 326.41 19.8029 10.6099 28.3
93.8525 326.41 17.0381 10.6099 Een
114.14 326.41 45.3658 10.6099 Financiële
162.708 326.41 66.7469 10.6099 dienstverlener
232.73 326.41 16.1971 10.6099 kan
252.049 326.41 10.8058 10.6099 bij
266.057 326.41 9.23904 10.6099 of
278.453 326.41 10.679 10.6099 na
292.358 326.41 11.3933 10.6099 de
306.861 326.41 47.7619 10.6099 aansluiting
357.849 326.41 10.8058 10.6099 bij
371.765 326.41 21.3581 10.6099 Kifid
396.349 326.41 48.2342 10.6099 Schriftelijk
447.785 326.41 43.9258 10.6099 verklaren
494.856 326.41 14.6304 10.6099 dat
512.724 326.41 9.8496 10.6099 zij

70.824 339.73 42.481 10.6099 oordelen
116.532 339.73 15.7267 10.6099 van
135.38 339.73 11.3933 10.6099 de
150.01 339.73 96.48 10.6099 Geschillencommissie
249.77 339.73 21.4848 10.6099 over
274.354 339.73 40.8038 10.6099 Klachten
318.383 339.73 13.9162 10.6099 die
335.536 339.73 12.119 10.6099 op
350.766 339.73 20.16 10.6099 haar
374.151 339.73 49.3171 10.6099 betrekking
426.59 339.73 34.0762 10.6099 hebben
463.904 339.73 8.28288 10.6099 in
475.412 339.73 14.999 10.6099 het

70.824 353.05 43.5638 10.6099 algemeen
117.592 353.05 11.879 10.6099 als
132.607 353.05 37.0771 10.6099 bindend
172.796 353.05 12.2477 10.6099 zal
188.248 353.05 54.6374 10.6099 aanvaarden.
246.09 353.05 14.6438 10.6099 Als
263.858 353.05 11.3942 10.6099 de
278.491 353.05 48.1267 10.6099 betrokken
329.95 353.05 45.4666 10.6099 Financiële
378.556 353.05 66.8246 10.6099 dienstverlener
448.66 353.05 14.6304 10.6099 dat
466.528 353.05 17.6371 10.6099 niet
487.275 353.05 23.5123 10.6099 heeft

70.824 366.37 31.9104 10.6099 gedaan
105.972 366.37 11.2781 10.6099 en
120.36 366.37 54.4666 10.6099 Consument
177.948 366.37 9.35424 10.6099 te
190.425 366.37 33.8342 10.6099 kennen
227.496 366.37 22.6714 10.6099 geeft
253.278 366.37 11.3933 10.6099 de
268.01 366.37 42.1171 10.6099 uitspraak
313.249 366.37 15.7248 10.6099 van
332.23 366.37 11.3933 10.6099 de
346.86 366.37 96.48 10.6099 Geschillencommissie
446.62 366.37 21.4848 10.6099 over
471.307 366.37 15.6096 10.6099 zijn
490.05 366.37 29.641 10.6099 Klacht

70.824 379.69 11.8771 10.6099 als
85.9382 379.69 37.0714 10.6099 bindend
126.12 379.69 9.35424 10.6099 te
138.711 379.69 27.1296 10.6099 willen
168.94 379.69 54.5933 10.6099 aanvaarden,
226.77 379.69 28.201 10.6099 vraagt
258.17 379.69 11.3933 10.6099 de
272.8 379.69 96.48 10.6099 Geschillencommissie
372.55 379.69 15.5981 10.6099 aan
391.258 379.69 11.3933 10.6099 de
405.82 379.69 45.3658 10.6099 Financiële
454.388 379.69 66.8621 10.6099 dienstverlener

70.824 393.01 9.23904 10.6099 of
83.2886 393.01 9.8496 10.6099 zij
96.3408 393.01 13.9162 10.6099 die
113.39 393.01 56.7475 10.6099 bindendheid
173.26 393.01 22.199 10.6099 voor
198.684 393.01 21.7152 10.6099 deze
223.637 393.01 29.5142 10.6099 Klacht
256.388 393.01 18.2362 10.6099 ook
277.735 393.01 13.3286 10.6099 wil
294.266 393.01 69.406 10.6099 aanvaarden.Als
366.898 393.01 11.3933 10.6099 de
381.401 393.01 45.4925 10.6099 Financiële
429.877 393.01 66.9542 10.6099 dienstverlener
500.069 393.01 10.8058 10.6099 bij

70.824 406.33 20.16 10.6099 haar
94.224 406.33 27.1181 10.6099 keuze
124.568 406.33 22.199 10.6099 voor
149.992 406.33 58.2471 10.6099 niet-bindend
211.477 406.33 28.3162 10.6099 advies
242.903 406.33 22.5677 10.6099 blijft,
268.73 406.33 20.1533 10.6099 stelt
292.03 406.33 11.3933 10.6099 de
306.545 406.33 96.7334 10.6099 Geschillencommissie
406.42 406.33 54.3514 10.6099 Consument
464.008 406.33 35.8848 10.6099 daarvan
503.119 406.33 12.119 10.6099 op

70.824 419.77 11.3933 10.6099 de
85.4544 419.77 35.2742 10.6099 hoogte.
123.839 419.77 14.1581 10.6099 De
141.26 419.77 42.1171 10.6099 uitspraak
186.53 419.77 28.9152 10.6099 wordt
218.682 419.77 16.5542 10.6099 dan
238.37 419.77 60.9542 10.6099 niet-bindend.

70.824 433.11 12.6029 10.6099 De
86.6525 433.11 15.3677 10.6099 wet
105.223 433.11 36.023 10.6099 verplicht
144.356 433.11 19.3421 10.6099 Kifid
166.901 433.11 10.4486 10.6099 de
180.46 433.11 16.9229 10.6099 weg
200.608 433.11 19.8144 10.6099 naar
223.625 433.11 15.4944 10.6099 een
242.357 433.11 52.9018 10.6099 niet-bindend
298.455 433.11 31.4669 10.6099 oordeel
333.119 433.11 21.2458 10.6099 open
357.619 433.11 8.28 10.6099 te
369.131 433.11 23.4058 10.6099 laten.
395.86 433.11 35.6544 10.6099 Daarom
434.5 433.11 21.9686 10.6099 moet
459.671 433.11 15.4944 10.6099 een

70.824 446.43 48.6086 10.6099 Consument
122.633 446.43 20.5354 10.6099 altijd
146.415 446.43 31.8134 10.6099 kunnen
181.429 446.43 28.104 10.6099 kiezen
212.734 446.43 18.2448 10.6099 voor
234.237 446.43 15.4925 10.6099 een
252.827 446.43 52.9921 10.6099 niet-bindend
308.935 446.43 33.8486 10.6099 oordeel.
345.98 446.43 8.1648 10.6099 In
357.399 446.43 14.0677 10.6099 dat
374.589 446.43 21.8534 10.6099 geval
399.645 446.43 6.24384 10.6099 is
409.138 446.43 10.4486 10.6099 de
422.685 446.43 40.0896 10.6099 uitspraak
465.977 446.43 15.1258 10.6099 van
484.352 446.43 10.4486 10.6099 de

70.824 459.75 87.0152 10.6099 Geschillencommissie
161.042 459.75 40.1011 10.6099 natuurlijk
204.345 459.75 15.5981 10.6099 ook
223.204 459.75 52.9922 10.6099 niet-bindend
279.272 459.75 18.2477 10.6099 voor
300.722 459.75 10.4486 10.6099 de
314.23 459.75 42.0019 10.6099 Financiële
359.461 459.75 61.8396 10.6099 dienstverlener.

70.824 486.39 27.4867 10.6099 Artikel
101.54 486.39 12.0019 10.6099 29
116.78 486.39 56.0563 10.6099 Enkelvoudige
176.039 486.39 8.28288 10.6099 of
187.455 486.39 54.6394 10.6099 meervoudige
245.286 486.39 51.7248 10.6099 behandeling

70.824 499.71 14.1581 10.6099 De
88.2077 499.71 49.3171 10.6099 Voorzitter
140.635 499.71 29.0763 10.6099 beslist
172.85 499.71 12.119 10.6099 op
188.195 499.71 27.36 10.6099 grond
218.792 499.71 15.7248 10.6099 van
237.719 499.71 11.3126 10.6099 de
252.257 499.71 20.2752 10.6099 aard
275.69 499.71 11.2781 10.6099 en
290.194 499.71 31.7952 10.6099 inhoud
325.27 499.71 15.7248 10.6099 van
344.197 499.71 16.8192 10.6099 een
364.127 499.71 29.641 10.6099 Klacht
396.878 499.71 9.23904 10.6099 of
409.343 499.71 21.7152 10.6099 deze
434.169 499.71 29.641 10.6099 Klacht
467.035 499.71 55.2038 10.6099 enkelvoudig

70.824 513.15 9.23904 10.6099 of
83.2886 513.15 54.9619 10.6099 meervoudig
141.349 513.15 12.2458 10.6099 zal
156.798 513.15 36.265 10.6099 worden
196.173 513.15 50.0314 10.6099 behandeld.
249.315 513.15 13.4438 10.6099 Hij
265.961 513.15 11.8771 10.6099 let
280.983 513.15 31.081 10.6099 daarbij
315.186 513.15 28.0742 10.6099 onder
346.498 513.15 24.48 10.6099 meer
374.088 513.15 12.119 10.6099 op
389.433 513.15 11.3933 10.6099 de
403.936 513.15 22.3258 10.6099 voor
429.372 513.15 11.2781 10.6099 de
443.876 513.15 54.8352 10.6099 behandeling
501.822 513.15 15.7248 10.6099 van

70.824 526.47 11.3933 10.6099 de
85.4544 526.47 29.641 10.6099 Klacht
118.321 526.47 36.8294 10.6099 vereiste
158.388 526.47 68.1523 10.6099 deskundigheid,
229.777 526.47 15.1142 10.6099 het
248.002 526.47 42.9696 10.6099 financiële
294.174 526.47 11.1859 10.6099 en
308.482 526.47 78.359 10.6099 maatschappelijke
389.963 526.47 29.399 10.6099 belang
422.587 526.47 15.5981 10.6099 van
441.411 526.47 11.3933 10.6099 de
456.041 526.47 32.0371 10.6099 Klacht,
491.304 526.47 11.2781 10.6099 en
505.704 526.47 11.3933 10.6099 de

70.824 539.79 24.3648 10.6099 vraag
98.3914 539.79 9.23904 10.6099 of
110.891 539.79 7.44192 10.6099 al
121.431 539.79 31.5533 10.6099 eerder
156.095 539.79 48.5569 10.6099 uitspraken
207.878 539.79 21.4848 10.6099 over
232.565 539.79 11.4163 10.6099 de
247.092 539.79 8.28288 10.6099 in
258.6 539.79 11.3933 10.6099 de
273.104 539.79 29.641 10.6099 Klacht
305.855 539.79 56.9894 10.6099 voorgelegde
366.082 539.79 30.5971 10.6099 vragen
400.06 539.79 15.5981 10.6099 zijn
418.78 539.79 34.3181 10.6099 gedaan.
456.335 539.79 28.6733 10.6099 Tegen
488.119 539.79 21.7152 10.6099 deze

70.824 553.11 42.8314 10.6099 beslissing
116.892 553.11 21.8419 10.6099 staat
141.972 553.11 21.7152 10.6099 geen
166.797 553.11 54.0058 10.6099 voorziening
224.005 553.11 25.92 10.6099 open.

70.824 579.75 27.4867 10.6099 Artikel
101.54 579.75 12.0019 10.6099 30
116.78 579.75 43.9334 10.6099 Aanwijzen
163.808 579.75 60.0211 10.6099 behandelende
227.028 579.75 46.0877 10.6099 Commissie

70.824 593.07 19.8029 10.6099 30.1
93.8525 593.07 14.1581 10.6099 De
111.236 593.07 49.2019 10.6099 Voorzitter
163.664 593.07 21.4733 10.6099 wijst
188.259 593.07 11.3933 10.6099 de
202.889 593.07 28.3162 10.6099 Leden
234.327 593.07 15.5981 10.6099 aan
253.151 593.07 13.9162 10.6099 die
270.178 593.07 15.5981 10.6099 aan
289.001 593.07 11.2781 10.6099 de
303.505 593.07 54.72 10.6099 behandeling
361.462 593.07 15.7248 10.6099 van
380.286 593.07 16.7962 10.6099 een
400.319 593.07 29.5258 10.6099 Klacht
432.955 593.07 53.3952 10.6099 deelnemen.
489.472 593.07 13.4438 10.6099 Hij

70.824 606.42 29.5142 10.6099 neemt
103.575 606.42 29.1704 10.6099 hierbij
135.856 606.42 11.3933 10.6099 de
150.487 606.42 20.2752 10.6099 aard
173.872 606.42 15.7248 10.6099 van
192.707 606.42 11.3933 10.6099 de
207.338 606.42 29.641 10.6099 Klacht
240.204 606.42 8.28288 10.6099 in
251.586 606.42 55.6762 10.6099 aanmerking.

70.824 619.86 19.8029 10.6099 30.2
93.8525 619.86 18.3629 10.6099 Aan
115.441 619.86 11.3933 10.6099 de
129.945 619.86 60.3533 10.6099 meervoudige
193.42 619.86 54.8352 10.6099 behandeling
251.492 619.86 15.7248 10.6099 van
270.316 619.86 16.7962 10.6099 een
290.234 619.86 29.5142 10.6099 Klacht
322.985 619.86 31.4381 10.6099 nemen
357.649 619.86 18.3629 10.6099 drie
379.237 619.86 9.23904 10.6099 of
391.702 619.86 12.9715 10.6099 vijf
407.772 619.86 28.3162 10.6099 Leden
439.199 619.86 21.9571 10.6099 deel,
464.382 619.86 27.959 10.6099 onder
495.566 619.86 16.3238 10.6099 wie

70.824 633.18 11.3933 10.6099 de
85.4544 633.18 49.3171 10.6099 Voorzitter
137.882 633.18 9.23904 10.6099 of
150.347 633.18 16.681 10.6099 een
170.253 633.18 23.1552 10.6099 door
196.519 633.18 20.16 10.6099 hem
219.904 633.18 55.8029 10.6099 aangewezen
278.933 633.18 67.2077 10.6099 Vicevoorzitter
349.366 633.18 9.23904 10.6099 of
361.727 633.18 26.6342 10.6099 ander
391.598 633.18 14.0429 10.6099 Lid
408.74 633.18 14.6304 10.6099 dat
426.504 633.18 15.4829 10.6099 aan
445.212 633.18 11.3933 10.6099 de
459.843 633.18 23.639 10.6099 eisen
486.708 633.18 22.3258 10.6099 voor

70.824 646.5 50.999 10.6099 benoeming
125.049 646.5 14.0314 10.6099 tot
142.19 646.5 47.4048 10.6099 voorzitter
192.59 646.5 38.0957 10.6099 voldoet.
233.923 646.5 18.3629 10.6099 Aan
255.385 646.5 11.3933 10.6099 de
270.015 646.5 60.2381 10.6099 meervoudige
333.491 646.5 54.72 10.6099 behandeling
391.436 646.5 15.7248 10.6099 van
410.271 646.5 16.7962 10.6099 een
430.19 646.5 29.641 10.6099 Klacht
463.18 646.5 32.0429 10.6099 neemt,
498.322 646.5 22.6829 10.6099 waar

70.824 659.82 27.959 10.6099 nodig,
102.02 659.82 15.1142 10.6099 ten
120.256 659.82 30.9542 10.6099 minste
154.448 659.82 16.681 10.6099 één
174.41 659.82 48.8333 10.6099 Deskundig
226.48 659.82 14.0429 10.6099 Lid
243.645 659.82 21.9571 10.6099 deel.

70.824 673.14 19.8029 10.6099 30.3
93.8525 673.14 14.1581 10.6099 De
111.236 673.14 60.7219 10.6099 enkelvoudige
175.08 673.14 54.72 10.6099 behandeling
233.026 673.14 15.7248 10.6099 van
251.849 673.14 16.7962 10.6099 een
271.883 673.14 29.5142 10.6099 Klacht
304.634 673.14 43.3152 10.6099 geschiedt
351.186 673.14 23.1552 10.6099 door
377.452 673.14 11.3933 10.6099 de
391.967 673.14 49.2019 10.6099 Voorzitter
444.395 673.14 9.23904 10.6099 of
456.859 673.14 16.7962 10.6099 een

70.824 686.46 69.9648 10.6099 Vicevoorzitter.
143.995 686.46 14.16 10.6099 De
161.292 686.46 49.1962 10.6099 Voorzitter
213.718 686.46 16.201 10.6099 kan
233.125 686.46 16.7078 10.6099 een
253.04 686.46 14.0467 10.6099 Lid
270.235 686.46 15.7286 10.6099 van
289.17 686.46 11.3952 10.6099 de
303.703 686.46 96.7154 10.6099 Geschillencommissie
403.54 686.46 14.6304 10.6099 dat
421.408 686.46 21.6 10.6099 geen
446.233 686.46 67.4496 10.6099 Vicevoorzitter
516.782 686.46 6.95808 10.6099 is

70.824 699.78 45.0163 10.6099 aanwijzen
119.045 699.78 22.3286 10.6099 voor
144.486 699.78 11.3942 10.6099 de
159.119 699.78 60.6058 10.6099 enkelvoudige
222.952 699.78 54.7296 10.6099 behandeling
280.886 699.78 15.7267 10.6099 van
299.737 699.78 16.6829 10.6099 een
319.647 699.78 32.1696 10.6099 Klacht.

513.36 37.56 11.2373 11.04 10

70.824 86.2597 27.4867 10.6099 Artikel
101.54 86.2597 12.0019 10.6099 31
116.78 86.2597 48.3658 10.6099 Inlichtingen
168.373 86.2597 18.1181 10.6099 over
189.615 86.2597 101.736 10.6099 commissiesamenstelling
294.59 86.2597 10.4438 10.6099 en
308.031 86.2597 33.8285 10.6099 wraking

70.824 99.5797 18.3514 10.6099 Met
92.4125 99.5797 58.0838 10.6099 uitzondering
153.722 99.5797 15.7248 10.6099 van
172.546 99.5797 11.3933 10.6099 de
187.25 99.5797 36.6106 10.6099 gevallen
227.063 99.5797 34.8019 10.6099 waarop
264.998 99.5797 29.399 10.6099 artikel
297.623 99.5797 11.4469 10.6099 32
312.19 99.5797 28.9152 10.6099 wordt
344.342 99.5797 47.52 10.6099 toegepast,
395.099 99.5797 20.1485 10.6099 stelt
418.42 99.5797 11.3981 10.6099 de

70.824 112.9 96.6701 10.6099 Geschillencommissie
170.69 112.9 35.2858 10.6099 partijen
209.201 112.9 8.28288 10.6099 in
220.71 112.9 29.5142 10.6099 kennis
253.334 112.9 15.7248 10.6099 van
272.17 112.9 11.3933 10.6099 de
286.8 112.9 61.4362 10.6099 samenstelling
351.462 112.9 15.7248 10.6099 van
370.297 112.9 11.3933 10.6099 de
384.927 112.9 54.1354 10.6099 Commissie.
442.3 112.9 35.5498 10.6099 Partijen
481.062 112.9 33.9734 10.6099 hebben

70.824 126.34 11.3933 10.6099 de
85.4544 126.34 58.5562 10.6099 bevoegdheid
147.248 126.34 14.0314 10.6099 tot
164.389 126.34 36.3571 10.6099 wraking
203.972 126.34 34.56 10.6099 volgens
241.654 126.34 11.3933 10.6099 de
256.284 126.34 77.0122 10.6099 wrakingsregeling
336.522 126.34 8.28288 10.6099 in
348.031 126.34 12.2342 10.6099 dit
363.375 126.34 51.9552 10.6099 Reglement.

70.824 152.98 27.4867 10.6099 Artikel
101.54 152.98 12.0019 10.6099 32
116.78 152.98 36.7258 10.6099 Verkorte
156.731 152.98 43.2115 10.6099 procedure

70.824 166.3 19.8 10.6099 32.1
93.864 166.3 14.6419 10.6099 Als
111.732 166.3 11.3933 10.6099 de
126.235 166.3 29.641 10.6099 Klacht
158.987 166.3 18.1325 10.6099 zich
180.322 166.3 42.5088 10.6099 daarvoor
226.033 166.3 25.7011 10.6099 leent,
254.833 166.3 28.9152 10.6099 wordt
286.985 166.3 9.8496 10.6099 zij
299.934 166.3 47.3933 10.6099 behandeld
350.564 166.3 8.28288 10.6099 in
361.969 166.3 16.7962 10.6099 een
382.002 166.3 40.7923 10.6099 verkorte
426.032 166.3 48.8448 10.6099 procedure
478.3 166.3 23.1552 10.6099 door
504.566 166.3 16.7962 10.6099 een

70.824 179.62 60.8582 10.6099 enkelvoudige
134.889 179.62 29.303 10.6099 kamer
167.398 179.62 15.7286 10.6099 van
186.252 179.62 11.28 10.6099 de
200.762 179.62 99.1315 10.6099 Geschillencommissie.
303.19 179.62 32.0371 10.6099 Artikel
338.453 179.62 11.52 10.6099 12
353.198 179.62 28.7885 10.6099 wordt
385.224 179.62 28.5581 10.6099 daarin
416.892 179.62 47.5085 10.6099 toegepast.

70.824 192.94 19.8 10.6099 32.2
93.864 192.94 8.64 10.6099 In
105.73 192.94 11.3933 10.6099 de
120.233 192.94 40.919 10.6099 verkorte
164.263 192.94 48.8333 10.6099 procedure
216.333 192.94 23.881 10.6099 krijgt
243.41 192.94 54.4973 10.6099 Consument
300.979 192.94 54.2861 10.6099 gelegenheid
358.476 192.94 9.35808 10.6099 te
370.929 192.94 41.303 10.6099 reageren
415.327 192.94 12.1229 10.6099 op
430.706 192.94 14.9952 10.6099 het
448.911 192.94 39.1105 10.6099 verweer
491.248 192.94 15.5981 10.6099 van
510.071 192.94 11.3933 10.6099 de

70.824 206.26 45.4666 10.6099 Financiële
119.533 206.26 69.3446 10.6099 dienstverlener,
192.006 206.26 24.9494 10.6099 tenzij
220.198 206.26 11.3904 10.6099 de
234.89 206.26 45.3658 10.6099 Financiële
283.458 206.26 66.7469 10.6099 dienstverlener
353.47 206.26 48.2342 10.6099 uitsluitend
404.941 206.26 23.5123 10.6099 heeft
431.46 206.26 45.0086 10.6099 verwezen
479.672 206.26 20.16 10.6099 naar
502.965 206.26 15.1142 10.6099 het

70.824 219.7 45.9802 10.6099 standpunt
120.016 219.7 14.5248 10.6099 dat
137.753 219.7 9.8592 10.6099 zij
150.848 219.7 8.28768 10.6099 in
162.209 219.7 11.3981 10.6099 de
176.866 219.7 33.241 10.6099 interne
213.319 219.7 76.4563 10.6099 klachtprocedure
292.987 219.7 23.4163 10.6099 heeft
319.616 219.7 56.0572 10.6099 aangevoerd.

70.824 233.02 19.8 10.6099 32.3
93.864 233.02 13.9162 10.6099 Na
111.017 233.02 48.3494 10.6099 toepassing
162.489 233.02 15.7248 10.6099 van
181.416 233.02 29.3069 10.6099 artikel
213.948 233.02 19.8644 10.6099 32.2
237.038 233.02 28.9152 10.6099 beslist
269.191 233.02 11.3933 10.6099 de
283.75 233.02 54.1229 10.6099 Commissie.

70.824 246.34 19.8029 10.6099 32.4
93.8525 246.34 15.241 10.6099 Op
112.319 246.34 11.3933 10.6099 de
126.823 246.34 40.9582 10.6099 verkorte
170.93 246.34 48.8333 10.6099 procedure
223 246.34 15.6096 10.6099 zijn
241.813 246.34 11.3011 10.6099 de
256.37 246.34 40.6848 10.6099 artikelen
300.156 246.34 11.521 10.6099 39
314.8 246.34 11.279 10.6099 en
329.307 246.34 11.521 10.6099 40
344.11 246.34 15.7248 10.6099 van
362.934 246.34 50.8838 10.6099 toepassing.
417.1 246.34 17.0381 10.6099 Een
437.14 246.34 42.2323 10.6099 uitspraak
482.609 246.34 10.679 10.6099 na
496.44 246.34 16.8 10.6099 een

70.824 259.69 40.921 10.6099 verkorte
114.98 259.69 48.8448 10.6099 procedure
167.05 259.69 6.95808 10.6099 is
177.17 259.69 17.5219 10.6099 niet
197.929 259.69 37.0714 10.6099 bindend
238.134 259.69 11.2781 10.6099 en
252.638 259.69 21.9456 10.6099 staat
277.705 259.69 17.6371 10.6099 niet
298.579 259.69 8.15616 10.6099 in
309.857 259.69 11.3933 10.6099 de
324.488 259.69 18.72 10.6099 weg
346.433 259.69 15.4829 10.6099 aan
365.142 259.69 54.72 10.6099 behandeling
423.087 259.69 15.5981 10.6099 van
441.911 259.69 11.3933 10.6099 de
456.542 259.69 20.16 10.6099 zaak
479.812 259.69 23.1552 10.6099 door
506.078 259.69 11.3933 10.6099 de

70.824 273.01 36.3571 10.6099 gewone
110.407 273.01 37.3248 10.6099 rechter.

70.824 286.33 19.8 10.6099 32.5
93.864 286.33 17.0381 10.6099 Een
114.128 286.33 42.1171 10.6099 uitspraak
159.47 286.33 41.5066 10.6099 vermeldt
204.214 286.33 14.6304 10.6099 dat
222.082 286.33 9.8496 10.6099 zij
235.03 286.33 18.2362 10.6099 met
256.503 286.33 48.3494 10.6099 toepassing
307.975 286.33 15.5981 10.6099 van
326.798 286.33 11.3933 10.6099 de
341.429 286.33 40.9593 10.6099 verkorte
385.63 286.33 48.8623 10.6099 procedure
437.603 286.33 6.95808 10.6099 is
447.786 286.33 34.4333 10.6099 gedaan.

70.824 299.65 12.6029 10.6099 De
86.6525 299.65 35.2973 10.6099 verkorte
125.152 299.65 43.2461 10.6099 procedure
171.65 299.65 24.3533 10.6099 wordt
199.25 299.65 25.2144 10.6099 alleen
227.69 299.65 31.9334 10.6099 gevolgd
262.711 299.65 7.56864 10.6099 in
273.482 299.65 26.4038 10.6099 zaken
303.019 299.65 28.9382 10.6099 waarin
335.16 299.65 10.4486 10.6099 de
348.846 299.65 25.92 10.6099 klacht
377.95 299.65 35.1706 10.6099 duidelijk
416.38 299.65 44.8934 10.6099 ongegrond
464.476 299.65 8.5248 10.6099 is.
476.249 299.65 12.6029 10.6099 De
491.951 299.65 21.3581 10.6099 zaak

70.824 313.09 24.4915 10.6099 wordt
98.5181 313.09 47.4394 10.6099 beoordeeld
149.16 313.09 19.3306 10.6099 door
171.612 313.09 15.4944 10.6099 een
190.217 313.09 55.3536 10.6099 enkelvoudige
248.773 313.09 27.8554 10.6099 kamer
279.831 313.09 15.1258 10.6099 van
298.079 313.09 10.4486 10.6099 de
311.71 313.09 87.0125 10.6099 Geschillencommissie
401.925 313.09 10.8058 10.6099 op
415.864 313.09 21.001 10.6099 basis
440.091 313.09 15.1258 10.6099 van
458.419 313.09 13.6858 10.6099 het
475.25 313.09 47.9117 10.6099 schriftelijke

70.824 326.41 31.7981 10.6099 dossier.
105.853 326.41 12.6 10.6099 De
121.685 326.41 46.0886 10.6099 afwijzende
170.878 326.41 45.121 10.6099 uitspraken
219.29 326.41 12.6144 10.6099 die
235.107 326.41 10.8058 10.6099 na
249.161 326.41 15.4944 10.6099 een
267.743 326.41 35.3326 10.6099 verkorte
306.175 326.41 43.223 10.6099 procedure
352.6 326.41 15.0106 10.6099 zijn
370.836 326.41 33.8573 10.6099 gedaan,
407.781 326.41 15.0106 10.6099 zijn
425.994 326.41 55.1868 10.6099 niet-bindend.
484.407 326.41 12.6029 10.6099 De

70.824 339.73 48.6086 10.6099 Consument
122.633 339.73 16.103 10.6099 kan
141.96 339.73 15.7219 10.6099 niet
160.917 339.73 7.56768 10.6099 in
171.685 339.73 29.7974 10.6099 beroep
204.684 339.73 9.73248 10.6099 bij
217.663 339.73 21.6182 10.6099 Kifid,
242.482 339.73 22.9334 10.6099 maar
268.524 339.73 14.2944 10.6099 wel
286.019 339.73 19.8115 10.6099 naar
308.846 339.73 10.4477 10.6099 de
322.495 339.73 32.6544 10.6099 gewone
358.396 339.73 32.6525 10.6099 rechter.

70.824 353.05 48.6086 10.6099 Consument
122.66 353.05 21.3696 10.6099 krijgt
147.14 353.05 10.4486 10.6099 de
160.791 353.05 53.3261 10.6099 mogelijkheid
217.37 353.05 44.0602 10.6099 Schriftelijk
264.65 353.05 8.28288 10.6099 te
276.032 353.05 37.9238 10.6099 reageren
317.181 353.05 10.8058 10.6099 op
331.19 353.05 13.6858 10.6099 het
348.124 353.05 35.8963 10.6099 verweer,
387.223 353.05 23.2934 10.6099 tenzij
413.753 353.05 10.679 10.6099 dit
427.554 353.05 25.2288 10.6099 alleen
455.986 353.05 15.4944 10.6099 een
474.683 353.05 42.1517 10.6099 verwijzing

70.824 366.37 19.8144 10.6099 naar
93.841 366.37 10.4486 10.6099 de
107.538 366.37 29.899 10.6099 interne
140.536 366.37 69.143 10.6099 klachtprocedure
212.882 366.37 32.6592 10.6099 behelst.
248.767 366.37 12.2458 10.6099 Als
264.111 366.37 10.4486 10.6099 de
277.762 366.37 28.9382 10.6099 reactie
309.79 366.37 15.1258 10.6099 van
328.118 366.37 48.6144 10.6099 Consument
379.99 366.37 43.3238 10.6099 aanleiding
426.545 366.37 21.2429 10.6099 geeft
451.019 366.37 11.6294 10.6099 tot
465.892 366.37 24.8486 10.6099 nader

70.824 379.69 45.3696 10.6099 onderzoek
119.394 379.69 21.3878 10.6099 krijgt
143.983 379.69 10.4477 10.6099 de
157.58 379.69 41.8867 10.6099 Financiële
202.685 379.69 59.52 10.6099 dienstverlener
265.49 379.69 15.4829 10.6099 nog
284.072 379.69 10.4486 10.6099 de
297.723 379.69 50.4576 10.6099 gelegenheid
351.383 379.69 10.8058 10.6099 op
365.426 379.69 30.1478 10.6099 nieuwe
398.65 379.69 44.7667 10.6099 elementen
446.619 379.69 7.56864 10.6099 in
457.436 379.69 10.4486 10.6099 de
471.087 379.69 28.8346 10.6099 reactie
503.125 379.69 8.30592 10.6099 te

70.824 393.01 40.3085 10.6099 reageren.

70.824 419.77 27.4867 10.6099 Artikel
101.54 419.77 12.0019 10.6099 33
116.78 419.77 50.0256 10.6099 Mondelinge
169.928 419.77 51.5866 10.6099 behandeling

70.824 433.11 19.8029 10.6099 33.1
93.8525 433.11 14.6419 10.6099 Als
111.72 433.11 11.3933 10.6099 de
126.224 433.11 51.84 10.6099 Voorzitter,
181.174 433.11 11.3933 10.6099 de
195.77 433.11 51.7238 10.6099 Commissie
250.595 433.11 9.24 10.6099 of
263.062 433.11 25.1981 10.6099 beide
291.373 433.11 35.281 10.6099 partijen
329.858 433.11 23.0438 10.6099 zulks
356.164 433.11 42.4819 10.6099 wenselijk
401.85 433.11 33.2755 10.6099 achten,
438.227 433.11 26.039 10.6099 roept
467.493 433.11 11.3942 10.6099 de

70.824 446.43 51.7238 10.6099 Commissie
125.752 446.43 35.3155 10.6099 partijen
164.295 446.43 12.12 10.6099 op
179.516 446.43 22.2019 10.6099 voor
204.923 446.43 16.8211 10.6099 een
224.971 446.43 53.519 10.6099 mondelinge
281.695 446.43 54.6374 10.6099 behandeling
339.537 446.43 15.7267 10.6099 van
358.514 446.43 11.279 10.6099 de
373.02 446.43 32.1696 10.6099 Klacht.
408.46 446.43 14.1581 10.6099 De
425.74 446.43 53.6371 10.6099 mondelinge

70.824 459.75 54.8352 10.6099 behandeling
128.896 459.75 23.3971 10.6099 heeft
155.531 459.75 14.0314 10.6099 tot
172.672 459.75 20.2752 10.6099 doel
196.058 459.75 36.599 10.6099 verdere
235.883 459.75 52.3123 10.6099 inlichtingen
291.432 459.75 8.28288 10.6099 in
302.814 459.75 9.35424 10.6099 te
315.29 459.75 33.6038 10.6099 winnen
352.096 459.75 23.7773 10.6099 en/of
378.984 459.75 16.7962 10.6099 een
399.017 459.75 46.921 10.6099 minnelijke
449.141 459.75 36.4753 10.6099 regeling
488.86 459.75 9.23904 10.6099 te

70.824 473.07 52.3238 10.6099 beproeven.

70.824 486.39 19.8 10.6099 33.2
93.864 486.39 14.1581 10.6099 De
111.26 486.39 51.5981 10.6099 Commissie
166.084 486.39 20.0333 10.6099 stelt
189.29 486.39 15.1142 10.6099 het
207.641 486.39 31.3114 10.6099 tijdstip
242.086 486.39 11.2781 10.6099 en
256.59 486.39 11.3933 10.6099 de
271.094 486.39 26.3923 10.6099 plaats
300.619 486.39 15.5981 10.6099 van
319.443 486.39 11.3933 10.6099 de
334.073 486.39 54.72 10.6099 behandeling
392.019 486.39 20.6438 10.6099 vast.
415.888 486.39 17.0381 10.6099 Een
436.037 486.39 53.6371 10.6099 mondelinge

70.824 499.71 54.8352 10.6099 behandeling
128.896 499.71 18.72 10.6099 kan,
150.727 499.71 27.959 10.6099 indien
181.796 499.71 11.3933 10.6099 de
196.3 499.71 51.7133 10.6099 Commissie
251.124 499.71 14.6304 10.6099 dat
268.991 499.71 35.6429 10.6099 bepaalt,
307.86 499.71 18.121 10.6099 ook
329.206 499.71 22.5562 10.6099 langs
354.999 499.71 62.7494 10.6099 elektronische
420.859 499.71 18.5933 10.6099 weg
442.678 499.71 59.3971 10.6099 plaatsvinden.
505.186 499.71 18.2477 10.6099 Alle

70.824 513.15 59.6275 10.6099 betrokkenen
133.689 513.15 35.7466 10.6099 moeten
172.672 513.15 16.439 10.6099 dan
192.233 513.15 16.3238 10.6099 wel
211.76 513.15 8.28288 10.6099 in
223.303 513.15 29.0419 10.6099 gelijke
255.444 513.15 23.1552 10.6099 mate
281.721 513.15 33.961 10.6099 kunnen
318.907 513.15 51.4943 10.6099 beschikken
373.493 513.15 21.4906 10.6099 over
398.19 513.15 27.0125 10.6099 geluid
428.38 513.15 11.28 10.6099 en
442.9 513.15 27.7171 10.6099 beeld.

70.824 526.47 19.8 10.6099 33.3
93.864 526.47 21.3581 10.6099 Ook
118.448 526.47 8.28288 10.6099 in
129.829 526.47 22.9248 10.6099 geval
155.957 526.47 15.6326 10.6099 van
174.815 526.47 16.7962 10.6099 een
194.722 526.47 60.48 10.6099 meervoudige
258.312 526.47 54.8352 10.6099 behandeling
316.258 526.47 15.7248 10.6099 van
335.185 526.47 11.4163 10.6099 de
349.712 526.47 29.641 10.6099 Klacht
382.75 526.47 16.0819 10.6099 kan
402.058 526.47 11.3933 10.6099 de
416.561 526.47 49.2019 10.6099 Voorzitter
469.06 526.47 9.23904 10.6099 of
481.421 526.47 11.3933 10.6099 de

70.824 539.79 51.744 10.6099 Commissie
125.778 539.79 41.5373 10.6099 besluiten
170.526 539.79 14.6381 10.6099 dat
188.178 539.79 11.3971 10.6099 de
202.786 539.79 53.6717 10.6099 mondelinge
259.541 539.79 54.7584 10.6099 behandeling
317.509 539.79 15.7325 10.6099 van
336.487 539.79 16.8038 10.6099 een
356.374 539.79 29.6602 10.6099 Klacht
389.164 539.79 12.2534 10.6099 zal
404.628 539.79 56.8013 10.6099 plaatsvinden
464.639 539.79 22.3373 10.6099 voor
490.083 539.79 16.8038 10.6099 één

70.824 553.11 15.7248 10.6099 van
89.7514 553.11 11.4163 10.6099 de
104.393 553.11 28.201 10.6099 Leden
135.82 553.11 15.7248 10.6099 van
154.644 553.11 11.3933 10.6099 de
169.37 553.11 53.9942 10.6099 Commissie.

70.824 566.43 19.8 10.6099 33.4
93.864 566.43 35.5498 10.6099 Partijen
132.5 566.43 30.9782 10.6099 dienen
166.73 566.43 11.2781 10.6099 de
181.234 566.43 96.6067 10.6099 Geschillencommissie
280.99 566.43 31.081 10.6099 binnen
315.181 566.43 16.7962 10.6099 een
335.215 566.43 23.1552 10.6099 door
361.51 566.43 11.3933 10.6099 de
376.14 566.43 96.48 10.6099 Geschillencommissie
475.9 566.43 9.35424 10.6099 te
488.365 566.43 35.7581 10.6099 bepalen

70.824 579.75 33.6269 10.6099 termijn
107.661 579.75 9.35808 10.6099 te
120.229 579.75 22.4794 10.6099 laten
145.919 579.75 28.9306 10.6099 weten
177.956 579.75 9.24288 10.6099 of
190.352 579.75 9.85728 10.6099 zij
203.419 579.75 51.8784 10.6099 persoonlijk
258.393 579.75 20.1715 10.6099 naar
281.774 579.75 11.3971 10.6099 de
296.278 579.75 53.5795 10.6099 mondelinge
353.068 579.75 54.7469 10.6099 behandeling
411.025 579.75 31.9373 10.6099 komen
446.172 579.75 9.24288 10.6099 of
458.672 579.75 16.3315 10.6099 wie
478.075 579.75 9.85728 10.6099 zij
491.177 579.75 20.1715 10.6099 naar

70.824 593.07 11.3933 10.6099 de
85.4544 593.07 53.6371 10.6099 mondelinge
142.202 593.07 54.72 10.6099 behandeling
200.148 593.07 27.1296 10.6099 willen
230.48 593.07 51.7478 10.6099 afvaardigen
285.465 593.07 9.23904 10.6099 of
297.814 593.07 27.0029 10.6099 willen
328.043 593.07 60.2381 10.6099 meebrengen.
391.391 593.07 14.1581 10.6099 De
408.775 593.07 51.4829 10.6099 Commissie
463.495 593.07 16.3643 10.6099 kan
482.981 593.07 11.3933 10.6099 de

70.824 606.42 36.2534 10.6099 toegang
110.288 606.42 42.5011 10.6099 weigeren
155.999 606.42 15.6058 10.6099 aan
174.711 606.42 43.607 10.6099 personen
221.529 606.42 13.9238 10.6099 die
238.594 606.42 17.6486 10.6099 niet
259.452 606.42 15.6211 10.6099 zijn
278.157 606.42 51.3158 10.6099 aangemeld.

70.824 619.86 19.8 10.6099 33.5
93.864 619.86 14.1581 10.6099 De
111.248 619.86 53.5219 10.6099 mondelinge
168.007 619.86 54.6048 10.6099 behandeling
225.837 619.86 6.95808 10.6099 is
236.021 619.86 17.5219 10.6099 niet
256.78 619.86 45.9648 10.6099 openbaar.
305.867 619.86 40.6771 10.6099 Anderen
349.781 619.86 16.5542 10.6099 dan
369.445 619.86 37.9238 10.6099 partijen,
410.491 619.86 17.28 10.6099 hun

70.824 633.18 94.032 10.6099 vertegenwoordigers
167.989 633.18 11.2723 10.6099 en
182.499 633.18 44.8589 10.6099 eventuele
230.595 633.18 41.2531 10.6099 getuigen,
274.97 633.18 36.3283 10.6099 worden
314.328 633.18 31.5418 10.6099 slechts
349.107 633.18 48.5626 10.6099 toegelaten
400.918 633.18 27.9302 10.6099 indien
431.993 633.18 15.3504 10.6099 alle
450.581 633.18 35.3837 10.6099 partijen

70.824 646.5 45.865 10.6099 daartegen
119.901 646.5 21.6029 10.6099 geen
144.716 646.5 38.7936 10.6099 bezwaar
186.595 646.5 36.5357 10.6099 hebben.
226.37 646.5 14.1581 10.6099 De
243.65 646.5 51.744 10.6099 Commissie
298.51 646.5 18.6048 10.6099 kan,
320.34 646.5 38.6266 10.6099 ondanks
362.1 646.5 38.7648 10.6099 bezwaar
404.068 646.5 15.6326 10.6099 van
422.926 646.5 16.681 10.6099 een
442.833 646.5 15.7248 10.6099 van
461.76 646.5 11.4163 10.6099 de
476.287 646.5 37.9238 10.6099 partijen,

70.824 659.82 16.7962 10.6099 een
90.8573 659.82 32.1523 10.6099 andere
126.12 659.82 38.7533 10.6099 persoon
167.984 659.82 16.5542 10.6099 dan
187.775 659.82 11.2781 10.6099 de
202.279 659.82 54.1094 10.6099 genoemden
259.51 659.82 38.2694 10.6099 toelaten
300.89 659.82 27.8438 10.6099 indien
331.959 659.82 9.8496 10.6099 zij
345.012 659.82 15.7248 10.6099 van
363.881 659.82 36.7142 10.6099 oordeel
403.833 659.82 6.83136 10.6099 is
413.901 659.82 14.6304 10.6099 dat
431.642 659.82 42.4858 10.6099 daarvoor
477.33 659.82 28.2125 10.6099 goede

70.824 673.14 38.759 10.6099 gronden
112.811 673.14 15.6125 10.6099 zijn
131.535 673.14 11.279 10.6099 en
146.042 673.14 14.6323 10.6099 dat
163.787 673.14 11.3942 10.6099 de
178.42 673.14 23.8742 10.6099 partij
205.499 673.14 13.9411 10.6099 die
222.644 673.14 18.1354 10.6099 zich
243.903 673.14 25.5552 10.6099 tegen
272.686 673.14 11.279 10.6099 de
287.193 673.14 40.0858 10.6099 toelating
330.483 673.14 31.99 10.6099 verzet,
365.71 673.14 43.3152 10.6099 daardoor
412.147 673.14 17.6371 10.6099 niet
432.906 673.14 9.23904 10.6099 of
445.371 673.14 17.6371 10.6099 niet
466.245 673.14 46.5638 10.6099 onredelijk

70.824 686.46 28.9152 10.6099 wordt
102.976 686.46 49.6798 10.6099 benadeeld.
155.882 686.46 28.6733 10.6099 Tegen
187.665 686.46 21.6 10.6099 deze
212.491 686.46 42.8314 10.6099 beslissing
258.433 686.46 21.9456 10.6099 staat
283.5 686.46 21.7152 10.6099 geen
308.453 686.46 32.521 10.6099 hogere
344.211 686.46 54.1325 10.6099 voorziening
401.431 686.46 25.92 10.6099 open.

513.36 37.56 11.2373 11.04 11

70.824 86.2597 19.8 10.6099 33.6
93.864 86.2597 14.6419 10.6099 Als
111.732 86.2597 16.7962 10.6099 een
131.638 86.2597 24.1229 10.6099 partij
158.883 86.2597 17.6371 10.6099 niet
179.757 86.2597 47.4048 10.6099 verschijnt,
230.364 86.2597 16.1971 10.6099 kan
249.718 86.2597 11.3933 10.6099 de
264.41 86.2597 51.4829 10.6099 Commissie
319.15 86.2597 41.6333 10.6099 besluiten
363.91 86.2597 35.401 10.6099 partijen
402.537 86.2597 39.721 10.6099 opnieuw
445.46 86.2597 22.3258 10.6099 voor
471.046 86.2597 16.7962 10.6099 een

70.824 99.5797 53.6198 10.6099 mondelinge
127.689 99.5797 54.7008 10.6099 behandeling
185.634 99.5797 12.0019 10.6099 op
200.869 99.5797 9.35232 10.6099 te
213.455 99.5797 35.8848 10.6099 roepen.
252.562 99.5797 14.6381 10.6099 Als
270.318 99.5797 11.3914 10.6099 de
285.07 99.5797 51.5981 10.6099 Commissie
339.91 99.5797 30.3552 10.6099 besluit
373.376 99.5797 35.401 10.6099 partijen
411.898 99.5797 17.6371 10.6099 niet
432.646 99.5797 39.9629 10.6099 opnieuw
475.834 99.5797 22.199 10.6099 voor
501.259 99.5797 16.7962 10.6099 een

70.824 112.9 53.6198 10.6099 mondelinge
127.689 112.9 54.7008 10.6099 behandeling
185.634 112.9 12.0019 10.6099 op
200.869 112.9 9.35232 10.6099 te
213.455 112.9 35.8848 10.6099 roepen,
252.562 112.9 18.5875 10.6099 gaat
274.267 112.9 11.3914 10.6099 de
288.892 112.9 53.3894 10.6099 mondelinge
345.526 112.9 54.7123 10.6099 behandeling
403.472 112.9 23.1494 10.6099 door
429.636 112.9 29.1475 10.6099 buiten
462.028 112.9 61.1962 10.6099 aanwezigheid

70.824 126.34 15.7248 10.6099 van
89.7514 126.34 11.4163 10.6099 de
104.393 126.34 17.6371 10.6099 niet
125.141 126.34 52.7962 10.6099 verschenen
181.163 126.34 26.5306 10.6099 partij.
211.01 126.34 24.2381 10.6099 Voor
238.474 126.34 26.1619 10.6099 zover
267.89 126.34 12.2342 10.6099 dit
283.235 126.34 20.16 10.6099 naar
306.62 126.34 14.999 10.6099 het
324.856 126.34 36.7142 10.6099 oordeel
364.681 126.34 15.7248 10.6099 van
383.608 126.34 11.4163 10.6099 de
398.26 126.34 51.5866 10.6099 Commissie
453.1 126.34 25.4362 10.6099 nodig
481.647 126.34 9.48096 10.6099 is,
494.353 126.34 22.6714 10.6099 geeft

70.824 139.66 9.8496 10.6099 zij
83.8762 139.66 11.3933 10.6099 de
98.5181 139.66 39.2371 10.6099 afwezige
140.981 139.66 24.1229 10.6099 partij
168.203 139.66 11.3933 10.6099 de
182.833 139.66 54.3342 10.6099 gelegenheid
240.404 139.66 48.361 10.6099 Schriftelijk
291.991 139.66 9.35424 10.6099 te
304.467 139.66 41.161 10.6099 reageren
348.865 139.66 12.119 10.6099 op
364.106 139.66 17.0381 10.6099 wat
384.37 139.66 20.16 10.6099 naar
407.64 139.66 27.2448 10.6099 voren
438.1 139.66 6.95808 10.6099 is
448.284 139.66 42.359 10.6099 gekomen
493.868 139.66 30.4704 10.6099 tijdens

70.824 152.98 11.3933 10.6099 de
85.4544 152.98 53.6371 10.6099 mondelinge
142.202 152.98 57.291 10.6099 behandeling.
202.73 152.98 14.1581 10.6099 De
220.13 152.98 51.5981 10.6099 Commissie
274.97 152.98 16.1971 10.6099 kan
294.278 152.98 18.2362 10.6099 ook
315.624 152.98 16.7962 10.6099 een
335.657 152.98 42.1171 10.6099 uitspraak
381.012 152.98 25.92 10.6099 doen,
410.157 152.98 30.839 10.6099 waarin
444.222 152.98 9.8496 10.6099 zij
457.274 152.98 41.76 10.6099 vermeldt

70.824 166.3 27.36 10.6099 welke
101.41 166.3 24.1229 10.6099 partij
128.758 166.3 17.5104 10.6099 niet
149.506 166.3 6.95808 10.6099 is
159.689 166.3 55.2038 10.6099 verschenen.

70.824 192.94 27.4867 10.6099 Artikel
101.54 192.94 12.0019 10.6099 34
116.78 192.94 50.6419 10.6099 Inlichtingen,
170.649 192.94 36.001 10.6099 getuigen
209.878 192.94 10.4438 10.6099 en
223.549 192.94 53.497 10.6099 deskundigen

70.824 206.26 19.8029 10.6099 34.1
93.8525 206.26 35.7656 10.6099 Behalve
132.844 206.26 22.5562 10.6099 waar
158.625 206.26 12.119 10.6099 uit
173.855 206.26 12.2342 10.6099 dit
189.211 206.26 49.4323 10.6099 Reglement
241.88 206.26 9.23904 10.6099 of
254.23 206.26 11.3933 10.6099 de
268.86 206.26 20.16 10.6099 aard
292.246 206.26 15.7248 10.6099 van
310.966 206.26 11.3933 10.6099 de
325.596 206.26 48.96 10.6099 procedure
377.667 206.26 10.8058 10.6099 bij
391.9 206.26 11.3933 10.6099 de
406.404 206.26 96.6067 10.6099 Geschillencommissie

70.824 219.7 31.0694 10.6099 anders
105.131 219.7 25.2058 10.6099 volgt,
133.435 219.7 28.9152 10.6099 wordt
165.588 219.7 22.199 10.6099 voor
190.908 219.7 11.3933 10.6099 de
205.539 219.7 27.4752 10.6099 regels
236.136 219.7 21.4848 10.6099 over
260.823 219.7 15.1373 10.6099 het
279.071 219.7 34.4448 10.6099 leveren
316.615 219.7 15.7248 10.6099 van
335.542 219.7 29.065 10.6099 bewijs
367.706 219.7 29.7677 10.6099 zoveel
400.676 219.7 38.5459 10.6099 mogelijk
442.448 219.7 54.4666 10.6099 aangesloten
500.036 219.7 10.8058 10.6099 bij

70.824 233.02 15.84 10.6099 art.
89.8896 233.02 17.28 10.6099 149
110.395 233.02 15.6096 10.6099 e.v.
129.104 233.02 15.7248 10.6099 van
148.031 233.02 15.1373 10.6099 het
166.279 233.02 44.3981 10.6099 Wetboek
213.914 233.02 15.7248 10.6099 van
232.841 233.02 50.3194 10.6099 Burgerlijke
286.363 233.02 78.9811 10.6099 Rechtsvordering.

70.824 246.34 19.8 10.6099 34.2
93.864 246.34 14.1581 10.6099 De
111.248 246.34 51.5981 10.6099 Commissie
166.13 246.34 27.8323 10.6099 maakt
197.199 246.34 31.5533 10.6099 slechts
231.99 246.34 34.4448 10.6099 gebruik
269.66 246.34 15.7248 10.6099 van
288.484 246.34 41.3914 10.6099 gedrukte
333.112 246.34 9.23904 10.6099 of
345.577 246.34 51.9667 10.6099 geschreven
400.746 246.34 36.1498 10.6099 stukken
440.122 246.34 9.23904 10.6099 of
452.586 246.34 32.0371 10.6099 andere

70.824 259.69 71.5162 10.6099 bewijsmiddelen
145.577 259.69 10.5638 10.6099 na
159.367 259.69 25.1942 10.6099 beide
187.671 259.69 35.2858 10.6099 partijen
226.183 259.69 8.28288 10.6099 in
237.668 259.69 11.4163 10.6099 de
252.195 259.69 54.2362 10.6099 gelegenheid
309.668 259.69 9.23904 10.6099 te
322.133 259.69 34.0762 10.6099 hebben
359.446 259.69 32.5094 10.6099 gesteld
395.193 259.69 35.8848 10.6099 daarvan
434.188 259.69 29.5142 10.6099 kennis
466.939 259.69 9.35424 10.6099 te
479.531 259.69 31.3229 10.6099 nemen

70.824 273.01 11.2781 10.6099 en
85.3277 273.01 32.3942 10.6099 daarop
120.832 273.01 9.35424 10.6099 te
133.424 273.01 43.6838 10.6099 reageren,
180.333 273.01 16.681 10.6099 een
200.24 273.01 11.2781 10.6099 en
214.743 273.01 26.6342 10.6099 ander
244.488 273.01 12.242 10.6099 op
259.852 273.01 23.1552 10.6099 door
286.244 273.01 20.0448 10.6099 haar
309.515 273.01 9.23904 10.6099 te
321.979 273.01 35.7581 10.6099 bepalen
360.963 273.01 26.0467 10.6099 wijze.

70.824 286.33 19.8 10.6099 34.3
93.864 286.33 35.5498 10.6099 Partijen
132.499 286.33 15.624 10.6099 zijn
151.335 286.33 40.5773 10.6099 verplicht
195.05 286.33 11.3933 10.6099 de
209.68 286.33 51.5866 10.6099 Commissie
264.504 286.33 11.3933 10.6099 de
279.008 286.33 47.6352 10.6099 informatie
329.88 286.33 9.35424 10.6099 te
342.471 286.33 26.6458 10.6099 geven
372.343 286.33 22.6829 10.6099 waar
398.125 286.33 11.3933 10.6099 de
412.755 286.33 51.5981 10.6099 Commissie
467.579 286.33 15.241 10.6099 om
485.93 286.33 30.7238 10.6099 vraagt.

70.824 299.65 14.1581 10.6099 De
88.2077 299.65 51.7133 10.6099 Commissie
143.031 299.65 16.1971 10.6099 kan
162.454 299.65 35.1706 10.6099 partijen
200.85 299.65 18.2362 10.6099 ook
222.324 299.65 51.7133 10.6099 verplichten
277.274 299.65 51.5981 10.6099 (afschriften
332.109 299.65 19.4458 10.6099 van)
354.757 299.65 34.3411 10.6099 boeken
392.336 299.65 11.2781 10.6099 en
406.724 299.65 51.5981 10.6099 bescheiden
461.559 299.65 19.9181 10.6099 mee
484.599 299.65 9.35424 10.6099 te

70.824 313.09 31.4381 10.6099 nemen
105.488 313.09 11.2781 10.6099 en
119.991 313.09 16.0819 10.6099 kan
139.299 313.09 16.7962 10.6099 een
159.205 313.09 50.1581 10.6099 onderzoek
212.601 313.09 35.6429 10.6099 bevelen
251.365 313.09 15.7248 10.6099 van
270.293 313.09 34.3411 10.6099 boeken
307.86 313.09 11.1629 10.6099 en
322.39 313.09 51.7133 10.6099 bescheiden
377.214 313.09 15.7248 10.6099 van
396.141 313.09 35.3088 10.6099 partijen
434.572 313.09 23.1552 10.6099 door
460.964 313.09 16.7962 10.6099 een
480.882 313.09 23.1552 10.6099 door

70.824 326.41 20.16 10.6099 haar
94.2096 326.41 35.9885 10.6099 daartoe
133.32 326.41 15.5981 10.6099 aan
152.18 326.41 9.23904 10.6099 te
164.645 326.41 29.2838 10.6099 wijzen
197.154 326.41 89.5104 10.6099 registeraccountant.

70.824 339.73 19.8 10.6099 34.4
93.864 339.73 14.1581 10.6099 De
111.248 339.73 51.5981 10.6099 Commissie
166.071 339.73 29.2838 10.6099 neemt
198.592 339.73 10.8058 10.6099 bij
212.601 339.73 48.3725 10.6099 toepassing
264.21 339.73 15.7248 10.6099 van
283.034 339.73 15.1142 10.6099 het
301.385 339.73 28.8 10.6099 vorige
333.411 339.73 10.921 10.6099 lid
347.557 339.73 11.3933 10.6099 de
362.061 339.73 44.9971 10.6099 eventuele

70.824 353.05 139.326 10.6099 geheimhoudingsverplichtingen
213.377 353.05 15.7267 10.6099 van
232.308 353.05 35.3155 10.6099 partijen
270.828 353.05 8.28384 10.6099 in
282.248 353.05 19.5638 10.6099 acht
305.016 353.05 11.1869 10.6099 en
319.43 353.05 22.6752 10.6099 geeft
345.333 353.05 11.3942 10.6099 de
359.84 353.05 43.6906 10.6099 voorkeur
406.631 353.05 15.6 10.6099 aan
425.355 353.05 11.279 10.6099 de
439.861 353.05 22.3286 10.6099 voor
465.395 353.05 11.3942 10.6099 de

70.824 366.37 48.3494 10.6099 betrokken
122.411 366.37 24.1229 10.6099 partij
149.632 366.37 25.4362 10.6099 minst
178.179 366.37 49.536 10.6099 belastende
230.964 366.37 23.6506 10.6099 wijze
257.713 366.37 15.7248 10.6099 van
276.64 366.37 84.1421 10.6099 gegevensvergaring
364.008 366.37 13.9162 10.6099 die
381.035 366.37 22.5064 10.6099 voor
406.767 366.37 11.2781 10.6099 de
421.27 366.37 51.4829 10.6099 beslechting
475.979 366.37 15.7248 10.6099 van
494.802 366.37 11.3933 10.6099 de

70.824 379.69 29.641 10.6099 Klacht
103.691 379.69 38.039 10.6099 voldoet.

70.824 393.01 19.8 10.6099 34.5
93.864 393.01 14.1581 10.6099 De
111.248 393.01 51.5981 10.6099 Commissie
166.071 393.01 16.0819 10.6099 kan
185.379 393.01 11.2781 10.6099 de
199.883 393.01 52.9229 10.6099 aanwezigen
255.904 393.01 10.8058 10.6099 bij
269.913 393.01 16.8192 10.6099 een
289.842 393.01 53.5219 10.6099 mondelinge
346.601 393.01 54.72 10.6099 behandeling
404.547 393.01 15.241 10.6099 om
422.898 393.01 52.3238 10.6099 inlichtingen
478.425 393.01 33.2467 10.6099 vragen.

70.824 406.33 28.0858 10.6099 Tenzij
102.112 406.33 16.8192 10.6099 een
122.157 406.33 15.5981 10.6099 van
140.981 406.33 35.401 10.6099 partijen
179.492 406.33 35.401 10.6099 daarom
218.119 406.33 43.6838 10.6099 verzoekt,
264.901 406.33 9.23904 10.6099 of
277.366 406.33 11.3933 10.6099 de
291.87 406.33 51.5981 10.6099 Commissie
346.693 406.33 31.0694 10.6099 anders
380.873 406.33 35.7581 10.6099 bepaalt,
419.742 406.33 29.5258 10.6099 blijven
452.47 406.33 11.3933 10.6099 de
467.112 406.33 27.36 10.6099 regels
497.709 406.33 15.7248 10.6099 van

70.824 419.77 15.1142 10.6099 het
89.1754 419.77 76.8038 10.6099 getuigenverhoor
169.205 419.77 30.839 10.6099 daarbij
203.246 419.77 29.2407 10.6099 buiten
235.713 419.77 50.8723 10.6099 toepassing.

70.824 433.11 19.8 10.6099 34.6
93.864 433.11 14.1581 10.6099 De
111.248 433.11 51.5981 10.6099 Commissie
166.071 433.11 6.95808 10.6099 is
176.14 433.11 17.5219 10.6099 niet
196.899 433.11 38.9952 10.6099 bevoegd
239.016 433.11 38.7533 10.6099 getuigen
280.891 433.11 28.0742 10.6099 onder
312.087 433.11 16.9114 10.6099 ede
332.236 433.11 9.35424 10.6099 te
344.827 433.11 30.3552 10.6099 horen.

70.824 446.43 19.8029 10.6099 34.7
93.864 446.43 17.0381 10.6099 Een
114.128 446.43 24.0077 10.6099 partij
141.361 446.43 13.9162 10.6099 die
158.399 446.43 10.8058 10.6099 bij
172.407 446.43 16.8192 10.6099 een
192.29 446.43 53.6198 10.6099 mondelinge
249.155 446.43 54.7008 10.6099 behandeling
307.1 446.43 16.6771 10.6099 een
327.011 446.43 9.23712 10.6099 of
339.481 446.43 45.8246 10.6099 meerdere
388.55 446.43 46.0742 10.6099 getuige(n)
437.743 446.43 9.23712 10.6099 of
450.213 446.43 64.7885 10.6099 deskundige(n)

70.824 459.75 13.3286 10.6099 wil
87.3552 459.75 23.5354 10.6099 doen
114.116 459.75 30.3552 10.6099 horen,
147.697 459.75 24.5952 10.6099 moet
175.403 459.75 12.2342 10.6099 dit
190.759 459.75 31.081 10.6099 binnen
225.065 459.75 11.3933 10.6099 de
239.58 459.75 35.9885 10.6099 daartoe
278.702 459.75 23.1552 10.6099 door
305.095 459.75 11.2781 10.6099 de
319.598 459.75 51.7133 10.6099 Commissie
374.422 459.75 38.1427 10.6099 gestelde
415.687 459.75 33.4886 10.6099 termijn
452.378 459.75 48.699 10.6099 Schriftelijk

70.824 473.07 36.9677 10.6099 kenbaar
110.998 473.07 30.6048 10.6099 maken
144.729 473.07 28.0819 10.6099 onder
175.913 473.07 51.0163 10.6099 vermelding
230.136 473.07 15.7286 10.6099 van
249.05 473.07 36.8294 10.6099 hetgeen
289.03 473.07 11.3933 10.6099 de
303.66 473.07 32.8781 10.6099 getuige
339.776 473.07 9.23904 10.6099 of
352.27 473.07 11.2781 10.6099 de
366.79 473.07 51.5981 10.6099 deskundige
421.66 473.07 15.4829 10.6099 aan
440.368 473.07 15.1142 10.6099 het
458.72 473.07 28.9152 10.6099 bewijs
490.872 473.07 16.9229 10.6099 zou

70.824 486.39 34.0762 10.6099 kunnen
108.137 486.39 44.8856 10.6099 bijdragen.
156.14 486.39 28.6733 10.6099 Tegen
187.82 486.39 11.3933 10.6099 de
202.45 486.39 42.8314 10.6099 beslissing
248.392 486.39 15.7248 10.6099 van
267.32 486.39 11.4163 10.6099 de
281.846 486.39 51.5981 10.6099 Commissie
336.681 486.39 12.119 10.6099 op
351.922 486.39 12.2342 10.6099 dit
367.394 486.39 37.3248 10.6099 verzoek
407.817 486.39 21.8419 10.6099 staat
432.896 486.39 21.7152 10.6099 geen
457.849 486.39 32.521 10.6099 hogere

70.824 499.71 54.0979 10.6099 voorziening
128.159 499.71 25.897 10.6099 open.
157.22 499.71 28.3162 10.6099 Indien
188.543 499.71 11.3933 10.6099 de
203.173 499.71 51.7133 10.6099 Commissie
257.997 499.71 15.1142 10.6099 het
276.348 499.71 37.0714 10.6099 verzoek
316.645 499.71 50.7571 10.6099 honoreert,
370.513 499.71 12.2458 10.6099 zal
385.961 499.71 10.0218 10.6099 zij
399.1 499.71 35.8848 10.6099 daarvan
438.22 499.71 15.4829 10.6099 alle
456.928 499.71 35.401 10.6099 partijen
495.44 499.71 22.199 10.6099 tijdig

70.824 513.15 22.3258 10.6099 voor
96.3523 513.15 11.4163 10.6099 de
110.994 513.15 28.0742 10.6099 zitting
142.34 513.15 47.5018 10.6099 schriftelijk
192.964 513.15 12.1133 10.6099 op
208.314 513.15 11.3875 10.6099 de
222.939 513.15 32.6189 10.6099 hoogte
258.806 513.15 40.1875 10.6099 brengen.

70.824 526.47 19.8 10.6099 34.8
93.864 526.47 14.1581 10.6099 De
111.248 526.47 51.5981 10.6099 Commissie
166.071 526.47 18.6048 10.6099 kan,
187.902 526.47 27.8323 10.6099 indien
218.971 526.47 9.8496 10.6099 zij
232.023 526.47 14.6304 10.6099 dat
249.799 526.47 58.0838 10.6099 noodzakelijk
311.004 526.47 22.0838 10.6099 acht,
336.291 526.47 15.7248 10.6099 zelf
355.276 526.47 52.3123 10.6099 inlichtingen
410.814 526.47 44.2829 10.6099 inwinnen,
458.322 526.47 28.0742 10.6099 onder
489.507 526.47 24.48 10.6099 meer

70.824 539.79 23.1552 10.6099 door
97.2163 539.79 15.1142 10.6099 het
115.452 539.79 27.959 10.6099 horen
146.637 539.79 15.7248 10.6099 van
165.461 539.79 23.1552 10.6099 door
191.623 539.79 20.16 10.6099 haar
215.008 539.79 43.7875 10.6099 gewenste
261.918 539.79 38.7533 10.6099 getuigen
303.781 539.79 9.23904 10.6099 of
316.131 539.79 57.4618 10.6099 deskundigen
376.715 539.79 11.2781 10.6099 en
391.218 539.79 23.04 10.6099 door
417.484 539.79 15.1142 10.6099 het
435.605 539.79 38.6373 10.6099 instellen
477.454 539.79 15.7344 10.6099 van
496.297 539.79 16.8058 10.6099 een

70.824 553.11 50.281 10.6099 onderzoek
124.332 553.11 23.0429 10.6099 door
150.58 553.11 16.8211 10.6099 een
170.513 553.11 9.24 10.6099 of
182.981 553.11 24.3562 10.6099 meer
210.564 553.11 23.1581 10.6099 door
236.95 553.11 20.0477 10.6099 haar
260.202 553.11 15.6 10.6099 aan
278.938 553.11 9.3552 10.6099 te
291.532 553.11 29.2771 10.6099 wijzen
324.036 553.11 67.3238 10.6099 deskundige(n).
394.565 553.11 28.321 10.6099 Indien
426.021 553.11 11.279 10.6099 de
440.528 553.11 51.721 10.6099 Commissie
495.349 553.11 14.0333 10.6099 tot

70.824 566.43 15.1142 10.6099 het
89.1754 566.43 47.9923 10.6099 zelfstandig
140.278 566.43 41.8867 10.6099 inwinnen
185.264 566.43 15.5981 10.6099 van
204.087 566.43 52.4506 10.6099 inlichtingen
259.648 566.43 42.601 10.6099 overgaat,
305.36 566.43 20.0333 10.6099 stelt
328.63 566.43 9.8496 10.6099 zij
341.682 566.43 35.401 10.6099 partijen
380.217 566.43 34.0877 10.6099 hiervan
417.58 566.43 47.5248 10.6099 schriftelijk
468.307 566.43 12.119 10.6099 op
483.687 566.43 11.2781 10.6099 de

70.824 579.75 35.2742 10.6099 hoogte.
109.335 579.75 22.199 10.6099 Gaat
134.645 579.75 11.3933 10.6099 de
149.275 579.75 51.4829 10.6099 Commissie
203.984 579.75 21.4848 10.6099 over
228.671 579.75 14.0544 10.6099 tot
245.836 579.75 15.1142 10.6099 het
264.187 579.75 27.8438 10.6099 horen
295.257 579.75 15.7248 10.6099 van
313.977 579.75 23.1552 10.6099 door
340.369 579.75 20.16 10.6099 haar
363.651 579.75 15.7248 10.6099 zelf
382.578 579.75 55.8144 10.6099 opgeroepen
441.618 579.75 38.7533 10.6099 getuigen
483.493 579.75 9.23904 10.6099 of

70.824 593.07 57.5098 10.6099 deskundigen
131.419 593.07 16.5638 10.6099 dan
151.195 593.07 20.1677 10.6099 stelt
174.471 593.07 9.8592 10.6099 zij
187.577 593.07 35.3078 10.6099 partijen
226.063 593.07 8.28768 10.6099 in
237.609 593.07 11.3981 10.6099 de
252.092 593.07 54.2842 10.6099 gelegenheid
309.588 593.07 15.1421 10.6099 om
327.943 593.07 10.8154 10.6099 bij
341.993 593.07 15.1238 10.6099 het
360.203 593.07 27.9782 10.6099 horen
391.428 593.07 15.5962 10.6099 van
410.236 593.07 21.7296 10.6099 deze
434.982 593.07 38.7869 10.6099 getuigen
477.1 593.07 9.23904 10.6099 of

70.824 606.42 57.5098 10.6099 deskundigen
131.511 606.42 41.5517 10.6099 aanwezig
176.275 606.42 9.35904 10.6099 te
188.754 606.42 18.0595 10.6099 zijn.

70.824 619.86 19.8 10.6099 34.9
93.864 619.86 14.6419 10.6099 Als
111.732 619.86 16.7962 10.6099 een
131.638 619.86 23.1552 10.6099 door
157.904 619.86 16.7962 10.6099 een
177.937 619.86 15.7248 10.6099 van
196.761 619.86 11.3933 10.6099 de
211.391 619.86 35.401 10.6099 partijen
249.902 619.86 49.2019 10.6099 opgegeven
302.33 619.86 35.401 10.6099 getuige,
340.956 619.86 33.961 10.6099 hoewel
378.016 619.86 47.4048 10.6099 behoorlijk
428.532 619.86 58.441 10.6099 opgeroepen,
490.198 619.86 17.6371 10.6099 niet

70.824 633.18 47.5315 10.6099 verschijnt,
121.558 633.18 16.1971 10.6099 kan
140.889 633.18 11.3933 10.6099 de
155.519 633.18 51.4714 10.6099 Commissie
210.228 633.18 38.039 10.6099 eenmaal
251.377 633.18 41.6333 10.6099 besluiten
296.121 633.18 14.0314 10.6099 tot
313.262 633.18 55.0771 10.6099 hernieuwde
371.45 633.18 50.0429 10.6099 oproeping.
424.592 633.18 28.201 10.6099 Indien
456.03 633.18 18.2362 10.6099 ook
477.388 633.18 15.5981 10.6099 aan
496.212 633.18 11.3933 10.6099 de

70.824 646.5 34.5485 10.6099 tweede
108.61 646.5 47.3933 10.6099 oproeping
159.228 646.5 21.7152 10.6099 geen
184.054 646.5 33.3619 10.6099 gehoor
220.642 646.5 28.9152 10.6099 wordt
252.667 646.5 39.721 10.6099 gegeven,
295.499 646.5 16.5542 10.6099 ziet
315.29 646.5 11.3933 10.6099 de
329.92 646.5 51.5981 10.6099 Commissie
384.756 646.5 7.79904 10.6099 af
395.665 646.5 15.7248 10.6099 van
414.592 646.5 15.0336 10.6099 het
432.736 646.5 28.1637 10.6099 horen
464.126 646.5 15.7248 10.6099 van
482.949 646.5 11.3933 10.6099 de

70.824 659.82 35.5229 10.6099 getuige,
109.551 659.82 24.9917 10.6099 tenzij
137.632 659.82 30.7171 10.6099 sprake
171.577 659.82 6.83232 10.6099 is
181.648 659.82 15.6 10.6099 van
200.476 659.82 49.2106 10.6099 bijzondere
252.799 659.82 78.2458 10.6099 omstandigheden.
334.272 659.82 8.64096 10.6099 In
346.117 659.82 14.6554 10.6099 dat
363.885 659.82 22.9286 10.6099 geval
389.915 659.82 16.199 10.6099 kan
409.341 659.82 11.3942 10.6099 de
423.848 659.82 51.6058 10.6099 Commissie
478.658 659.82 11.4173 10.6099 de

70.824 673.14 54.8352 10.6099 behandeling
128.896 673.14 41.7485 10.6099 schorsen
173.882 673.14 15.241 10.6099 om
192.118 673.14 11.3933 10.6099 de
206.748 673.14 24.1229 10.6099 partij
234.074 673.14 13.9392 10.6099 die
251.112 673.14 29.399 10.6099 belang
283.621 673.14 23.5123 10.6099 heeft
310.256 673.14 10.8058 10.6099 bij
324.264 673.14 15.1142 10.6099 het
342.627 673.14 27.959 10.6099 horen
373.696 673.14 15.7248 10.6099 van
392.532 673.14 11.3933 10.6099 de
407.162 673.14 32.8781 10.6099 getuige
443.277 673.14 8.28288 10.6099 in
454.763 673.14 11.4163 10.6099 de
469.289 673.14 54.3514 10.6099 gelegenheid

70.824 686.46 9.35424 10.6099 te
83.4154 686.46 30.1133 10.6099 stellen
116.651 686.46 11.3933 10.6099 de
131.281 686.46 32.8781 10.6099 getuige
167.385 686.46 28.8 10.6099 alsnog
199.49 686.46 9.35424 10.6099 te
212.081 686.46 22.5562 10.6099 laten
237.748 686.46 27.959 10.6099 horen
268.817 686.46 9.23904 10.6099 of
281.282 686.46 46.3219 10.6099 verklaren.

513.36 37.56 11.2373 11.04 12

70.824 86.2597 25.5571 10.6099 34.10
99.624 86.2597 17.6371 10.6099 Van
120.498 86.2597 16.681 10.6099 een
140.405 86.2597 76.6771 10.6099 getuigenverhoor
220.308 86.2597 28.9152 10.6099 wordt
252.333 86.2597 31.9219 10.6099 verslag
287.377 86.2597 53.0381 10.6099 opgemaakt,
343.641 86.2597 14.6304 10.6099 dat
361.381 86.2597 13.9162 10.6099 ter
378.535 86.2597 54.3629 10.6099 kennisname
436.123 86.2597 15.5981 10.6099 aan
454.947 86.2597 35.2858 10.6099 partijen
493.458 86.2597 8.28288 10.6099 in

70.824 99.5797 36.8486 10.6099 afschrift
110.877 99.5797 28.919 10.6099 wordt
142.932 99.5797 47.0814 10.6099 gezonden.
193.01 99.5797 17.6371 10.6099 Van
213.884 99.5797 16.7962 10.6099 een
233.918 99.5797 12.119 10.6099 op
249.147 99.5797 37.3248 10.6099 verzoek
289.571 99.5797 15.7248 10.6099 van
308.498 99.5797 11.3126 10.6099 de
323.036 99.5797 51.7133 10.6099 Commissie
377.86 99.5797 15.5981 10.6099 aan
396.684 99.5797 20.0448 10.6099 haar
419.954 99.5797 52.3238 10.6099 uitgebracht

70.824 112.9 93.1171 10.6099 deskundigenrapport
167.153 112.9 28.8307 10.6099 wordt
199.196 112.9 16.8058 10.6099 een
219.26 112.9 36.7411 10.6099 afschrift
259.213 112.9 15.6077 10.6099 aan
277.918 112.9 35.4346 10.6099 partijen
316.438 112.9 45.3974 10.6099 verstrekt,
364.956 112.9 13.9258 10.6099 die
382.093 112.9 32.303 10.6099 daarop
417.609 112.9 30.9898 10.6099 binnen
451.811 112.9 23.2485 10.6099 twee
478.285 112.9 30.4819 10.6099 weken

70.824 126.34 48.4954 10.6099 Schriftelijk
122.53 126.34 10.8134 10.6099 bij
136.576 126.34 11.2819 10.6099 de
151.068 126.34 51.5251 10.6099 Commissie
205.804 126.34 34.0954 10.6099 kunnen
243.144 126.34 43.703 10.6099 reageren.
289.942 126.34 14.1619 10.6099 De
307.222 126.34 51.744 10.6099 Commissie
362.176 126.34 16.2048 10.6099 kan
381.465 126.34 21.7498 10.6099 deze
406.298 126.34 33.5232 10.6099 termijn
443.031 126.34 47.6813 10.6099 verlengen.
493.923 126.34 16.9306 10.6099 Een

70.824 139.66 31.9104 10.6099 reactie
105.968 139.66 13.9123 10.6099 die
123.113 139.66 29.0323 10.6099 buiten
155.379 139.66 11.3914 10.6099 de
169.888 139.66 33.4771 10.6099 termijn
206.587 139.66 28.9075 10.6099 wordt
238.74 139.66 50.2675 10.6099 ontvangen,
292.252 139.66 19.92 10.6099 blijft
315.301 139.66 29.1475 10.6099 buiten
347.694 139.66 11.3914 10.6099 de
362.318 139.66 51.3504 10.6099 procedure,
416.798 139.66 24.839 10.6099 tenzij
444.859 139.66 11.3914 10.6099 de
459.484 139.66 49.1962 10.6099 Voorzitter

70.824 152.98 68.8704 10.6099 zwaarwegende
142.924 152.98 38.615 10.6099 gronden
184.688 152.98 41.5027 10.6099 aanwezig
229.431 152.98 19.5494 10.6099 acht
252.107 152.98 15.1066 10.6099 het
270.454 152.98 19.5379 10.6099 stuk
293.129 152.98 20.8742 10.6099 toch
317.233 152.98 15.7056 10.6099 toe
336.18 152.98 9.3504 10.6099 te
348.656 152.98 25.223 10.6099 laten.

70.824 166.3 25.5571 10.6099 34.11
99.624 166.3 14.1581 10.6099 De
117.008 166.3 31.3114 10.6099 kosten
151.556 166.3 37.3133 10.6099 verband
191.991 166.3 46.4256 10.6099 houdende
241.654 166.3 18.2362 10.6099 met
263.001 166.3 15.1142 10.6099 het
281.237 166.3 23.5123 10.6099 doen
307.986 166.3 27.8438 10.6099 horen
339.056 166.3 15.7248 10.6099 van
357.983 166.3 38.6726 10.6099 getuigen
399.893 166.3 9.23904 10.6099 of
412.242 166.3 57.3581 10.6099 deskundigen
472.837 166.3 15.6096 10.6099 zijn
491.65 166.3 22.2221 10.6099 voor

70.824 179.62 40.0646 10.6099 rekening
114.133 179.62 15.721 10.6099 van
132.961 179.62 11.3914 10.6099 de
147.586 179.62 24.1133 10.6099 partij
174.805 179.62 13.9123 10.6099 die
191.847 179.62 21.7094 10.6099 deze
216.802 179.62 32.9818 10.6099 getuige
252.901 179.62 9.23712 10.6099 of
265.372 179.62 51.4886 10.6099 deskundige
320.094 179.62 27.8246 10.6099 wenst
351.163 179.62 9.35232 10.6099 te
363.622 179.62 30.4723 10.6099 horen.
397.201 179.62 14.1562 10.6099 De
414.59 179.62 31.1866 10.6099 kosten
449.01 179.62 37.4285 10.6099 verband

70.824 192.94 46.4256 10.6099 houdende
120.487 192.94 18.2362 10.6099 met
141.833 192.94 15.1142 10.6099 het
160.069 192.94 27.959 10.6099 horen
191.15 192.94 15.7248 10.6099 van
210.078 192.94 23.1782 10.6099 door
236.378 192.94 11.3933 10.6099 de
251.008 192.94 51.5866 10.6099 Commissie
305.728 192.94 42.601 10.6099 wenselijk
351.555 192.94 35.5162 10.6099 geachte
390.181 192.94 38.6381 10.6099 getuigen
432.045 192.94 9.41485 10.6099 of
444.686 192.94 57.3581 10.6099 deskundigen

70.824 206.26 36.3427 10.6099 worden
110.42 206.26 41.8752 10.6099 gedragen
155.54 206.26 23.1552 10.6099 door
181.806 206.26 54.3514 10.6099 Consument
239.394 206.26 11.2781 10.6099 en
253.85 206.26 11.3981 10.6099 de
268.474 206.26 45.239 10.6099 Financiële
316.938 206.26 81.3255 10.6099 dienstverlener(s),
401.466 206.26 24.0192 10.6099 ieder
428.5 206.26 22.3258 10.6099 voor
454.028 206.26 16.8192 10.6099 een
474.073 206.26 23.4086 10.6099 gelijk
500.684 206.26 21.9802 10.6099 deel,

70.824 219.7 24.9638 10.6099 tenzij
98.9904 219.7 11.4163 10.6099 de
113.632 219.7 86.7571 10.6099 bewijslastverdeling
203.615 219.7 14.0314 10.6099 tot
220.884 219.7 16.7962 10.6099 een
240.79 219.7 32.1523 10.6099 andere
276.053 219.7 42.1171 10.6099 verdeling
321.396 219.7 45.239 10.6099 aanleiding
369.745 219.7 25.1942 10.6099 geeft.
398.176 219.7 14.0429 10.6099 De
415.445 219.7 51.5981 10.6099 Commissie
470.268 219.7 16.1971 10.6099 kan
489.576 219.7 12.119 10.6099 op

70.824 233.02 27.4752 10.6099 grond
101.536 233.02 15.7248 10.6099 van
120.372 233.02 20.16 10.6099 haar
143.757 233.02 36.599 10.6099 oordeel
183.593 233.02 21.3696 10.6099 over
208.165 233.02 11.4163 10.6099 de
222.807 233.02 57.4733 10.6099 gegrondheid
283.414 233.02 15.7248 10.6099 van
302.341 233.02 11.3126 10.6099 de
316.88 233.02 29.7465 10.6099 Klacht
349.863 233.02 8.28288 10.6099 in
361.245 233.02 20.16 10.6099 haar
384.631 233.02 42.1056 10.6099 uitspraak
429.87 233.02 14.0314 10.6099 tot
447.138 233.02 16.7962 10.6099 een
467.171 233.02 32.0371 10.6099 andere

70.824 246.34 42.2438 10.6099 verdeling
116.27 246.34 44.064 10.6099 besluiten.

70.824 259.69 25.5571 10.6099 34.12
99.624 259.69 14.1581 10.6099 De
117.008 259.69 51.5981 10.6099 Commissie
171.728 259.69 16.1971 10.6099 kan
191.047 259.69 11.3933 10.6099 de
205.677 259.69 54.8352 10.6099 behandeling
263.623 259.69 15.7248 10.6099 van
282.55 259.69 16.7155 10.6099 een
302.491 259.69 20.0333 10.6099 zaak
325.762 259.69 50.6304 10.6099 aanhouden
379.502 259.69 15.241 10.6099 om
397.969 259.69 16.681 10.6099 een
417.876 259.69 24.0077 10.6099 partij
445.109 259.69 8.28288 10.6099 in
456.617 259.69 11.3933 10.6099 de

70.824 273.01 54.361 10.6099 gelegenheid
128.389 273.01 9.37824 10.6099 te
140.88 273.01 30.119 10.6099 stellen
174.111 273.01 28.92 10.6099 bewijs
206.236 273.01 9.37824 10.6099 te
218.842 273.01 52.92 10.6099 verzamelen
274.966 273.01 23.1811 10.6099 door
301.248 273.01 16.6829 10.6099 een
321.158 273.01 44.4173 10.6099 voorlopig
368.676 273.01 76.8058 10.6099 getuigenverhoor
448.687 273.01 9.24 10.6099 of

70.824 286.33 90.479 10.6099 deskundigenbericht
164.4 286.33 10.8154 10.6099 bij
178.462 286.33 11.3981 10.6099 de
192.853 286.33 36.3811 10.6099 gewone
232.447 286.33 37.3623 10.6099 rechter.

70.824 299.65 25.5571 10.6099 34.13
99.624 299.65 14.6419 10.6099 Als
117.492 299.65 16.681 10.6099 een
137.398 299.65 24.1229 10.6099 partij
164.62 299.65 17.6371 10.6099 niet
185.494 299.65 35.3894 10.6099 voldoet
224.121 299.65 15.5981 10.6099 aan
242.829 299.65 16.7962 10.6099 een
262.862 299.65 37.1981 10.6099 verzoek
303.298 299.65 15.5981 10.6099 van
322.121 299.65 11.3933 10.6099 de
336.752 299.65 51.5981 10.6099 Commissie
391.587 299.65 13.9162 10.6099 tot
408.74 299.65 15.1142 10.6099 het
426.965 299.65 55.6646 10.6099 verstrekken
485.878 299.65 15.7248 10.6099 van

70.824 313.09 52.4189 10.6099 inlichtingen
126.497 313.09 9.23616 10.6099 of
138.861 313.09 48.5654 10.6099 anderszins
190.462 313.09 17.6285 10.6099 niet
211.333 313.09 47.615 10.6099 meewerkt
262.088 313.09 15.5923 10.6099 aan
280.911 313.09 14.9933 10.6099 het
299.136 313.09 48.2285 10.6099 vaststellen
350.596 313.09 15.719 10.6099 van
369.431 313.09 11.3904 10.6099 de
384.064 313.09 28.4371 10.6099 feiten,
415.733 313.09 16.0762 10.6099 kan
435.04 313.09 11.3904 10.6099 de
449.674 313.09 51.5866 10.6099 Commissie

70.824 326.41 35.9021 10.6099 daaraan
109.938 326.41 11.3981 10.6099 de
124.433 326.41 78.5117 10.6099 gevolgtrekkingen
206.157 326.41 46.3825 10.6099 verbinden
255.642 326.41 13.92 10.6099 die
272.769 326.41 9.85344 10.6099 zij
285.748 326.41 36.599 10.6099 passend
325.576 326.41 22.0915 10.6099 acht.

70.824 353.05 27.4867 10.6099 Artikel
101.532 353.05 12.0019 10.6099 35
116.756 353.05 30.3686 10.6099 Beroep
150.22 353.05 10.8038 10.6099 op
164.245 353.05 72.1421 10.6099 vertrouwelijkheid
239.586 353.05 15.1219 10.6099 van
257.953 353.05 38.7629 10.6099 gegevens
299.811 353.05 8.28096 10.6099 of
311.21 353.05 33.7075 10.6099 stukken

70.824 366.37 19.8029 10.6099 35.1
93.984 366.37 14.1581 10.6099 De
111.368 366.37 51.5981 10.6099 Commissie
166.203 366.37 18.72 10.6099 kan,
188.033 366.37 27.8323 10.6099 indien
219.103 366.37 62.761 10.6099 kennisneming
285.089 366.37 15.7248 10.6099 van
303.913 366.37 36.2304 10.6099 stukken
343.38 366.37 23.1552 10.6099 door
369.646 366.37 16.7962 10.6099 een
389.679 366.37 24.0077 10.6099 partij
416.913 366.37 11.3933 10.6099 de
431.313 366.37 57.3581 10.6099 persoonlijke

70.824 379.69 51.7075 10.6099 levenssfeer
125.763 379.69 15.719 10.6099 van
144.598 379.69 16.7904 10.6099 een
164.631 379.69 26.5075 10.6099 ander
194.267 379.69 57.3293 10.6099 onevenredig
254.735 379.69 16.9171 10.6099 zou
274.884 379.69 39.5971 10.6099 schaden,
317.712 379.69 35.7408 10.6099 bepalen
356.696 379.69 14.521 10.6099 dat
374.448 379.69 21.7066 10.6099 deze
399.282 379.69 62.7523 10.6099 kennisneming
465.277 379.69 6.9552 10.6099 is

70.824 393.01 68.5958 10.6099 voorbehouden
142.553 393.01 15.5866 10.6099 aan
161.377 393.01 16.7846 10.6099 een
181.284 393.01 57.6874 10.6099 gemachtigde
242.197 393.01 13.9162 10.6099 die
259.223 393.01 40.919 10.6099 advocaat
303.253 393.01 9.23904 10.6099 of
315.602 393.01 17.7523 10.6099 arts
336.591 393.01 9.48096 10.6099 is,
349.183 393.01 9.23904 10.6099 of
361.647 393.01 13.9162 10.6099 die
378.674 393.01 42.601 10.6099 daarvoor
424.385 393.01 15.5981 10.6099 van
443.209 393.01 11.3933 10.6099 de
457.839 393.01 51.5981 10.6099 Commissie

70.824 406.33 49.2019 10.6099 bijzondere
123.252 406.33 60.3648 10.6099 toestemming
186.842 406.33 23.3971 10.6099 heeft
213.476 406.33 44.7552 10.6099 gekregen.

70.824 419.77 19.8029 10.6099 35.2
93.864 419.77 17.0381 10.6099 Een
114.128 419.77 24.0077 10.6099 partij
141.361 419.77 15.5981 10.6099 aan
160.069 419.77 16.3238 10.6099 wie
179.596 419.77 40.8384 10.6099 verzocht
223.637 419.77 6.95808 10.6099 is
233.855 419.77 40.6771 10.6099 bepaalde
277.769 419.77 41.4029 10.6099 gegevens
322.409 419.77 9.23904 10.6099 of
334.874 419.77 36.2419 10.6099 stukken
374.353 419.77 9.35424 10.6099 te
386.818 419.77 58.199 10.6099 verstrekken,
448.242 419.77 16.1971 10.6099 kan
467.665 419.77 18.1325 10.6099 zich
488.896 419.77 22.199 10.6099 erop

70.824 433.11 44.7552 10.6099 beroepen
118.816 433.11 14.6304 10.6099 dat
136.557 433.11 48.8448 10.6099 gewichtige
188.501 433.11 38.3846 10.6099 redenen
230.123 433.11 35.0438 10.6099 bestaan
268.392 433.11 15.241 10.6099 om
286.732 433.11 15.1142 10.6099 het
305.083 433.11 55.821 10.6099 verstrekken
364.141 433.11 15.7248 10.6099 van
382.965 433.11 41.6333 10.6099 gegevens
427.709 433.11 9.23904 10.6099 of
440.058 433.11 36.3456 10.6099 stukken
479.652 433.11 9.23904 10.6099 te

70.824 446.43 42.5808 10.6099 weigeren
116.648 446.43 9.23616 10.6099 of
129.012 446.43 31.536 10.6099 slechts
163.802 446.43 15.5923 10.6099 toe
182.626 446.43 9.35136 10.6099 te
195.105 446.43 23.8579 10.6099 staan
222.217 446.43 14.521 10.6099 dat
239.969 446.43 11.3904 10.6099 de
254.487 446.43 51.6902 10.6099 Commissie
309.202 446.43 29.4998 10.6099 kennis
341.956 446.43 12.24 10.6099 zal
357.427 446.43 31.3114 10.6099 mogen
391.981 446.43 31.3114 10.6099 nemen
426.524 446.43 15.5923 10.6099 van
445.348 446.43 11.3904 10.6099 de
459.981 446.43 41.5094 10.6099 gegevens
504.733 446.43 9.23616 10.6099 of

70.824 459.75 11.3933 10.6099 de
85.4544 459.75 38.8685 10.6099 stukken.

70.824 473.07 19.8 10.6099 35.3
93.864 473.07 14.1581 10.6099 De
111.248 473.07 24.1229 10.6099 partij
138.469 473.07 13.9162 10.6099 die
155.623 473.07 17.9942 10.6099 zich
176.843 473.07 12.119 10.6099 op
192.05 473.07 10.921 10.6099 lid
206.197 473.07 5.76 10.6099 2
215.21 473.07 39.721 10.6099 beroept,
258.157 473.07 38.281 10.6099 verleent
299.548 473.07 62.761 10.6099 medewerking
365.546 473.07 15.5981 10.6099 aan
384.254 473.07 11.3933 10.6099 de
398.885 473.07 55.4458 10.6099 beoordeling
457.556 473.07 36 10.6099 daarvan
496.667 473.07 23.1552 10.6099 door

70.824 486.39 11.3933 10.6099 de
85.4544 486.39 41.6333 10.6099 gegevens
130.198 486.39 9.23904 10.6099 of
142.663 486.39 11.3933 10.6099 de
157.166 486.39 36.4398 10.6099 stukken
196.717 486.39 13.9162 10.6099 ter
213.87 486.39 67.9219 10.6099 vertrouwelijke
284.994 486.39 62.6573 10.6099 kennisneming
350.877 486.39 9.35424 10.6099 te
363.469 486.39 55.6646 10.6099 verstrekken
422.255 486.39 15.4829 10.6099 aan
440.964 486.39 11.3933 10.6099 de
455.594 486.39 49.1904 10.6099 Voorzitter
508.022 486.39 9.23904 10.6099 of

70.824 499.71 16.7962 10.6099 een
90.8573 499.71 23.1552 10.6099 door
117.134 499.71 20.16 10.6099 hem
140.52 499.71 15.5981 10.6099 aan
159.228 499.71 9.35424 10.6099 te
171.82 499.71 29.3482 10.6099 wijzen
204.394 499.71 14.0429 10.6099 Lid
221.662 499.71 15.7248 10.6099 van
240.486 499.71 11.3933 10.6099 de
255.116 499.71 99.0766 10.6099 Geschillencommissie.

70.824 513.15 19.8 10.6099 35.4
93.864 513.15 7.3152 10.6099 Is
104.416 513.15 11.3933 10.6099 de
118.92 513.15 51.859 10.6099 Voorzitter,
173.889 513.15 9.23904 10.6099 of
186.354 513.15 14.999 10.6099 het
204.59 513.15 23.1552 10.6099 door
230.983 513.15 20.0448 10.6099 hem
254.253 513.15 55.8029 10.6099 aangewezen
313.27 513.15 16.5658 10.6099 Lid,
333.038 513.15 10.679 10.6099 na
346.978 513.15 62.761 10.6099 kennisneming
412.964 513.15 15.5981 10.6099 van
431.684 513.15 11.3933 10.6099 de
446.314 513.15 41.6333 10.6099 gegevens

70.824 526.47 9.23904 10.6099 of
83.2886 526.47 36.3456 10.6099 stukken
122.756 526.47 15.7248 10.6099 van
141.684 526.47 36.6106 10.6099 oordeel
181.531 526.47 14.5152 10.6099 dat
199.284 526.47 15.1142 10.6099 het
217.635 526.47 33.3619 10.6099 beroep
254.33 526.47 12.12 10.6099 op
269.57 526.47 10.921 10.6099 lid
283.717 526.47 5.76 10.6099 2
292.63 526.47 73.6819 10.6099 gerechtvaardigd
369.538 526.47 9.48096 10.6099 is,
382.129 526.47 16.5542 10.6099 dan
401.98 526.47 33.12 10.6099 bepaalt
438.21 526.47 10.8058 10.6099 hij
452.219 526.47 14.6534 10.6099 dat
469.994 526.47 11.3933 10.6099 de
484.66 526.47 24.1229 10.6099 partij
511.882 526.47 11.3933 10.6099 de

70.824 539.79 41.64 10.6099 gegevens
115.692 539.79 9.24 10.6099 of
128.032 539.79 11.3942 10.6099 de
142.666 539.79 36.2362 10.6099 stukken
182.129 539.79 17.5133 10.6099 niet
202.882 539.79 24.3571 10.6099 hoeft
230.466 539.79 9.24 10.6099 te
242.934 539.79 58.1981 10.6099 verstrekken.
304.336 539.79 8.64096 10.6099 In
316.113 539.79 14.6323 10.6099 dat
333.984 539.79 22.9286 10.6099 geval
360.013 539.79 18.5962 10.6099 gaat
381.733 539.79 11.3942 10.6099 de
396.367 539.79 51.6077 10.6099 Voorzitter,
451.179 539.79 9.24 10.6099 of
463.681 539.79 15.1162 10.6099 het
481.909 539.79 23.1581 10.6099 door

70.824 553.11 20.16 10.6099 hem
94.2096 553.11 55.9181 10.6099 aangewezen
153.238 553.11 16.5829 10.6099 Lid,
173.047 553.11 29.8714 10.6099 tevens
206.155 553.11 10.679 10.6099 na
220.06 553.11 9.23904 10.6099 of
232.409 553.11 25.1942 10.6099 beide
260.725 553.11 35.401 10.6099 partijen
299.47 553.11 29.8829 10.6099 ermee
332.578 553.11 51.1142 10.6099 instemmen
386.803 553.11 17.1533 10.6099 dat,
407.078 553.11 13.9162 10.6099 ter
424.232 553.11 55.561 10.6099 beoordeling
483.03 553.11 15.7248 10.6099 van
501.853 553.11 11.3933 10.6099 de

70.824 566.43 47.6408 10.6099 vordering,
121.667 566.43 48.2458 10.6099 uitsluitend
173.15 566.43 11.3933 10.6099 de
187.55 566.43 51.7133 10.6099 Commissie
242.501 566.43 29.399 10.6099 kennis
275.125 566.43 12.2458 10.6099 zal
290.481 566.43 31.3229 10.6099 mogen
325.15 566.43 31.4381 10.6099 nemen
359.814 566.43 15.5981 10.6099 van
378.637 566.43 11.3933 10.6099 de
393.141 566.43 41.5181 10.6099 gegevens
437.896 566.43 9.23904 10.6099 of
450.361 566.43 11.3933 10.6099 de
464.865 566.43 38.8685 10.6099 stukken.

70.824 579.75 28.3162 10.6099 Indien
102.377 579.75 11.3933 10.6099 de
116.892 579.75 32.1523 10.6099 andere
152.282 579.75 24.0077 10.6099 partij
179.515 579.75 40.0781 10.6099 daarmee
222.819 579.75 17.6371 10.6099 niet
243.693 579.75 37.1866 10.6099 instemt,
284.117 579.75 16.0819 10.6099 kan
303.424 579.75 11.2781 10.6099 de
317.928 579.75 51.7133 10.6099 Commissie
372.752 579.75 33.961 10.6099 hieraan
409.835 579.75 11.3933 10.6099 de
424.465 579.75 40.4467 10.6099 gevolgen
468.137 579.75 46.3219 10.6099 verbinden

70.824 593.07 13.9162 10.6099 die
87.9773 593.07 9.8496 10.6099 zij
101.029 593.07 36.6106 10.6099 passend
140.877 593.07 22.1058 10.6099 acht.

70.824 606.42 19.8 10.6099 35.5
93.864 606.42 28.5466 10.6099 Nadat
125.532 606.42 11.3933 10.6099 de
140.163 606.42 51.7248 10.6099 Voorzitter,
194.987 606.42 9.23904 10.6099 of
207.451 606.42 15.1142 10.6099 het
225.676 606.42 23.1552 10.6099 door
252.068 606.42 20.0448 10.6099 hem
275.339 606.42 55.6762 10.6099 aangewezen
334.24 606.42 16.5658 10.6099 Lid,
354.009 606.42 23.4202 10.6099 heeft
380.666 606.42 29.0304 10.6099 beslist
413.02 606.42 12.119 10.6099 op
428.261 606.42 11.3933 10.6099 de
442.891 606.42 20.759 10.6099 voet
466.876 606.42 15.7248 10.6099 van
485.7 606.42 10.921 10.6099 lid
499.846 606.42 5.76 10.6099 4
508.8 606.42 11.28 10.6099 en

70.824 619.86 36.0173 10.6099 daartoe
110.053 619.86 23.5315 10.6099 heeft
136.67 619.86 72.0461 10.6099 kennisgenomen
211.929 619.86 15.7344 10.6099 van
230.875 619.86 11.3981 10.6099 de
245.393 619.86 48.2726 10.6099 betrokken
296.878 619.86 41.5632 10.6099 gegevens
341.653 619.86 9.24384 10.6099 of
354.017 619.86 38.9021 10.6099 stukken,
396.016 619.86 16.2067 10.6099 kan
415.435 619.86 10.8154 10.6099 hij
429.382 619.86 15.6077 10.6099 aan
448.202 619.86 11.3981 10.6099 de
462.847 619.86 36.4896 10.6099 verdere

70.824 633.18 54.8352 10.6099 behandeling
128.896 633.18 15.7248 10.6099 van
147.74 633.18 11.3933 10.6099 de
162.255 633.18 29.641 10.6099 Klacht
195.05 633.18 31.5533 10.6099 slechts
229.84 633.18 50.7571 10.6099 deelnemen
283.823 633.18 11.7504 10.6099 als
298.811 633.18 18.121 10.6099 met
320.169 633.18 53.0381 10.6099 instemming
376.317 633.18 15.7248 10.6099 van
395.245 633.18 11.4163 10.6099 de
409.771 633.18 24.1229 10.6099 partij
437.14 633.18 13.9162 10.6099 die
454.293 633.18 18.1325 10.6099 zich
475.536 633.18 12.119 10.6099 op
490.881 633.18 11.3933 10.6099 de

70.824 646.5 48.8534 10.6099 gewichtige
122.882 646.5 38.425 10.6099 redenen
164.534 646.5 37.1923 10.6099 beroept
204.954 646.5 13.8029 10.6099 en,
221.962 646.5 27.9638 10.6099 indien
253.061 646.5 27.9638 10.6099 nodig,
284.125 646.5 11.3942 10.6099 de
298.759 646.5 32.0419 10.6099 andere
334.028 646.5 26.6515 10.6099 partij,
363.792 646.5 18.2381 10.6099 ook
385.258 646.5 11.3942 10.6099 de
399.94 646.5 51.5981 10.6099 Commissie
454.775 646.5 15.7248 10.6099 van
473.703 646.5 11.4163 10.6099 de

70.824 659.82 41.64 10.6099 gegevens
115.692 659.82 9.24848 10.6099 of
128.05 659.82 11.3933 10.6099 de
142.681 659.82 36.2304 10.6099 stukken
182.148 659.82 29.399 10.6099 kennis
214.773 659.82 23.5123 10.6099 heeft
241.419 659.82 31.4381 10.6099 mogen
276.19 659.82 33.8458 10.6099 nemen.

70.824 673.14 19.8029 10.6099 35.6
93.864 673.14 28.3162 10.6099 Indien
125.302 673.14 11.3933 10.6099 de
139.932 673.14 51.7133 10.6099 Voorzitter,
194.756 673.14 9.23904 10.6099 of
207.221 673.14 15.1142 10.6099 het
225.445 673.14 23.1552 10.6099 door
251.838 673.14 20.0448 10.6099 hem
275.108 673.14 55.6762 10.6099 aangewezen
334.01 673.14 16.5658 10.6099 Lid,
353.778 673.14 15.5981 10.6099 aan
372.521 673.14 11.3933 10.6099 de
387.152 673.14 36.4723 10.6099 verdere
426.746 673.14 54.8352 10.6099 behandeling
485.02 673.14 15.7248 10.6099 van
503.88 673.14 11.3981 10.6099 de

70.824 686.46 29.6554 10.6099 Klacht
103.7 686.46 17.6371 10.6099 niet
124.46 686.46 16.201 10.6099 kan
143.9 686.46 53.1648 10.6099 deelnemen,
200.29 686.46 21.6 10.6099 wijst
225.116 686.46 11.3933 10.6099 de
239.62 686.46 49.3171 10.6099 Voorzitter
292.15 686.46 16.8 10.6099 een
312.06 686.46 26.6342 10.6099 ander
341.932 686.46 14.0429 10.6099 Lid
359.074 686.46 15.5981 10.6099 aan
377.897 686.46 15.1258 10.6099 om
396.249 686.46 24.1114 10.6099 diens
423.47 686.46 26.2771 10.6099 plaats
453.1 686.46 8.28288 10.6099 in
464.608 686.46 11.3933 10.6099 de

70.824 699.78 51.744 10.6099 Commissie
125.778 699.78 8.28672 10.6099 in
137.148 699.78 9.35808 10.6099 te
149.774 699.78 33.8534 10.6099 nemen,
186.838 699.78 24.8794 10.6099 tenzij
214.928 699.78 10.8134 10.6099 hij
228.951 699.78 15.7325 10.6099 van
247.779 699.78 36.7373 10.6099 oordeel
287.623 699.78 6.96192 10.6099 is
297.841 699.78 14.7052 10.6099 dat
315.657 699.78 34.0877 10.6099 hiervan
352.947 699.78 24.503 10.6099 moet
380.687 699.78 36.3571 10.6099 worden
420.154 699.78 39.2486 10.6099 afgezien,
462.7 699.78 58.3258 10.6099 bijvoorbeeld

70.824 713.22 13.9162 10.6099 ter
87.9773 713.22 56.2867 10.6099 voorkoming
147.363 713.22 15.7248 10.6099 van
166.29 713.22 42.5088 10.6099 nodeloze
212.025 713.22 49.0867 10.6099 vertraging.

70.824 726.54 17.6486 10.6099 Met
91.6752 726.54 20.7706 10.6099 deze
115.694 726.54 33.2698 10.6099 regeling
152.04 726.54 17.0496 10.6099 sluit
172.292 726.54 19.3421 10.6099 Kifid
194.745 726.54 16.2086 10.6099 aan
214.156 726.54 9.7344 10.6099 bij
227.139 726.54 15.7248 10.6099 wat
245.963 726.54 15.6836 10.6099 ook
264.883 726.54 20.6323 10.6099 geldt
288.753 726.54 9.7344 10.6099 bij
301.69 726.54 10.4486 10.6099 de
315.26 726.54 66.6317 10.6099 bestuursrechter
385.094 726.54 30.1363 10.6099 (artikel
418.433 726.54 20.1946 10.6099 8:29
441.854 726.54 10.4486 10.6099 en
455.505 726.54 26.8992 10.6099 artikel
485.537 726.54 20.2867 10.6099 8:32

70.824 739.856 42.1382 10.6099 Algemene
116.161 739.856 15.3638 10.6099 wet
134.77 739.856 61.0771 10.6099 bestuursrecht)
199.068 739.856 10.4467 10.6099 en
212.737 739.856 10.4467 10.6099 de
226.405 739.856 44.7821 10.6099 burgerlijke
274.271 739.856 30.3667 10.6099 rechter
307.733 739.856 17.3914 10.6099 (HR
328.357 739.856 12.0019 10.6099 20
343.581 739.856 42.4954 10.6099 december
389.16 739.856 26.281 10.6099 2002,
418.674 739.856 10.6886 10.6099 NJ
432.354 739.856 33.2371 10.6099 2004/4
468.825 739.856 10.4467 10.6099 en
482.493 739.856 14.1562 10.6099 HR
499.756 739.856 12.0019 10.6099 11

70.824 753.176 11.9002 10.6099 juli
85.9267 753.176 26.2886 10.6099 2008,
115.452 753.176 10.6906 10.6099 NJ
129.346 753.176 50.8032 10.6099 2009/451).

513.36 37.56 11.2373 11.04 13

70.824 99.5797 27.4867 10.6099 Artikel
101.54 99.5797 12.0038 10.6099 36
116.746 99.5797 44.184 10.6099 Minnelijke
164.052 99.5797 33.1142 10.6099 regeling

70.824 112.9 28.3162 10.6099 Indien
102.377 112.9 35.401 10.6099 partijen
140.889 112.9 30.4704 10.6099 tijdens
174.492 112.9 11.3933 10.6099 de
189.05 112.9 53.6198 10.6099 mondelinge
245.93 112.9 54.72 10.6099 behandeling
303.91 112.9 9.12384 10.6099 of
316.259 112.9 30.9542 10.6099 daarna
350.47 112.9 13.9162 10.6099 tot
367.623 112.9 16.7962 10.6099 een
387.53 112.9 46.921 10.6099 minnelijke
437.676 112.9 36.2419 10.6099 regeling
477.144 112.9 34.4448 10.6099 komen,

70.824 126.34 16.1971 10.6099 kan
90.2467 126.34 11.3933 10.6099 de
104.877 126.34 51.6267 10.6099 Commissie
159.708 126.34 15.024 10.6099 het
177.971 126.34 42.1133 10.6099 opstellen
223.312 126.34 15.7267 10.6099 van
242.243 126.34 16.7059 10.6099 een
262.177 126.34 52.9894 10.6099 schriftelijke
318.392 126.34 67.1962 10.6099 overeenkomst
388.825 126.34 29.7446 10.6099 tussen
421.692 126.34 35.2858 10.6099 partijen
460.203 126.34 48.1306 10.6099 faciliteren.
511.56 126.34 8.64 10.6099 In

70.824 139.66 26.3923 10.6099 plaats
100.453 139.66 36 10.6099 daarvan
139.564 139.66 16.1971 10.6099 kan
158.883 139.66 11.3933 10.6099 de
173.513 139.66 51.5981 10.6099 Commissie
228.41 139.66 12.119 10.6099 op
243.755 139.66 37.1981 10.6099 verzoek
284.178 139.66 15.5981 10.6099 van
303.002 139.66 35.2858 10.6099 partijen
341.513 139.66 11.3933 10.6099 de
356.144 139.66 31.9104 10.6099 inhoud
391.291 139.66 15.7248 10.6099 van
410.115 139.66 11.3933 10.6099 de
424.745 139.66 36.1152 10.6099 regeling
464.086 139.66 8.28288 10.6099 in
475.595 139.66 11.3933 10.6099 de
490.098 139.66 24.8486 10.6099 vorm

70.824 152.98 15.72 10.6099 van
89.7696 152.98 16.7962 10.6099 een
109.82 152.98 36.9446 10.6099 bindend
150.002 152.98 28.1894 10.6099 advies
181.428 152.98 49.7894 10.6099 vastleggen,
234.455 152.98 19.6762 10.6099 mits
257.241 152.98 13.9162 10.6099 die
274.395 152.98 31.9104 10.6099 inhoud
309.427 152.98 18.1325 10.6099 zich
330.762 152.98 22.3258 10.6099 voor
356.336 152.98 11.3933 10.6099 de
370.84 152.98 24.8486 10.6099 vorm
398.891 152.98 15.6326 10.6099 van
417.75 152.98 16.681 10.6099 een
437.656 152.98 37.0714 10.6099 bindend
477.861 152.98 28.3162 10.6099 advies

70.824 166.3 25.6637 10.6099 leent.

70.824 192.94 27.4867 10.6099 Artikel
101.532 192.94 12.0019 10.6099 37
116.756 192.94 40.9267 10.6099 Intrekken
160.905 192.94 27.12 10.6099 Klacht

70.824 206.26 17.1533 10.6099 Tot
91.2144 206.26 15.5981 10.6099 aan
110.038 206.26 11.2781 10.6099 de
124.542 206.26 50.1581 10.6099 verzending
177.925 206.26 15.7248 10.6099 van
196.749 206.26 11.3933 10.6099 de
211.38 206.26 42.1171 10.6099 uitspraak
256.734 206.26 16.1971 10.6099 kan
276.041 206.26 54.3514 10.6099 Consument
333.63 206.26 15.6096 10.6099 zijn
352.442 206.26 29.5488 10.6099 Klacht
385.228 206.26 10.8058 10.6099 bij
399.46 206.26 11.2781 10.6099 de
413.964 206.26 96.6067 10.6099 Geschillencommissie

70.824 219.7 47.0102 10.6099 intrekken.
121.089 219.7 14.1552 10.6099 De
138.36 219.7 54.8064 10.6099 behandeling
196.317 219.7 28.9037 10.6099 wordt
228.464 219.7 16.4448 10.6099 dan
248.14 219.7 37.8844 10.6099 gestaakt
289.261 219.7 11.2781 10.6099 en
303.65 219.7 14.999 10.6099 het
321.886 219.7 33.7075 10.6099 dossier
358.727 219.7 41.3914 10.6099 gesloten.
403.3 219.7 35.401 10.6099 Partijen
441.927 219.7 47.8771 10.6099 ontvangen

70.824 233.02 34.0877 10.6099 hiervan
108.114 233.02 16.7962 10.6099 een
128.06 233.02 53.1293 10.6099 schriftelijke
184.438 233.02 50.6074 10.6099 bevestiging
238.294 233.02 15.7133 10.6099 van
257.129 233.02 11.3875 10.6099 de
271.754 233.02 98.9741 10.6099 Geschillencommissie.

70.824 259.69 27.4867 10.6099 Artikel
101.532 259.69 12.0019 10.6099 38
116.78 259.69 42.0019 10.6099 Uitspraak

70.824 273.01 19.8029 10.6099 38.1
93.8525 273.01 14.1581 10.6099 De
111.236 273.01 51.5981 10.6099 Commissie
166.13 273.01 21.4733 10.6099 doet
190.73 273.01 11.1629 10.6099 zo
205.118 273.01 35.3894 10.6099 spoedig
243.618 273.01 38.7648 10.6099 mogelijk
285.586 273.01 25.2173 10.6099 nadat
313.925 273.01 9.8496 10.6099 zij
326.977 273.01 20.16 10.6099 haar
350.282 273.01 50.2733 10.6099 onderzoek
403.666 273.01 23.5123 10.6099 heeft
430.311 273.01 38.88 10.6099 voltooid
472.54 273.01 44.6629 10.6099 uitspraak.

70.824 286.33 19.8029 10.6099 38.2
93.8525 286.33 17.0381 10.6099 Een
114.14 286.33 42.1171 10.6099 uitspraak
159.5 286.33 28.7885 10.6099 wordt
191.41 286.33 8.28288 10.6099 in
202.919 286.33 36.9562 10.6099 beginsel
243.112 286.33 37.0829 10.6099 gegeven
283.421 286.33 35.0438 10.6099 uiterlijk
321.69 286.33 11.52 10.6099 90
336.436 286.33 26.8762 10.6099 dagen
366.537 286.33 10.679 10.6099 na
380.338 286.33 11.3933 10.6099 de
394.969 286.33 53.3952 10.6099 mondelinge
451.59 286.33 54.8352 10.6099 behandeling
509.535 286.33 9.23904 10.6099 of

70.824 299.65 5.76 10.6099 –
79.824 299.65 27.959 10.6099 indien
111.009 299.65 21.6 10.6099 geen
135.834 299.65 53.5219 10.6099 mondelinge
192.478 299.65 54.8352 10.6099 behandeling
250.55 299.65 23.3971 10.6099 heeft
277.185 299.65 70.9171 10.6099 plaatsgevonden
351.327 299.65 9.23904 10.6099 of
363.792 299.65 12.119 10.6099 zal
379.137 299.65 56.759 10.6099 plaatsvinden
439.18 299.65 5.76 10.6099 –
448.18 299.65 10.679 10.6099 na
462.085 299.65 14.999 10.6099 het
480.321 299.65 41.5181 10.6099 afronden

70.824 313.09 15.7248 10.6099 van
89.7514 313.09 11.4163 10.6099 de
104.393 313.09 53.0381 10.6099 schriftelijke
160.657 313.09 51.241 10.6099 procedure.
215.124 313.09 28.3162 10.6099 Indien
246.562 313.09 11.3933 10.6099 de
261.192 313.09 51.5866 10.6099 Commissie
315.912 313.09 21.7152 10.6099 deze
340.864 313.09 33.6038 10.6099 termijn
377.579 313.09 17.6371 10.6099 niet
398.453 313.09 24.48 10.6099 haalt,
426.043 313.09 20.0333 10.6099 stelt
449.5 313.09 9.8496 10.6099 zij
462.552 313.09 35.401 10.6099 partijen

70.824 326.41 36 10.6099 daarvan
110.05 326.41 12.119 10.6099 op
125.279 326.41 11.3933 10.6099 de
139.909 326.41 35.159 10.6099 hoogte,
178.306 326.41 11.2781 10.6099 en
192.59 326.41 41.76 10.6099 vermeldt
237.576 326.41 9.8496 10.6099 zij
250.628 326.41 40.2278 10.6099 wanneer
294.082 326.41 9.8496 10.6099 zij
307.03 326.41 42.1056 10.6099 uitspraak
352.373 326.41 42.8314 10.6099 verwacht
398.441 326.41 9.35424 10.6099 te
410.917 326.41 26.0352 10.6099 doen.

70.824 339.73 19.8029 10.6099 38.3
93.8525 339.73 14.1581 10.6099 De
111.236 339.73 51.5981 10.6099 Commissie
166.06 339.73 21.4733 10.6099 doet
190.655 339.73 20.16 10.6099 haar
214.041 339.73 42.2323 10.6099 uitspraak
259.383 339.73 11.8771 10.6099 als
274.498 339.73 36.9446 10.6099 bindend
314.564 339.73 28.3162 10.6099 advies
346.117 339.73 27.8438 10.6099 indien
377.35 339.73 11.3981 10.6099 de
391.858 339.73 45.3542 10.6099 Financiële
440.438 339.73 66.9542 10.6099 dienstverlener
510.6 339.73 11.28 10.6099 en

70.824 353.05 54.4973 10.6099 Consument
128.532 353.05 48.3802 10.6099 Schriftelijk
180.122 353.05 34.0032 10.6099 hebben
217.335 353.05 43.4726 10.6099 verklaard
263.88 353.05 18.144 10.6099 zich
285.257 353.05 15.6058 10.6099 aan
303.947 353.05 15.0298 10.6099 het
322.187 353.05 36.7373 10.6099 oordeel
362.019 353.05 15.7325 10.6099 van
380.996 353.05 11.3971 10.6099 de
395.62 353.05 51.5866 10.6099 Commissie
450.444 353.05 11.8771 10.6099 als
465.558 353.05 36.9446 10.6099 bindend

70.824 366.37 28.3162 10.6099 advies
102.377 366.37 9.35424 10.6099 te
114.853 366.37 66.0394 10.6099 onderwerpen.

70.824 379.69 19.8029 10.6099 38.4
93.8525 379.69 8.64 10.6099 In
105.718 379.69 15.4829 10.6099 alle
124.3 379.69 32.1523 10.6099 andere
159.563 379.69 36.599 10.6099 gevallen
199.387 379.69 21.5885 10.6099 doet
224.213 379.69 11.3933 10.6099 de
238.716 379.69 51.5981 10.6099 Commissie
293.552 379.69 16.7962 10.6099 een
313.458 379.69 64.1212 10.6099 niet-bindende
380.69 379.69 44.7552 10.6099 uitspraak.

70.824 393.01 19.8029 10.6099 38.5
93.8525 393.01 50.9875 10.6099 Uitspraken
147.98 393.01 10.679 10.6099 na
161.9 393.01 16.681 10.6099 een
181.807 393.01 40.8444 10.6099 verkorte
225.89 393.01 48.8333 10.6099 procedure
277.949 393.01 15.6096 10.6099 zijn
296.761 393.01 24.6298 10.6099 nooit
324.616 393.01 39.5942 10.6099 bindend.

70.824 406.33 19.8029 10.6099 38.6
93.8525 406.33 17.0381 10.6099 Een
114.116 406.33 42.1171 10.6099 uitspraak
159.459 406.33 9.48096 10.6099 is,
172.05 406.33 18.2362 10.6099 ook
193.408 406.33 11.8771 10.6099 als
208.523 406.33 35.401 10.6099 partijen
247.045 406.33 11.3933 10.6099 de
261.676 406.33 56.5171 10.6099 bindendheid
321.43 406.33 15.7248 10.6099 van
340.357 406.33 16.8192 10.6099 een
360.287 406.33 42.2323 10.6099 uitspraak
405.82 406.33 21.4848 10.6099 over
430.415 406.33 11.3933 10.6099 de
445.046 406.33 29.641 10.6099 Klacht
477.912 406.33 33.961 10.6099 hebben

70.824 419.77 43.4496 10.6099 aanvaard,
117.478 419.77 58.3266 10.6099 niet-bindend
179.042 419.77 22.199 10.6099 voor
204.466 419.77 26.2886 10.6099 zover
233.958 419.77 28.4774 10.6099 daarin
265.638 419.77 15.6211 10.6099 aan
284.369 419.77 46.7942 10.6099 hoofdsom
334.4 419.77 43.6838 10.6099 (exclusief
381.183 419.77 76.0781 10.6099 vertragingsrente
460.498 419.77 11.2781 10.6099 en
475.002 419.77 35.2208 10.6099 kosten)

70.824 433.11 16.7962 10.6099 een
90.8573 433.11 31.5533 10.6099 bedrag
125.521 433.11 28.9152 10.6099 wordt
157.673 433.11 55.8029 10.6099 toegewezen
216.77 433.11 18.2429 10.6099 van:

70.824 446.43 8.64 10.6099 a)
82.6896 446.43 24.48 10.6099 meer
110.395 446.43 16.439 10.6099 dan
130.06 446.43 7.0272 10.6099 €
140.244 446.43 37.0829 10.6099 250.000
180.425 446.43 27.8323 10.6099 indien
211.61 446.43 11.3981 10.6099 de
226.234 446.43 45.3658 10.6099 Financiële
274.802 446.43 66.7469 10.6099 dienstverlener
344.83 446.43 10.921 10.6099 lid
358.977 446.43 6.95808 10.6099 is
369.045 446.43 15.7248 10.6099 van
387.972 446.43 15.0221 10.6099 het
406.232 446.43 40.6771 10.6099 Verbond
450.146 446.43 15.7248 10.6099 van

70.824 459.75 61.8144 10.6099 Verzekeraars
135.845 459.75 9.13728 10.6099 of
148.188 459.75 11.4182 10.6099 de
162.732 459.75 59.4327 10.6099 Nederlandse
225.402 459.75 48.8448 10.6099 Vereniging
277.473 459.75 15.7248 10.6099 van
296.296 459.75 36.4723 10.6099 Banken;

70.824 473.07 9.48096 10.6099 b)
83.5306 473.07 24.48 10.6099 meer
111.236 473.07 16.439 10.6099 dan
130.901 473.07 7.0272 10.6099 €
141.084 473.07 37.0829 10.6099 100.000
181.266 473.07 8.28288 10.6099 in
192.671 473.07 15.4829 10.6099 alle
211.38 473.07 34.4448 10.6099 overige
249.027 473.07 39.168 10.6099 gevallen.

70.824 486.39 17.7523 10.6099 Het
91.8134 486.39 21.9456 10.6099 staat
116.881 486.39 35.401 10.6099 partijen
155.508 486.39 30.1133 10.6099 echter
188.743 486.39 14.6534 10.6099 vrij
206.599 486.39 18.1325 10.6099 zich
227.968 486.39 8.28288 10.6099 in
239.477 486.39 39.7325 10.6099 afwijking
282.412 486.39 15.7248 10.6099 van
301.27 486.39 21.6 10.6099 deze
326.096 486.39 40.2048 10.6099 bepaling,
369.411 486.39 7.44192 10.6099 al
380.078 486.39 16.5542 10.6099 dan
399.743 486.39 17.6371 10.6099 niet
420.617 486.39 27.959 10.6099 onder
451.813 486.39 64.5581 10.6099 voorwaarden,

70.824 499.71 15.6 10.6099 aan
89.664 499.71 56.521 10.6099 toewijzende
149.3 499.71 48.4762 10.6099 uitspraken
201.002 499.71 14.0314 10.6099 tot
218.27 499.71 16.7962 10.6099 een
238.177 499.71 27.1181 10.6099 hoger
268.405 499.71 31.5533 10.6099 bedrag
303.08 499.71 9.35424 10.6099 te
315.545 499.71 33.719 10.6099 binden.

70.824 513.15 19.8029 10.6099 38.7
93.8525 513.15 14.1581 10.6099 De
111.236 513.15 42.1419 10.6099 uitspraak
156.604 513.15 27.4752 10.6099 bevat,
187.304 513.15 23.7542 10.6099 naast
214.296 513.15 11.3933 10.6099 de
228.926 513.15 45.239 10.6099 beslissing,
277.402 513.15 8.15616 10.6099 in
288.784 513.15 13.559 10.6099 elk
305.465 513.15 25.3325 10.6099 geval:

70.824 526.47 8.64 10.6099 a)
82.6896 526.47 11.3933 10.6099 de
97.32 526.47 30.7238 10.6099 namen
131.269 526.47 15.7248 10.6099 van
150.093 526.47 11.3933 10.6099 de
164.724 526.47 28.201 10.6099 Leden
196.035 526.47 11.2781 10.6099 en
210.539 526.47 46.08 10.6099 Secretaris
259.844 526.47 15.7248 10.6099 van
278.668 526.47 11.3933 10.6099 de
293.298 526.47 54.2362 10.6099 Commissie;

70.824 539.79 9.48096 10.6099 b)
83.5306 539.79 11.3933 10.6099 de
98.161 539.79 30.7238 10.6099 namen
132.11 539.79 11.2781 10.6099 en
146.51 539.79 30.5406 10.6099 woon-
180.29 539.79 15.7248 10.6099 c.q.
199.24 539.79 70.1914 10.6099 vestigingsplaats
272.669 539.79 15.7248 10.6099 van
291.504 539.79 37.9123 10.6099 partijen;

70.824 553.11 8.76672 10.6099 c)
82.7933 553.11 11.4163 10.6099 de
97.4352 553.11 54.9619 10.6099 dagtekening
155.634 553.11 15.5981 10.6099 van
174.458 553.11 11.3933 10.6099 de
188.858 553.11 44.8704 10.6099 uitspraak;

70.824 566.43 9.59616 10.6099 d)
83.6573 566.43 11.3933 10.6099 de
98.2877 566.43 49.801 10.6099 motivering
151.314 566.43 15.7248 10.6099 van
170.138 566.43 11.3933 10.6099 de
184.768 566.43 37.0829 10.6099 gegeven
225.077 566.43 45.3542 10.6099 beslissing;

70.824 579.75 9.23904 10.6099 e)
83.2886 579.75 11.3933 10.6099 de
97.919 579.75 45.7229 10.6099 verklaring
146.9 579.75 14.6304 10.6099 dat
164.641 579.75 11.3933 10.6099 de
179.271 579.75 42.1171 10.6099 uitspraak
224.625 579.75 6.95808 10.6099 is
234.809 579.75 37.0829 10.6099 gegeven
275.118 579.75 18.1094 10.6099 met
296.464 579.75 61.079 10.6099 inachtneming
360.746 579.75 15.7248 10.6099 van
379.604 579.75 11.3933 10.6099 de
394.234 579.75 48.7181 10.6099 bepalingen
446.178 579.75 15.7248 10.6099 van
465.105 579.75 12.2573 10.6099 dit

70.824 593.07 51.9725 10.6099 Reglement.

70.824 606.42 19.8029 10.6099 38.8
93.8525 606.42 14.1581 10.6099 De
111.236 606.42 42.1171 10.6099 uitspraak
156.579 606.42 28.7885 10.6099 wordt
188.501 606.42 23.1552 10.6099 door
214.893 606.42 49.2019 10.6099 Voorzitter
267.321 606.42 11.2781 10.6099 en
281.721 606.42 46.08 10.6099 Secretaris
331.038 606.42 62.519 10.6099 ondertekend.
396.794 606.42 14.1581 10.6099 De
414.062 606.42 23.3971 10.6099 aldus
440.697 606.42 47.9808 10.6099 getekende

70.824 619.86 40.2125 10.6099 originele
114.241 619.86 42.1363 10.6099 uitspraak
159.605 619.86 20.0496 10.6099 blijft
182.81 619.86 10.8058 10.6099 bij
196.715 619.86 21.3581 10.6099 Kifid
221.33 619.86 43.5571 10.6099 berusten.

70.824 633.18 19.8029 10.6099 38.9
93.8525 633.18 14.1581 10.6099 De
111.236 633.18 51.5981 10.6099 Commissie
166.06 633.18 16.0819 10.6099 kan
185.367 633.18 23.7542 10.6099 eerst
212.359 633.18 42.2323 10.6099 uitspraak
257.701 633.18 23.6266 10.6099 doen
284.438 633.18 21.4848 10.6099 over
309.034 633.18 20.16 10.6099 haar
332.419 633.18 58.5562 10.6099 bevoegdheid
394.213 633.18 15.241 10.6099 om
412.564 633.18 11.3933 10.6099 de
427.079 633.18 29.641 10.6099 Klacht
459.946 633.18 8.28288 10.6099 in

70.824 646.5 54.8352 10.6099 behandeling
128.896 646.5 9.35424 10.6099 te
141.361 646.5 33.961 10.6099 nemen,
178.421 646.5 38.9952 10.6099 alvorens
220.653 646.5 18.1325 10.6099 zich
242.09 646.5 5.76 10.6099 –
250.97 646.5 11.8771 10.6099 als
265.969 646.5 11.3933 10.6099 de
280.599 646.5 29.641 10.6099 Klacht
313.247 646.5 22.3258 10.6099 voor
338.775 646.5 54.743 10.6099 behandeling
396.744 646.5 8.28288 10.6099 in
408.253 646.5 53.0496 10.6099 aanmerking
464.528 646.5 24.5952 10.6099 komt
492.34 646.5 5.76 10.6099 –
501.36 646.5 12.119 10.6099 uit

70.824 659.82 9.35424 10.6099 te
83.4154 659.82 37.0714 10.6099 spreken
123.597 659.82 21.4848 10.6099 over
148.284 659.82 11.4163 10.6099 de
162.811 659.82 57.4733 10.6099 gegrondheid
223.522 659.82 15.7248 10.6099 van
242.357 659.82 11.3933 10.6099 de
256.987 659.82 32.0371 10.6099 Klacht.

70.824 673.14 25.5629 10.6099 38.10
99.6125 673.14 14.1581 10.6099 De
116.996 673.14 51.5981 10.6099 Commissie
171.716 673.14 16.1971 10.6099 kan
191.035 673.14 30.5971 10.6099 voorts
224.869 673.14 11.3933 10.6099 de
239.385 673.14 41.5181 10.6099 volgende
284.013 673.14 54.0058 10.6099 beslissingen
341.244 673.14 33.961 10.6099 nemen:

70.824 686.46 8.64 10.6099 a)
82.6896 686.46 16.7962 10.6099 een
102.723 686.46 23.04 10.6099 door
129.02 686.46 11.3981 10.6099 de
143.528 686.46 45.4925 10.6099 Financiële
192.131 686.46 66.9542 10.6099 dienstverlener
262.37 686.46 9.23904 10.6099 te
274.835 686.46 33.8342 10.6099 betalen
311.676 686.46 89.9942 10.6099 (schade)vergoeding
404.78 686.46 50.8838 10.6099 vaststellen;

70.824 699.78 9.48096 10.6099 b)
83.5306 699.78 15.5981 10.6099 aan
102.38 699.78 11.3981 10.6099 de
116.888 699.78 45.4925 10.6099 Financiële
165.468 699.78 66.8506 10.6099 dienstverlener
235.61 699.78 44.64 10.6099 nakoming
283.36 699.78 41.161 10.6099 opleggen
327.747 699.78 15.7248 10.6099 van
346.674 699.78 11.4163 10.6099 de
361.201 699.78 67.1962 10.6099 overeenkomst
431.519 699.78 44.1677 10.6099 waarover
478.889 699.78 11.3933 10.6099 de
493.428 699.78 29.641 10.6099 Klacht

70.824 713.22 18.5933 10.6099 gaat
92.6544 713.22 9.23904 10.6099 of
105.119 713.22 15.7248 10.6099 van
123.943 713.22 16.7962 10.6099 een
143.861 713.22 32.1523 10.6099 andere
179.135 713.22 29.6294 10.6099 tussen
212.002 713.22 35.401 10.6099 partijen
250.524 713.22 41.5066 10.6099 geldende
295.153 713.22 56.2867 10.6099 verplichting;

70.824 726.54 8.76672 10.6099 c)
82.7933 726.54 11.4163 10.6099 de
97.4352 726.54 67.1846 10.6099 overeenkomst
167.753 726.54 44.041 10.6099 waarover
214.997 726.54 11.4163 10.6099 de
229.73 726.54 29.5258 10.6099 Klacht
262.481 726.54 18.5933 10.6099 gaat
284.185 726.54 47.0362 10.6099 ontbinden
334.458 726.54 9.23904 10.6099 of
346.923 726.54 11.2781 10.6099 de
361.427 726.54 76.7982 10.6099 partij-ontbinding
441.45 726.54 9.23904 10.6099 of
453.915 726.54 53.28 10.6099 vernietiging

70.824 739.856 51.4714 10.6099 bevestigen;

513.36 37.56 11.2373 11.04 14

70.824 86.2597 9.59616 10.6099 d)
83.6573 86.2597 15.5981 10.6099 aan
102.5 86.2597 11.3981 10.6099 de
117.008 86.2597 45.4925 10.6099 Financiële
165.588 86.2597 66.8506 10.6099 dienstverlener
235.73 86.2597 11.3933 10.6099 de
250.245 86.2597 58.6714 10.6099 bevoegdheid
312.027 86.2597 13.9162 10.6099 tot
329.18 86.2597 51.3562 10.6099 uitoefening
383.647 86.2597 47.3933 10.6099 ontzeggen
434.047 86.2597 15.7248 10.6099 van
452.974 86.2597 16.8192 10.6099 een
473.019 86.2597 9.23904 10.6099 of
485.368 86.2597 24.48 10.6099 meer

70.824 99.5797 18.2362 10.6099 met
92.2973 99.5797 25.079 10.6099 name
120.498 99.5797 48.3494 10.6099 genoemde
171.97 99.5797 35.8733 10.6099 rechten
211.08 99.5797 12.119 10.6099 uit
226.425 99.5797 11.3933 10.6099 de
240.928 99.5797 67.1962 10.6099 overeenkomst
311.258 99.5797 44.1677 10.6099 waarover
358.628 99.5797 11.4163 10.6099 de
373.155 99.5797 29.641 10.6099 Klacht
406.021 99.5797 21.1162 10.6099 gaat;

70.824 112.9 9.23904 10.6099 e)
83.2886 112.9 37.6704 10.6099 alsmede
124.069 112.9 29.5142 10.6099 iedere
156.86 112.9 32.0371 10.6099 andere
192.019 112.9 45.3542 10.6099 beslissing,
240.61 112.9 13.9162 10.6099 die
257.637 112.9 9.8496 10.6099 zij
270.689 112.9 34.583 10.6099 redelijk
308.371 112.9 11.1629 10.6099 en
322.76 112.9 23.8925 10.6099 billijk
349.855 112.9 19.561 10.6099 acht
372.549 112.9 13.9162 10.6099 ter
389.702 112.9 51.3677 10.6099 beëindiging
444.296 112.9 15.7248 10.6099 van
463.223 112.9 15.1373 10.6099 het
481.471 112.9 33.2467 10.6099 geschil.

70.824 126.34 25.5629 10.6099 38.11
99.6125 126.34 44.041 10.6099 Wanneer
146.764 126.34 11.3933 10.6099 de
161.394 126.34 51.4714 10.6099 Commissie
216.103 126.34 54.3514 10.6099 Consument
273.691 126.34 29.7562 10.6099 geheel
306.558 126.34 9.23904 10.6099 of
318.907 126.34 52.3123 10.6099 gedeeltelijk
374.457 126.34 8.15616 10.6099 in
385.838 126.34 15.1142 10.6099 het
404.063 126.34 23.5238 10.6099 gelijk
430.789 126.34 22.5907 10.6099 stelt,
456.617 126.34 9.23904 10.6099 of
469.082 126.34 40.1933 10.6099 wanneer
512.501 126.34 9.8496 10.6099 zij

70.824 139.66 22.3258 10.6099 voor
96.3523 139.66 16.8192 10.6099 een
116.397 139.66 90.6163 10.6099 kostenveroordeling
210.216 139.66 15.1373 10.6099 ten
228.579 139.66 30.1133 10.6099 gunste
261.929 139.66 15.7248 10.6099 van
280.753 139.66 54.3514 10.6099 Consument
338.341 139.66 48.4762 10.6099 anderszins
390.055 139.66 38.6381 10.6099 gronden
431.815 139.66 41.812 10.6099 aanwezig
476.829 139.66 22.0838 10.6099 acht,

70.824 152.98 33.2352 10.6099 bepaalt
107.296 152.98 9.8496 10.6099 zij
120.348 152.98 8.28288 10.6099 in
131.765 152.98 11.3933 10.6099 de
146.395 152.98 42.1171 10.6099 uitspraak
191.634 152.98 14.6304 10.6099 dat
209.57 152.98 11.3981 10.6099 de
224.194 152.98 45.3658 10.6099 Financiële
272.762 152.98 66.7469 10.6099 dienstverlener
342.79 152.98 15.5981 10.6099 aan
361.51 152.98 54.4666 10.6099 Consument
419.098 152.98 11.3933 10.6099 de
433.614 152.98 23.1552 10.6099 door
460.006 152.98 21.7152 10.6099 deze
484.832 152.98 8.28288 10.6099 in

70.824 166.3 37.44 10.6099 verband
111.49 166.3 18.2362 10.6099 met
132.836 166.3 15.1142 10.6099 het
151.188 166.3 44.1562 10.6099 aanhangig
198.569 166.3 30.5971 10.6099 maken
232.404 166.3 11.2781 10.6099 en
246.792 166.3 11.3933 10.6099 de
261.307 166.3 54.72 10.6099 behandeling
319.253 166.3 15.7248 10.6099 van
338.18 166.3 11.4163 10.6099 de
352.707 166.3 29.641 10.6099 Klacht
385.47 166.3 44.0294 10.6099 gemaakte
432.517 166.3 31.4266 10.6099 kosten
467.181 166.3 12.2458 10.6099 zal

70.824 179.62 51.5981 10.6099 vergoeden,
125.648 179.62 14.0314 10.6099 tot
142.789 179.62 16.7962 10.6099 een
162.708 179.62 23.1552 10.6099 door
188.985 179.62 11.3933 10.6099 de
203.615 179.62 51.7133 10.6099 Commissie
258.439 179.62 9.35424 10.6099 te
271.03 179.62 35.6429 10.6099 bepalen
309.795 179.62 34.0762 10.6099 bedrag.
347.108 179.62 31.8067 10.6099 Hierbij
382.014 179.62 16.1971 10.6099 kan
401.62 179.62 16.681 10.6099 een
421.527 179.62 23.04 10.6099 door
447.82 179.62 11.3981 10.6099 de

70.824 192.94 96.6701 10.6099 Geschillencommissie
170.69 192.94 18.2362 10.6099 vast
192.048 192.94 9.35424 10.6099 te
204.639 192.94 30.1133 10.6099 stellen
237.99 192.94 11.1629 10.6099 en
252.378 192.94 9.35424 10.6099 te
264.854 192.94 48.7296 10.6099 publiceren
316.683 192.94 65.9981 10.6099 liquidatietarief
385.791 192.94 36.3571 10.6099 worden
425.259 192.94 47.6439 10.6099 toegepast.
476.14 192.94 8.64 10.6099 In
487.89 192.94 15.4829 10.6099 alle

70.824 206.26 36.7325 10.6099 gevallen
110.761 206.26 22.6752 10.6099 geldt
136.572 206.26 16.7981 10.6099 een
156.597 206.26 45.36 10.6099 maximum
205.162 206.26 15.7267 10.6099 van
224.035 206.26 7.0272 10.6099 €
234.324 206.26 28.0906 10.6099 5.000.

70.824 219.7 25.5629 10.6099 38.12
99.6125 219.7 14.1581 10.6099 De
116.996 219.7 51.5981 10.6099 Commissie
171.716 219.7 16.1971 10.6099 kan
191.035 219.7 30.5971 10.6099 voorts
224.869 219.7 16.7962 10.6099 een
244.776 219.7 59.5238 10.6099 veroordeling
307.399 219.7 49.0752 10.6099 uitspreken
359.711 219.7 14.0314 10.6099 tot
376.853 219.7 50.999 10.6099 vergoeding
430.859 219.7 15.7248 10.6099 van
449.786 219.7 31.4496 10.6099 kosten
484.357 219.7 38.5114 10.6099 gemaakt

70.824 233.02 22.3258 10.6099 voor
96.3523 233.02 15.1142 10.6099 het
114.715 233.02 27.8438 10.6099 horen
145.785 233.02 15.7544 10.6099 van
164.649 233.02 38.6381 10.6099 getuigen
206.513 233.02 11.2781 10.6099 en
221.017 233.02 15.1142 10.6099 het
239.241 233.02 53.28 10.6099 inschakelen
295.632 233.02 15.7248 10.6099 van
314.467 233.02 59.9846 10.6099 deskundigen.

70.824 246.34 25.5629 10.6099 38.13
99.6125 246.34 14.1581 10.6099 De
116.996 246.34 51.5981 10.6099 Commissie
171.716 246.34 16.1971 10.6099 kan
191.035 246.34 16.7962 10.6099 een
211.068 246.34 59.5238 10.6099 veroordeling
273.691 246.34 49.0752 10.6099 uitspreken
325.992 246.34 14.0314 10.6099 tot
343.26 246.34 50.8723 10.6099 vergoeding
397.37 246.34 15.5981 10.6099 van
416.194 246.34 50.8723 10.6099 reiskosten,
470.303 246.34 38.3962 10.6099 gemaakt

70.824 259.69 22.3258 10.6099 voor
96.3523 259.69 15.1142 10.6099 het
114.715 259.69 42.359 10.6099 bijwonen
160.34 259.69 15.7248 10.6099 van
179.164 259.69 11.3933 10.6099 de
193.667 259.69 53.6371 10.6099 mondelinge
250.415 259.69 57.3581 10.6099 behandeling.

70.824 273.01 12.6029 10.6099 De
86.6525 273.01 70.3296 10.6099 uitspraaktermijn
160.185 273.01 15.0336 10.6099 van
178.421 273.01 12.0038 10.6099 90
193.57 273.01 26.1734 10.6099 dagen
222.946 273.01 6.24384 10.6099 is
232.49 273.01 36.8573 10.6099 ontleend
272.433 273.01 16.2067 10.6099 aan
291.84 273.01 10.4477 10.6099 de
305.419 273.01 55.5186 10.6099 ADR-richtlijn.
364.15 273.01 12.6058 10.6099 De
379.99 273.01 46.4717 10.6099 bepalingen
429.549 273.01 18.1325 10.6099 over
450.884 273.01 52.2432 10.6099 bindendheid
506.33 273.01 15.0106 10.6099 zijn

70.824 286.33 44.5131 10.6099 aangepast
118.574 286.33 16.2086 10.6099 aan
137.985 286.33 10.4486 10.6099 de
151.556 286.33 40.4698 10.6099 wettelijke
195.102 286.33 11.2896 10.6099 eis
209.594 286.33 14.0429 10.6099 dat
226.885 286.33 10.4486 10.6099 de
240.433 286.33 48.7058 10.6099 Consument
292.236 286.33 20.5354 10.6099 altijd
315.856 286.33 18.2448 10.6099 voor
337.325 286.33 15.4925 10.6099 een
356.018 286.33 57.9435 10.6099 niet-bindende
417.158 286.33 40.1126 10.6099 uitspraak
460.502 286.33 21.96 10.6099 moet
485.694 286.33 31.919 10.6099 kunnen

70.824 299.65 30.4819 10.6099 kiezen.

70.824 326.41 27.4867 10.6099 Artikel
101.532 326.41 12.0094 10.6099 39
116.78 326.41 48.0038 10.6099 Verzending
168.009 326.41 10.4486 10.6099 en
181.661 326.41 40.9651 10.6099 publicatie
225.828 326.41 40.2163 10.6099 uitspraak

70.824 339.73 19.8 10.6099 39.1
93.864 339.73 14.1581 10.6099 De
111.248 339.73 96.4685 10.6099 Geschillencommissie
211.01 339.73 25.7933 10.6099 zendt
239.914 339.73 15.5981 10.6099 aan
258.737 339.73 13.559 10.6099 elk
275.407 339.73 15.7248 10.6099 van
294.334 339.73 11.3126 10.6099 de
308.769 339.73 35.401 10.6099 partijen
347.395 339.73 16.7962 10.6099 een
367.313 339.73 23.1552 10.6099 door
393.82 339.73 11.2781 10.6099 de
408.324 339.73 49.2019 10.6099 Voorzitter
460.751 339.73 11.2781 10.6099 en
475.3 339.73 11.2781 10.6099 de

70.824 353.05 46.2298 10.6099 Secretaris
123.38 353.05 48.0281 10.6099 getekende
174.518 353.05 34.8019 10.6099 uitdraai
212.546 353.05 15.7248 10.6099 van
231.473 353.05 11.4163 10.6099 de
246 353.05 32.0371 10.6099 digitaal
281.148 353.05 56.0333 10.6099 opgemaakte
340.51 353.05 44.64 10.6099 uitspraak.

70.824 366.37 19.8 10.6099 39.2
93.864 366.37 14.1581 10.6099 De
111.248 366.37 96.4685 10.6099 Geschillencommissie
211.01 366.37 21.5885 10.6099 doet
235.73 366.37 56.759 10.6099 desverzocht
295.63 366.37 18.9619 10.6099 elke
317.818 366.37 42.2323 10.6099 uitspraak
363.16 366.37 13.9162 10.6099 ter
380.314 366.37 62.6458 10.6099 kennisneming
446.185 366.37 47.7504 10.6099 toekomen
497.046 366.37 15.5981 10.6099 aan

70.824 379.69 11.3933 10.6099 de
85.4544 379.69 77.0485 10.6099 Toezichthouder.
165.728 379.69 14.0429 10.6099 Lid
182.87 379.69 5.76 10.6099 3
191.752 379.69 6.95808 10.6099 is
201.936 379.69 15.7248 10.6099 van
220.863 379.69 80.2726 10.6099 overeenkomstige
304.238 379.69 50.8915 10.6099 toepassing.

70.824 393.01 19.8029 10.6099 39.3
93.8525 393.01 50.9875 10.6099 Uitspraken
147.962 393.01 36.3571 10.6099 worden
187.429 393.01 39.8362 10.6099 vanwege
230.57 393.01 11.3933 10.6099 de
245.074 393.01 96.5952 10.6099 Geschillencommissie
344.95 393.01 12.119 10.6099 op
360.295 393.01 16.681 10.6099 een
380.201 393.01 23.1552 10.6099 door
406.54 393.01 11.3933 10.6099 de
421.17 393.01 96.4915 10.6099 Geschillencommissie

70.824 406.33 9.35424 10.6099 te
83.4154 406.33 35.7581 10.6099 bepalen
122.399 406.33 23.5238 10.6099 wijze
149.148 406.33 61.6781 10.6099 gepubliceerd,
214.052 406.33 24.9638 10.6099 tenzij
242.219 406.33 9.8496 10.6099 zij
255.202 406.33 10.679 10.6099 na
269.106 406.33 16.7962 10.6099 een
289.15 406.33 40.7923 10.6099 verkorte
333.19 406.33 54.72 10.6099 behandeling
391.136 406.33 15.6096 10.6099 zijn
409.948 406.33 31.703 10.6099 gedaan
444.876 406.33 11.2781 10.6099 en
459.38 406.33 20.16 10.6099 naar
482.65 406.33 15.1142 10.6099 het

70.824 419.77 36.72 10.6099 oordeel
110.772 419.77 15.7267 10.6099 van
129.599 419.77 11.3942 10.6099 de
144.232 419.77 51.479 10.6099 Commissie
198.939 419.77 11.279 10.6099 en
213.445 419.77 11.3942 10.6099 de
227.952 419.77 49.3258 10.6099 Voorzitter
280.379 419.77 21.7181 10.6099 geen
305.22 419.77 76.9257 10.6099 belangwekkende
385.27 419.77 42.84 10.6099 beslissing
431.119 419.77 42.7238 10.6099 bevatten.
477.047 419.77 33.9878 10.6099 Namen

70.824 433.11 15.7248 10.6099 van
89.7514 433.11 49.225 10.6099 natuurlijke
142.075 433.11 43.6723 10.6099 personen
188.81 433.11 11.28 10.6099 en
203.316 433.11 15.7248 10.6099 van
222.243 433.11 72.7373 10.6099 rechtspersonen
298.102 433.11 13.801 10.6099 die
315.129 433.11 11.8771 10.6099 als
330.243 433.11 40.4352 10.6099 klagende
373.915 433.11 24.1229 10.6099 partij
401.137 433.11 45.5962 10.6099 optreden,
449.97 433.11 36.3571 10.6099 worden
489.438 433.11 31.081 10.6099 daarbij

70.824 446.43 75.6077 10.6099 geanonimiseerd.
149.54 446.43 14.1581 10.6099 De
166.924 446.43 96.6067 10.6099 Geschillencommissie
266.81 446.43 16.0819 10.6099 kan
286.118 446.43 35.6429 10.6099 bepalen
324.986 446.43 14.6304 10.6099 dat
342.91 446.43 18.121 10.6099 ook
364.257 446.43 32.1523 10.6099 andere
399.519 446.43 30.839 10.6099 namen
436.78 446.43 11.28 10.6099 en

70.824 459.75 84.8218 10.6099 persoonsgegevens
158.78 459.75 36.2419 10.6099 worden
198.248 459.75 75.5254 10.6099 geanonimiseerd.

70.824 486.39 27.4877 10.6099 Artikel
101.514 486.39 12.0038 10.6099 40
116.78 486.39 31.2192 10.6099 Herstel
151.087 486.39 42.8429 10.6099 kennelijke
197.132 486.39 51.1488 10.6099 vergissingen

70.824 499.71 19.8029 10.6099 40.1
93.8525 499.71 14.1581 10.6099 De
111.26 499.71 51.5981 10.6099 Commissie
166.13 499.71 16.0819 10.6099 kan
185.438 499.71 11.9923 10.6099 uit
200.667 499.71 24.2381 10.6099 eigen
228.131 499.71 43.0848 10.6099 beweging
274.441 499.71 9.23904 10.6099 of
286.79 499.71 12.119 10.6099 op
302.135 499.71 16.681 10.6099 een
322.042 499.71 31.081 10.6099 binnen
356.348 499.71 23.04 10.6099 twee
382.614 499.71 30.5971 10.6099 weken
416.321 499.71 10.679 10.6099 na
430.122 499.71 11.3933 10.6099 de
444.753 499.71 66.24 10.6099 verzenddatum

70.824 513.15 15.7248 10.6099 van
89.7514 513.15 11.4163 10.6099 de
104.393 513.15 42.1171 10.6099 uitspraak
149.736 513.15 23.04 10.6099 door
176.002 513.15 16.7962 10.6099 een
195.908 513.15 24.1229 10.6099 partij
223.257 513.15 48.361 10.6099 Schriftelijk
274.843 513.15 31.7952 10.6099 gedaan
309.864 513.15 37.1981 10.6099 verzoek
350.288 513.15 16.7962 10.6099 een
370.206 513.15 46.679 10.6099 kennelijke
420.11 513.15 30.5906 10.6099 reken-
453.94 513.15 9.23904 10.6099 of
466.405 513.15 46.4371 10.6099 schrijffout
516.079 513.15 8.28288 10.6099 in

70.824 526.47 11.3933 10.6099 de
85.4544 526.47 42.2323 10.6099 uitspraak
130.797 526.47 48.4762 10.6099 herstellen,
182.384 526.47 16.5063 10.6099 dan
202.116 526.47 16.3238 10.6099 wel
221.642 526.47 41.8982 10.6099 overgaan
266.766 526.47 14.0314 10.6099 tot
283.908 526.47 53.4067 10.6099 verbetering
340.54 526.47 15.7248 10.6099 van
359.467 526.47 30.7584 10.6099 namen
393.451 526.47 11.2781 10.6099 en
407.84 526.47 19.5494 10.6099 data
430.626 526.47 8.15616 10.6099 in
442.008 526.47 11.3933 10.6099 de
456.638 526.47 44.64 10.6099 uitspraak.

70.824 539.79 19.8 10.6099 40.2
93.864 539.79 14.1581 10.6099 De
111.26 539.79 51.5981 10.6099 Commissie
166.13 539.79 25.6762 10.6099 zendt
194.917 539.79 16.7962 10.6099 een
214.95 539.79 23.1552 10.6099 door
241.215 539.79 16.7962 10.6099 een
261.134 539.79 24.1229 10.6099 partij
288.482 539.79 31.68 10.6099 gedaan
323.388 539.79 37.3248 10.6099 verzoek
363.915 539.79 13.9507 10.6099 tot
381.103 539.79 53.5182 10.6099 verbetering
437.72 539.79 8.28288 10.6099 in
449.228 539.79 25.6781 10.6099 kopie
478.017 539.79 15.5981 10.6099 aan
496.84 539.79 11.3933 10.6099 de

70.824 553.11 32.1571 10.6099 andere
106.22 553.11 26.6458 10.6099 partij.
135.965 553.11 14.1581 10.6099 De
153.38 553.11 32.0371 10.6099 andere
188.539 553.11 24.1229 10.6099 partij
215.93 553.11 23.881 10.6099 krijgt
243.037 553.11 16.681 10.6099 een
262.943 553.11 33.6038 10.6099 termijn
299.646 553.11 15.5981 10.6099 van
318.47 553.11 23.1552 10.6099 twee
344.862 553.11 30.4819 10.6099 weken
378.569 553.11 15.241 10.6099 om
396.921 553.11 12.119 10.6099 op
412.265 553.11 15.1142 10.6099 het
430.386 553.11 37.3248 10.6099 verzoek
470.914 553.11 9.37728 10.6099 te

70.824 566.43 43.7837 10.6099 reageren.
117.852 566.43 14.1562 10.6099 De
135.14 566.43 51.744 10.6099 Commissie
189.89 566.43 16.1971 10.6099 kan
209.313 566.43 21.7152 10.6099 deze
234.265 566.43 33.4886 10.6099 termijn
270.956 566.43 12.119 10.6099 op
286.209 566.43 37.1981 10.6099 verzoek
326.644 566.43 15.7248 10.6099 van
345.571 566.43 11.4163 10.6099 de
360.098 566.43 48.2342 10.6099 betrokken
411.558 566.43 24.0077 10.6099 partij
438.791 566.43 40.5619 10.6099 eenmalig
482.579 566.43 18.121 10.6099 met

70.824 579.75 23.1552 10.6099 twee
97.2163 579.75 30.5971 10.6099 weken
130.924 579.75 47.6467 10.6099 verlengen.
181.681 579.75 16.9229 10.6099 Een
201.829 579.75 31.9219 10.6099 reactie
236.977 579.75 13.9162 10.6099 die
254.004 579.75 29.1571 10.6099 buiten
286.271 579.75 11.3933 10.6099 de
300.901 579.75 33.4886 10.6099 termijn
337.593 579.75 28.9152 10.6099 wordt
369.756 579.75 50.2848 10.6099 ontvangen,
423.163 579.75 19.9181 10.6099 blijft
446.318 579.75 29.1571 10.6099 buiten

70.824 593.07 62.6458 10.6099 beschouwing,
136.672 593.07 24.9869 10.6099 tenzij
164.758 593.07 11.3933 10.6099 de
179.33 593.07 51.5866 10.6099 Commissie
234.17 593.07 68.7514 10.6099 zwaarwegende
306.055 593.07 38.7533 10.6099 gronden
348.045 593.07 41.5296 10.6099 aanwezig
392.777 593.07 19.561 10.6099 acht
415.472 593.07 14.999 10.6099 het
433.708 593.07 19.5494 10.6099 stuk
456.494 593.07 20.8858 10.6099 toch
480.606 593.07 15.7133 10.6099 toe
499.43 593.07 9.35424 10.6099 te

70.824 606.42 25.0646 10.6099 laten.

70.824 619.86 19.8029 10.6099 40.3
93.8525 619.86 17.7523 10.6099 Het
114.842 619.86 37.1981 10.6099 verzoek
155.277 619.86 29.8829 10.6099 schort
188.282 619.86 11.3933 10.6099 de
202.912 619.86 37.0829 10.6099 werking
243.198 619.86 15.6326 10.6099 van
262.056 619.86 11.3933 10.6099 de
276.56 619.86 42.1171 10.6099 uitspraak
321.914 619.86 12.119 10.6099 op
337.259 619.86 28.5466 10.6099 totdat
369.042 619.86 12.119 10.6099 op
384.272 619.86 15.1142 10.6099 het
402.623 619.86 37.0714 10.6099 verzoek
442.932 619.86 6.95808 10.6099 is
453.115 619.86 31.4381 10.6099 beslist.
488.02 619.86 14.1581 10.6099 De

70.824 633.18 33.6269 10.6099 termijn
107.661 633.18 22.3373 10.6099 voor
133.105 633.18 15.1219 10.6099 het
151.437 633.18 38.3117 10.6099 instellen
192.867 633.18 15.7325 10.6099 van
211.81 633.18 33.4963 10.6099 beroep
248.424 633.18 10.8134 10.6099 bij
262.448 633.18 11.3971 10.6099 de
276.986 633.18 51.6058 10.6099 Commissie
331.802 633.18 15.7325 10.6099 van
350.779 633.18 34.0838 10.6099 Beroep
388.073 633.18 28.8154 10.6099 wordt
420.099 633.18 23.063 10.6099 door
446.372 633.18 15.1219 10.6099 het
464.75 633.18 37.1981 10.6099 verzoek
505.159 633.18 17.7974 10.6099 niet

70.824 646.5 52.5629 10.6099 opgeschort
126.591 646.5 9.24 10.6099 of
138.967 646.5 42.2515 10.6099 verlengd.

70.824 659.82 19.8029 10.6099 40.4
93.8525 659.82 17.6371 10.6099 Van
114.727 659.82 16.681 10.6099 een
134.633 659.82 53.6371 10.6099 voornemen
191.392 659.82 14.0314 10.6099 tot
208.661 659.82 51.5981 10.6099 ambtshalve
263.369 659.82 53.3952 10.6099 verbetering
319.99 659.82 15.7248 10.6099 van
338.917 659.82 11.4163 10.6099 de
353.444 659.82 42.2323 10.6099 uitspraak
398.787 659.82 20.1485 10.6099 stelt
422.26 659.82 11.3933 10.6099 de
436.78 659.82 51.744 10.6099 Commissie

70.824 673.14 35.401 10.6099 partijen
109.451 673.14 47.6264 10.6099 schriftelijk
160.199 673.14 12.1133 10.6099 op
175.549 673.14 11.2723 10.6099 de
189.944 673.14 35.2627 10.6099 hoogte.
228.443 673.14 35.4989 10.6099 Partijen
267.064 673.14 31.2883 10.6099 krijgen
301.497 673.14 16.681 10.6099 een
321.404 673.14 33.5693 10.6099 termijn
358.222 673.14 15.7133 10.6099 van
377.057 673.14 23.1379 10.6099 twee
403.34 673.14 30.5741 10.6099 weken
437.048 673.14 15.2352 10.6099 om
455.52 673.14 12.1133 10.6099 op
470.755 673.14 12.2227 10.6099 dit

70.824 686.46 53.7523 10.6099 voornemen
127.802 686.46 9.34848 10.6099 te
140.272 686.46 43.776 10.6099 reageren.
187.055 686.46 14.1523 10.6099 De
204.53 686.46 51.744 10.6099 Commissie
259.37 686.46 16.1971 10.6099 kan
278.689 686.46 21.7152 10.6099 deze
303.641 686.46 33.4886 10.6099 termijn
340.333 686.46 12.1774 10.6099 op
355.736 686.46 37.1981 10.6099 verzoek
396.171 686.46 15.7248 10.6099 van
414.994 686.46 23.881 10.6099 ieder
442.101 686.46 15.7248 10.6099 van
461.028 686.46 35.2973 10.6099 partijen

70.824 699.78 40.5754 10.6099 eenmalig
114.606 699.78 18.24 10.6099 met
135.972 699.78 23.161 10.6099 twee
162.339 699.78 30.5126 10.6099 weken
195.954 699.78 47.664 10.6099 verlengen.
246.825 699.78 16.9267 10.6099 Een
266.958 699.78 31.9334 10.6099 reactie
302.017 699.78 13.7933 10.6099 die
319.04 699.78 29.1667 10.6099 buiten
351.413 699.78 11.3952 10.6099 de
365.945 699.78 33.6154 10.6099 termijn
402.652 699.78 28.9229 10.6099 wordt
434.677 699.78 50.4173 10.6099 ontvangen,
488.197 699.78 20.0544 10.6099 blijft

70.824 713.22 29.1571 10.6099 buiten
103.207 713.22 62.519 10.6099 beschouwing,
168.951 713.22 24.8486 10.6099 tenzij
197.026 713.22 11.3933 10.6099 de
211.73 713.22 51.5866 10.6099 Commissie
266.57 713.22 68.6362 10.6099 zwaarwegende
338.443 713.22 38.7533 10.6099 gronden
380.307 713.22 41.6448 10.6099 aanwezig
425.051 713.22 19.4342 10.6099 acht
447.722 713.22 15.1142 10.6099 het
466.073 713.22 19.4342 10.6099 stuk
488.733 713.22 21.001 10.6099 toch

70.824 726.54 15.7133 10.6099 toe
89.7744 726.54 9.35424 10.6099 te
102.366 726.54 24.9638 10.6099 laten.

513.36 37.56 11.2373 11.04 15

70.824 86.2597 19.8029 10.6099 40.5
93.8525 86.2597 34.7904 10.6099 Herstel
131.753 86.2597 9.23904 10.6099 of
144.218 86.2597 53.3473 10.6099 verbetering
200.791 86.2597 43.4304 10.6099 geschiedt
247.332 86.2597 23.1984 10.6099 door
273.756 86.2597 16.681 10.6099 een
293.662 86.2597 53.0907 10.6099 schriftelijke
349.978 86.2597 52.7962 10.6099 mededeling
406.06 86.2597 15.7248 10.6099 van
424.895 86.2597 11.3933 10.6099 de
439.42 86.2597 51.744 10.6099 Commissie
494.26 86.2597 15.6 10.6099 aan

70.824 99.5797 37.9238 10.6099 partijen.
111.98 99.5797 15.241 10.6099 Op
130.343 99.5797 11.3933 10.6099 de
144.973 99.5797 42.1171 10.6099 uitspraak
190.212 99.5797 15.7248 10.6099 zelf
209.14 99.5797 12.2458 10.6099 zal
224.646 99.5797 16.7962 10.6099 een
244.552 99.5797 54.8352 10.6099 aantekening
302.613 99.5797 36.2304 10.6099 worden
342.08 99.5797 40.5504 10.6099 geplaatst
385.868 99.5797 21.4848 10.6099 over
410.452 99.5797 15.1142 10.6099 het
428.688 99.5797 32.1523 10.6099 herstel
464.077 99.5797 9.23904 10.6099 of
476.438 99.5797 11.3933 10.6099 de

70.824 112.9 56.016 10.6099 verbetering.
130.089 112.9 35.3952 10.6099 Partijen
168.721 112.9 35.7523 10.6099 moeten
207.71 112.9 18.2246 10.6099 met
229.184 112.9 14.5152 10.6099 dat
246.936 112.9 20.2579 10.6099 doel
270.327 112.9 17.2685 10.6099 hun
290.833 112.9 48.2112 10.6099 exemplaar
342.293 112.9 15.7133 10.6099 van
361.128 112.9 11.3875 10.6099 de
375.753 112.9 42.0941 10.6099 uitspraak
421.084 112.9 54.3283 10.6099 terugsturen
478.661 112.9 20.039 10.6099 naar

70.824 126.34 23.8954 10.6099 Kifid.

70.824 139.66 19.8029 10.6099 40.6
93.8525 139.66 14.1581 10.6099 De
111.236 139.66 51.5981 10.6099 Commissie
166.06 139.66 16.0819 10.6099 kan
185.367 139.66 12.0038 10.6099 op
200.597 139.66 16.7962 10.6099 een
220.63 139.66 23.04 10.6099 door
246.896 139.66 16.7962 10.6099 een
266.802 139.66 24.1229 10.6099 partij
294.151 139.66 30.9542 10.6099 binnen
328.331 139.66 16.7962 10.6099 een
348.364 139.66 30.24 10.6099 maand
381.841 139.66 10.679 10.6099 na
395.63 139.66 11.3933 10.6099 de
410.261 139.66 66.1133 10.6099 verzenddatum
479.611 139.66 15.7248 10.6099 van
498.435 139.66 11.3933 10.6099 de

70.824 152.98 42.2323 10.6099 uitspraak
116.293 152.98 48.361 10.6099 Schriftelijk
167.857 152.98 31.8182 10.6099 gedaan
202.901 152.98 37.3248 10.6099 verzoek
243.336 152.98 20.16 10.6099 haar
266.722 152.98 42.1171 10.6099 uitspraak
311.949 152.98 45.2506 10.6099 aanvullen,
360.402 152.98 27.8669 10.6099 indien
391.495 152.98 9.8496 10.6099 zij
404.547 152.98 42.7507 10.6099 verzuimd
450.523 152.98 23.5123 10.6099 heeft
477.273 152.98 9.23904 10.6099 te

70.824 166.3 40.9075 10.6099 beslissen
114.969 166.3 21.4848 10.6099 over
139.552 166.3 16.7962 10.6099 een
159.586 166.3 47.2781 10.6099 onderdeel
210.17 166.3 15.7248 10.6099 van
229.097 166.3 15.1373 10.6099 het
247.345 166.3 56.16 10.6099 gevorderde.
306.742 166.3 14.0429 10.6099 De
324.011 166.3 25.1942 10.6099 leden
352.442 166.3 8.28288 10.6099 2,
363.91 166.3 5.76 10.6099 3
372.896 166.3 11.2781 10.6099 en
387.284 166.3 5.76 10.6099 5
396.27 166.3 15.7248 10.6099 van
415.093 166.3 12.3228 10.6099 dit
430.653 166.3 29.2838 10.6099 artikel
463.163 166.3 15.6096 10.6099 zijn
481.975 166.3 15.7248 10.6099 van

70.824 179.62 80.2848 10.6099 overeenkomstige
154.21 179.62 50.8819 10.6099 toepassing.

70.824 206.26 27.4867 10.6099 Artikel
101.532 206.26 12.0094 10.6099 41
116.78 206.26 26.7725 10.6099 Hoger
146.651 206.26 29.9059 10.6099 beroep

70.824 219.7 19.8029 10.6099 41.1
93.8525 219.7 28.6733 10.6099 Tegen
125.648 219.7 48.5914 10.6099 uitspraken
177.349 219.7 15.7248 10.6099 van
196.173 219.7 11.3933 10.6099 de
210.804 219.7 51.5866 10.6099 Commissie
265.627 219.7 21.8304 10.6099 staat
290.695 219.7 27.0029 10.6099 hoger
320.923 219.7 33.4771 10.6099 beroep
357.626 219.7 23.2819 10.6099 open
384.133 219.7 8.28288 10.6099 in
395.538 219.7 11.3933 10.6099 de
410.169 219.7 36.599 10.6099 gevallen
449.993 219.7 40.9306 10.6099 voorzien
494.126 219.7 8.28288 10.6099 in
505.543 219.7 11.2781 10.6099 en

70.824 233.02 12.119 10.6099 op
86.1686 233.02 11.3933 10.6099 de
100.799 233.02 23.6506 10.6099 wijze
127.548 233.02 39.3523 10.6099 geregeld
170.011 233.02 8.28288 10.6099 in
181.52 233.02 14.999 10.6099 het
199.756 233.02 49.4323 10.6099 Reglement
252.299 233.02 15.7248 10.6099 van
271.226 233.02 36.6336 10.6099 Beroep.

70.824 246.34 19.8029 10.6099 41.2
93.8525 246.34 14.6419 10.6099 Als
111.72 246.34 11.3933 10.6099 de
126.224 246.34 51.5981 10.6099 Commissie
181.047 246.34 16.681 10.6099 een
200.954 246.34 42.5894 10.6099 bindende
246.665 246.34 42.2323 10.6099 uitspraak
292.008 246.34 23.3971 10.6099 heeft
318.642 246.34 31.9104 10.6099 gedaan
353.686 246.34 16.1971 10.6099 kan
373.27 246.34 11.3981 10.6099 de
387.778 246.34 45.4925 10.6099 Financiële
436.358 246.34 69.5646 10.6099 dienstverlener,
509.022 246.34 11.8771 10.6099 als

70.824 259.69 46.8038 10.6099 alternatief
120.832 259.69 22.3286 10.6099 voor
146.296 259.69 27.1219 10.6099 hoger
176.519 259.69 33.3552 10.6099 beroep
213.102 259.69 10.8077 10.6099 bij
227.114 259.69 11.3942 10.6099 de
241.644 259.69 51.721 10.6099 Commissie
296.465 259.69 15.7267 10.6099 van
315.293 259.69 36.7315 10.6099 Beroep,
355.229 259.69 11.3942 10.6099 de
369.758 259.69 29.6458 10.6099 Klacht
402.505 259.69 31.0858 10.6099 binnen
436.692 259.69 23.1581 10.6099 twee
463.077 259.69 41.5123 10.6099 maanden
507.817 259.69 10.68 10.6099 na

70.824 273.01 44.8781 10.6099 ontvangst
118.93 273.01 15.7267 10.6099 van
137.757 273.01 15.1162 10.6099 het
156.101 273.01 36.9504 10.6099 bindend
196.164 273.01 28.321 10.6099 advies
227.712 273.01 8.28384 10.6099 in
239.097 273.01 21.9725 10.6099 volle
264.274 273.01 35.7859 10.6099 omvang
303.287 273.01 11.279 10.6099 en
317.678 273.01 18.2381 10.6099 met
339.144 273.01 59.5248 10.6099 terzijdelating
402.1 273.01 15.7248 10.6099 van
420.924 273.01 15.1142 10.6099 het
439.148 273.01 37.0714 10.6099 bindend
479.457 273.01 28.201 10.6099 advies

70.824 286.33 15.5981 10.6099 aan
89.6477 286.33 11.3933 10.6099 de
104.278 286.33 49.559 10.6099 burgerlijke
157.04 286.33 34.7098 10.6099 rechter
194.86 286.33 54.0058 10.6099 voorleggen,
252.068 286.33 27.8669 10.6099 indien
283.172 286.33 15.1142 10.6099 het
301.397 286.33 16.681 10.6099 een
321.303 286.33 29.641 10.6099 Klacht
354.17 286.33 31.7952 10.6099 betreft
389.202 286.33 38.281 10.6099 waarvan
430.78 286.33 11.3981 10.6099 de
445.404 286.33 45.4925 10.6099 Financiële

70.824 299.65 66.9542 10.6099 dienstverlener
141.02 299.65 20.0448 10.6099 naar
164.29 299.65 15.1142 10.6099 het
182.515 299.65 36.599 10.6099 oordeel
222.351 299.65 15.7248 10.6099 van
241.186 299.65 11.3933 10.6099 de
255.817 299.65 49.559 10.6099 burgerlijke
308.498 299.65 34.8019 10.6099 rechter
346.525 299.65 54.2362 10.6099 aannemelijk
403.987 299.65 27.959 10.6099 maakt
435.183 299.65 14.6304 10.6099 dat
453.051 299.65 11.3933 10.6099 de
467.554 299.65 42.2323 10.6099 uitspraak
512.897 299.65 11.1629 10.6099 zo

70.824 313.09 48.0154 10.6099 principieel
122.042 313.09 24.5952 10.6099 moet
149.771 313.09 36.3571 10.6099 worden
189.134 313.09 32.521 10.6099 geacht,
224.881 313.09 14.6304 10.6099 dat
242.622 313.09 15.1142 10.6099 het
260.973 313.09 40.1749 10.6099 daarmee
304.374 313.09 44.9971 10.6099 gemoeide
352.608 313.09 29.399 10.6099 belang
385.117 313.09 22.3258 10.6099 voor
410.62 313.09 11.3981 10.6099 de
425.244 313.09 45.3658 10.6099 Financiële

70.824 326.41 66.9542 10.6099 dienstverlener
141.02 326.41 9.12384 10.6099 of
153.369 326.41 11.3933 10.6099 de
167.885 326.41 48.2342 10.6099 bedrijfstak
219.356 326.41 8.28288 10.6099 in
230.864 326.41 15.6096 10.6099 zijn
249.573 326.41 63.1181 10.6099 algemeenheid
315.91 326.41 11.3933 10.6099 de
330.54 326.41 25.1942 10.6099 grens
358.845 326.41 15.7248 10.6099 van
377.68 326.41 7.0272 10.6099 €
387.979 326.41 55.1618 10.6099 5.000.000,--
446.38 326.41 12.2381 10.6099 zal

70.824 339.73 66.0221 10.6099 overschrijden.
140.051 339.73 14.159 10.6099 De
157.333 339.73 22.3286 10.6099 voor
182.774 339.73 54.359 10.6099 Consument
240.361 339.73 18.2381 10.6099 met
261.711 339.73 21.7181 10.6099 deze
286.542 339.73 48.841 10.6099 procedure
338.61 339.73 11.279 10.6099 en
353.117 339.73 44.8781 10.6099 eventuele
401.222 339.73 87.1181 10.6099 vervolgprocedures

70.824 353.05 73.5667 10.6099 samenhangende
147.476 353.05 31.4506 10.6099 kosten
182.035 353.05 22.2365 10.6099 voor
207.484 353.05 64.7011 10.6099 rechtsbijstand
275.397 353.05 11.2829 10.6099 en
289.835 353.05 11.3981 10.6099 de
304.445 353.05 63.045 10.6099 proceskosten
370.738 353.05 31.9219 10.6099 komen
405.886 353.05 22.3258 10.6099 voor
431.311 353.05 39.9514 10.6099 rekening
474.499 353.05 15.7248 10.6099 van
493.42 353.05 11.4181 10.6099 de

70.824 366.37 45.4666 10.6099 Financiële
119.533 366.37 69.3994 10.6099 dienstverlener.
192.055 366.37 48.8448 10.6099 Bovendien
244.102 366.37 31.2192 10.6099 betaalt
278.59 366.37 11.3981 10.6099 de
293.098 366.37 45.3658 10.6099 Financiële
341.667 366.37 66.8621 10.6099 dienstverlener
411.82 366.37 42.0019 10.6099 ongeacht
457.048 366.37 11.3933 10.6099 de
471.678 366.37 42.1171 10.6099 uitspraak

70.824 379.69 15.7248 10.6099 van
89.7514 379.69 11.4163 10.6099 de
104.393 379.69 49.5706 10.6099 burgerlijke
157.166 379.69 34.7098 10.6099 rechter
194.987 379.69 11.3933 10.6099 de
209.617 379.69 23.1552 10.6099 door
235.883 379.69 11.3933 10.6099 de
250.398 379.69 51.7133 10.6099 Commissie
305.221 379.69 15.4829 10.6099 aan
323.93 379.69 54.4666 10.6099 Consument
381.518 379.69 8.28288 10.6099 in
393.027 379.69 11.2781 10.6099 de
407.531 379.69 42.1171 10.6099 uitspraak
452.873 379.69 15.7248 10.6099 van
471.801 379.69 11.3126 10.6099 de

70.824 393.01 51.744 10.6099 Commissie
125.778 393.01 54.2592 10.6099 toegekende
183.109 393.01 53.4682 10.6099 vergoeding,
239.788 393.01 19.6974 10.6099 mits
262.596 393.01 54.2362 10.6099 Consument
320.069 393.01 29.7562 10.6099 bereid
353.062 393.01 6.95808 10.6099 is
363.131 393.01 8.28288 10.6099 in
374.639 393.01 11.3933 10.6099 de
389.143 393.01 48.119 10.6099 genoemde
440.487 393.01 60.8371 10.6099 procedure(s)
504.435 393.01 11.8771 10.6099 als

70.824 406.33 24.1229 10.6099 partij
98.1725 406.33 12.119 10.6099 op
113.517 406.33 9.35424 10.6099 te
125.982 406.33 33.5923 10.6099 treden.
162.684 406.33 7.3152 10.6099 Is
173.237 406.33 54.2362 10.6099 Consument
230.71 406.33 35.8733 10.6099 daartoe
269.809 406.33 17.6371 10.6099 niet
290.556 406.33 32.1638 10.6099 bereid,
325.946 406.33 16.5542 10.6099 dan
345.737 406.33 28.7885 10.6099 wordt
377.763 406.33 15.3333 10.6099 het
396.207 406.33 28.3162 10.6099 advies
427.633 406.33 29.8829 10.6099 geacht
460.742 406.33 17.6371 10.6099 niet
481.66 406.33 36.9446 10.6099 bindend

70.824 419.77 9.35424 10.6099 te
83.4154 419.77 15.6096 10.6099 zijn
102.228 419.77 11.2781 10.6099 en
116.639 419.77 6.95808 10.6099 is
126.86 419.77 11.3981 10.6099 de
141.368 419.77 45.4925 10.6099 Financiële
189.971 419.77 66.9542 10.6099 dienstverlener
260.21 419.77 17.5104 10.6099 niet
280.958 419.77 45.3542 10.6099 gehouden
329.549 419.77 11.3933 10.6099 de
344.179 419.77 42.1171 10.6099 uitspraak
389.534 419.77 15.5981 10.6099 van
408.357 419.77 11.3933 10.6099 de
422.861 419.77 51.5981 10.6099 Commissie
477.696 419.77 35.159 10.6099 gestand

70.824 433.11 9.35424 10.6099 te
83.4154 433.11 26.0352 10.6099 doen.

70.824 446.43 19.8029 10.6099 41.3
93.8525 446.43 14.1581 10.6099 De
111.236 446.43 49.2019 10.6099 Voorzitter
163.664 446.43 16.0819 10.6099 kan
182.971 446.43 12.0038 10.6099 op
198.201 446.43 37.3248 10.6099 verzoek
238.728 446.43 15.6326 10.6099 van
257.586 446.43 16.7962 10.6099 een
277.493 446.43 24.1229 10.6099 partij
304.841 446.43 31.7952 10.6099 gedaan
339.874 446.43 31.081 10.6099 binnen
374.065 446.43 18.4781 10.6099 drie
395.769 446.43 41.3914 10.6099 maanden
440.386 446.43 10.679 10.6099 na
454.29 446.43 15.1142 10.6099 het
472.515 446.43 26.761 10.6099 geven
502.501 446.43 15.5981 10.6099 van

70.824 459.75 16.7962 10.6099 een
90.8573 459.75 42.5894 10.6099 bindende
136.569 459.75 42.2323 10.6099 uitspraak
181.911 459.75 48.1075 10.6099 waartegen
233.256 459.75 21.7152 10.6099 geen
258.082 459.75 33.4771 10.6099 beroep
294.669 459.75 47.7504 10.6099 openstaat,
345.657 459.75 45.7229 10.6099 daartegen
394.605 459.75 21.001 10.6099 toch
418.716 459.75 27.0029 10.6099 hoger
448.945 459.75 33.4771 10.6099 beroep

70.824 473.07 53.52 10.6099 openstellen
127.572 473.07 10.8077 10.6099 bij
141.48 473.07 11.3942 10.6099 de
156.113 473.07 51.479 10.6099 Commissie
210.831 473.07 15.7267 10.6099 van
229.763 473.07 36.6278 10.6099 Beroep.
269.595 473.07 17.3971 10.6099 Dat
290.139 473.07 16.199 10.6099 kan
309.462 473.07 26.7658 10.6099 alleen
339.432 473.07 27.9638 10.6099 indien
370.543 473.07 10.8077 10.6099 hij
384.555 473.07 15.7267 10.6099 van
403.428 473.07 36.6048 10.6099 oordeel
443.238 473.07 6.95904 10.6099 is
453.58 473.07 14.6304 10.6099 dat
471.321 473.07 10.08 10.6099 er
484.626 473.07 28.0742 10.6099 goede

70.824 486.39 38.759 10.6099 gronden
112.811 486.39 35.0381 10.6099 bestaan
151.076 486.39 15.2419 10.6099 om
169.419 486.39 15.6 10.6099 aan
188.246 486.39 9.24 10.6099 te
200.714 486.39 31.4419 10.6099 nemen
235.36 486.39 14.5517 10.6099 dat
253.14 486.39 21.7181 10.6099 deze
277.97 486.39 42.1133 10.6099 uitspraak
323.311 486.39 12.12 10.6099 op
338.658 486.39 27.3523 10.6099 grond
369.238 486.39 15.7267 10.6099 van
388.077 486.39 20.1629 10.6099 haar
411.444 486.39 31.9498 10.6099 inhoud
446.622 486.39 9.24 10.6099 of
459.089 486.39 11.3942 10.6099 de
473.596 486.39 23.6544 10.6099 wijze
500.455 486.39 15.7267 10.6099 van

70.824 499.71 72.8678 10.6099 totstandkoming
146.752 499.71 43.1002 10.6099 gebreken
192.867 499.71 41.303 10.6099 vertoont
237.38 499.71 13.9238 10.6099 die
254.399 499.71 57.7498 10.6099 meebrengen
315.163 499.71 14.6381 10.6099 dat
333.012 499.71 9.85728 10.6099 zij
346.114 499.71 12.1229 10.6099 op
361.32 499.71 27.4906 10.6099 grond
391.917 499.71 15.7325 10.6099 van
410.894 499.71 15.8515 10.6099 art.
429.818 499.71 25.4861 10.6099 7:904
458.514 499.71 44.9934 10.6099 Burgerlijk

70.824 513.15 44.519 10.6099 Wetboek
118.58 513.15 60.2035 10.6099 vernietigbaar
182.032 513.15 9.46944 10.6099 is.
194.624 513.15 14.1523 10.6099 De
212.09 513.15 32.0371 10.6099 andere
247.353 513.15 24.1229 10.6099 partij
274.61 513.15 28.9152 10.6099 wordt
306.762 513.15 21.3696 10.6099 over
331.334 513.15 12.2573 10.6099 dit
346.817 513.15 37.245 10.6099 verzoek
387.299 513.15 41.76 10.6099 gehoord.
432.181 513.15 28.6733 10.6099 Tegen
464.092 513.15 16.7962 10.6099 een

70.824 526.47 42.8314 10.6099 beslissing
116.892 526.47 12.119 10.6099 op
132.122 526.47 27.4752 10.6099 grond
162.719 526.47 15.7248 10.6099 van
181.646 526.47 21.623 10.6099 deze
206.495 526.47 37.6819 10.6099 bepaling
247.299 526.47 21.9456 10.6099 staat
272.482 526.47 21.6 10.6099 geen
297.307 526.47 32.521 10.6099 hogere
333.054 526.47 54.1325 10.6099 voorziening
390.274 526.47 25.92 10.6099 open.

70.824 566.43 25.081 10.6099 Deel
99.1306 566.43 8.04096 10.6099 B

70.824 579.75 52.105 10.6099 Inrichting
126.14 579.75 18.5933 10.6099 van
147.97 579.75 13.0752 10.6099 de
164.156 579.75 112.55 10.6099 Geschillencommissie

70.824 606.42 27.4867 10.6099 Artikel
101.54 606.42 12.0019 10.6099 42
116.78 606.42 12.6029 10.6099 De
132.5 606.42 25.7011 10.6099 Leden
161.404 606.42 15.1258 10.6099 van
179.64 606.42 10.4486 10.6099 de
193.25 606.42 87.0451 10.6099 Geschillencommissie

70.824 619.86 19.8029 10.6099 42.1
93.8525 619.86 14.1581 10.6099 De
111.236 619.86 96.4685 10.6099 Geschillencommissie
210.942 619.86 33.2237 10.6099 bestaat
247.287 619.86 12.119 10.6099 uit
262.632 619.86 16.681 10.6099 een
282.539 619.86 23.1552 10.6099 door
308.7 619.86 15.1142 10.6099 het
327.052 619.86 36.3571 10.6099 Bestuur
366.519 619.86 8.28288 10.6099 in
378.028 619.86 34.4448 10.6099 overleg
415.572 619.86 18.121 10.6099 met
436.93 619.86 11.3933 10.6099 de
451.56 619.86 49.1904 10.6099 Voorzitter
503.988 619.86 9.35424 10.6099 te

70.824 633.18 35.7581 10.6099 bepalen
109.808 633.18 26.8762 10.6099 aantal
139.794 633.18 65.8829 10.6099 onafhankelijke
208.903 633.18 30.839 10.6099 Leden,
242.967 633.18 50.6304 10.6099 waaronder
296.72 633.18 16.7962 10.6099 een
316.626 633.18 49.3171 10.6099 Voorzitter
369.065 633.18 11.2781 10.6099 en
383.569 633.18 16.7962 10.6099 een
403.476 633.18 9.23904 10.6099 of
415.94 633.18 24.3648 10.6099 meer
443.531 633.18 72.4954 10.6099 vicevoorzitters.

70.824 646.5 19.8029 10.6099 42.2
93.864 646.5 14.1581 10.6099 De
111.248 646.5 49.2019 10.6099 Voorzitter
163.675 646.5 11.2781 10.6099 en
178.064 646.5 11.3933 10.6099 de
192.579 646.5 69.9725 10.6099 vicevoorzitters
265.754 646.5 30.8621 10.6099 dienen
299.842 646.5 9.35424 10.6099 te
312.203 646.5 37.44 10.6099 voldoen
352.868 646.5 15.5981 10.6099 aan
371.577 646.5 11.3933 10.6099 de
386.207 646.5 79.4824 10.6099 diplomavereisten
468.927 646.5 22.3258 10.6099 voor

70.824 659.82 50.999 10.6099 benoeming
125.049 659.82 11.8771 10.6099 als
140.036 659.82 47.8886 10.6099 rechterlijk
190.92 659.82 51.5981 10.6099 ambtenaar.

70.824 673.14 19.8029 10.6099 42.3
93.8525 673.14 14.1581 10.6099 De
111.236 673.14 50.8838 10.6099 benoeming
165.346 673.14 11.2781 10.6099 en
179.734 673.14 14.999 10.6099 het
197.97 673.14 32.7514 10.6099 ontslag
233.959 673.14 15.5981 10.6099 van
252.782 673.14 11.3933 10.6099 de
267.286 673.14 28.3162 10.6099 Leden
298.839 673.14 15.4829 10.6099 van
317.548 673.14 11.3933 10.6099 de
332.178 673.14 96.6067 10.6099 Geschillencommissie
431.884 673.14 15.6096 10.6099 zijn
450.696 673.14 39.3523 10.6099 geregeld
493.193 673.14 8.28288 10.6099 in
504.702 673.14 11.2781 10.6099 de

70.824 686.46 41.2954 10.6099 Statuten.

70.824 699.78 19.8029 10.6099 42.4
93.8525 699.78 17.0381 10.6099 Een
114.116 699.78 14.0429 10.6099 Lid
131.258 699.78 15.7248 10.6099 van
150.185 699.78 11.3126 10.6099 de
164.724 699.78 96.6067 10.6099 Geschillencommissie
264.533 699.78 14.5382 10.6099 dat
282.308 699.78 17.6371 10.6099 niet
302.952 699.78 28.9152 10.6099 wordt
335.104 699.78 61.92 10.6099 herbenoemd,
400.25 699.78 38.7533 10.6099 behoudt
442.24 699.78 10.679 10.6099 na
456.145 699.78 15.1142 10.6099 het
474.37 699.78 49.6742 10.6099 verstrijken

70.824 713.22 15.7248 10.6099 van
89.7514 713.22 15.6096 10.6099 zijn
108.61 713.22 88.7962 10.6099 benoemingstermijn
200.631 713.22 9.23904 10.6099 of
213.096 713.22 15.6096 10.6099 zijn
231.89 713.22 52.1136 10.6099 defungeren
287.11 713.22 30.9542 10.6099 anders
321.301 713.22 16.5542 10.6099 dan
341.093 713.22 34.3181 10.6099 wegens
378.648 713.22 32.6362 10.6099 ontslag
414.521 713.22 23.04 10.6099 door
440.787 713.22 11.3933 10.6099 de
455.417 713.22 49.0752 10.6099 rechtbank,
507.718 713.22 15.6096 10.6099 zijn

70.824 726.54 31.3229 10.6099 functie
105.372 726.54 18.2362 10.6099 met
126.846 726.54 49.3171 10.6099 betrekking
179.273 726.54 14.0314 10.6099 tot
196.415 726.54 40.919 10.6099 Klachten
240.56 726.54 15.4829 10.6099 aan
259.268 726.54 11.3933 10.6099 de
273.772 726.54 54.72 10.6099 behandeling
331.717 726.54 38.4077 10.6099 waarvan
373.236 726.54 10.8058 10.6099 hij
387.46 726.54 48.8333 10.6099 deelneemt
439.404 726.54 9.23904 10.6099 of
451.9 726.54 23.5123 10.6099 heeft

70.824 739.856 64.6915 10.6099 deelgenomen.

513.36 37.56 11.2373 11.04 16

70.824 86.2597 19.8029 10.6099 42.5
93.8525 86.2597 26.4038 10.6099 Waar
123.459 86.2597 8.28288 10.6099 in
134.875 86.2597 12.2342 10.6099 dit
150.347 86.2597 49.2019 10.6099 Reglement
202.786 86.2597 30.7123 10.6099 sprake
236.735 86.2597 6.83136 10.6099 is
246.804 86.2597 15.7248 10.6099 van
265.627 86.2597 11.3933 10.6099 de
280.258 86.2597 51.5981 10.6099 Voorzitter,
335.093 86.2597 16.1971 10.6099 kan
354.516 86.2597 12.0038 10.6099 op
369.745 86.2597 15.6096 10.6099 zijn
388.557 86.2597 44.9165 10.6099 aanwijzen
436.78 86.2597 18.2362 10.6099 ook
458.253 86.2597 16.7962 10.6099 een
478.16 86.2597 16.5658 10.6099 Lid,
498 86.2597 9.23904 10.6099 of
510.349 86.2597 10.8058 10.6099 bij

70.824 99.5797 15.6096 10.6099 zijn
89.6362 99.5797 57.6 10.6099 ontstentenis
150.358 99.5797 18.2362 10.6099 ook
171.705 99.5797 16.7962 10.6099 een
191.69 99.5797 67.417 10.6099 Vicevoorzitter
262.361 99.5797 45.5731 10.6099 optreden.
311.085 99.5797 11.5258 10.6099 Bij
325.831 99.5797 53.4931 10.6099 afwezigheid
382.475 99.5797 15.719 10.6099 van
401.425 99.5797 27.4752 10.6099 zowel
431.901 99.5797 11.3904 10.6099 de
446.534 99.5797 49.2912 10.6099 Voorzitter
498.965 99.5797 11.8714 10.6099 als

70.824 112.9 16.8 10.6099 een
90.864 112.9 69.937 10.6099 Vicevoorzitter,
163.94 112.9 16.1914 10.6099 kan
183.259 112.9 14.9933 10.6099 het
201.495 112.9 63.9898 10.6099 langstzittende
268.724 112.9 14.0448 10.6099 Lid
285.87 112.9 14.6323 10.6099 dat
303.741 112.9 15.4848 10.6099 aan
322.454 112.9 11.3942 10.6099 de
337.087 112.9 97.799 10.6099 benoemingsvereisten
438.113 112.9 14.0333 10.6099 tot
455.386 112.9 49.2106 10.6099 Voorzitter

70.824 126.34 35.5162 10.6099 voldoet
109.577 126.34 11.8771 10.6099 als
124.58 126.34 49.3267 10.6099 Voorzitter
177.008 126.34 45.6038 10.6099 optreden.

70.824 139.66 19.8029 10.6099 42.6
93.8525 139.66 14.1581 10.6099 De
111.236 139.66 47.2781 10.6099 voorzitter
161.74 139.66 15.7248 10.6099 van
180.564 139.66 11.3933 10.6099 de
195.067 139.66 51.7133 10.6099 Commissie
249.891 139.66 13.9162 10.6099 die
267.044 139.66 16.7962 10.6099 een
286.951 139.66 29.5142 10.6099 Klacht
319.702 139.66 47.9923 10.6099 behandelt,
370.805 139.66 29.8714 10.6099 oefent
403.81 139.66 11.3933 10.6099 de
418.44 139.66 25.4362 10.6099 taken
447.102 139.66 15.7248 10.6099 van
466.029 139.66 11.4163 10.6099 de

70.824 152.98 49.3344 10.6099 Voorzitter
123.365 152.98 12.1229 10.6099 uit
138.613 152.98 22.3315 10.6099 voor
164.151 152.98 26.1811 10.6099 zover
193.447 152.98 13.92 10.6099 die
210.573 152.98 25.5821 10.6099 taken
239.269 152.98 12.121 10.6099 op
254.597 152.98 11.4182 10.6099 de
269.129 152.98 54.7162 10.6099 behandeling
327.052 152.98 15.7286 10.6099 van
346.033 152.98 13.92 10.6099 die
363.056 152.98 29.6506 10.6099 Klacht
395.809 152.98 49.4862 10.6099 betrekking
448.521 152.98 36.599 10.6099 hebben.

70.824 179.62 27.4867 10.6099 Artikel
101.532 179.62 12.0019 10.6099 43
116.78 179.62 21.9571 10.6099 Taak
141.848 179.62 10.4486 10.6099 en
155.499 179.62 61.367 10.6099 bevoegdheden
220.068 179.62 87.0451 10.6099 Geschillencommissie

70.824 192.94 19.8029 10.6099 43.1
93.8525 192.94 14.1581 10.6099 De
111.236 192.94 96.4685 10.6099 Geschillencommissie
210.942 192.94 45.4694 10.6099 behandelt
259.533 192.94 11.2781 10.6099 en
274.037 192.94 28.9152 10.6099 beslist
306.189 192.94 21.3696 10.6099 over
330.761 192.94 40.9421 10.6099 Klachten
374.802 192.94 15.7248 10.6099 van
393.73 192.94 49.225 10.6099 individuele
446.18 192.94 65.641 10.6099 Consumenten

70.824 206.26 25.5667 10.6099 tegen
99.624 206.26 45.4666 10.6099 Financiële
148.218 206.26 73.8346 10.6099 dienstverleners,
225.278 206.26 27.959 10.6099 indien
256.348 206.26 12.119 10.6099 op
271.693 206.26 15.1142 10.6099 het
289.917 206.26 52.0819 10.6099 onderwerp
345.202 206.26 15.7248 10.6099 van
364.187 206.26 13.801 10.6099 die
381.213 206.26 29.641 10.6099 Klacht
413.965 206.26 53.8675 10.6099 Nederlands
471.069 206.26 24.7219 10.6099 recht
498.89 206.26 15.7248 10.6099 van

70.824 219.7 48.4723 10.6099 toepassing
122.533 219.7 9.48096 10.6099 is.
135.125 219.7 12.4877 10.6099 Zij
150.815 219.7 16.1971 10.6099 kan
170.146 219.7 18.2362 10.6099 ook
191.388 219.7 16.7962 10.6099 een
211.422 219.7 47.0477 10.6099 minnelijke
261.568 219.7 36.3407 10.6099 regeling
301.135 219.7 29.5142 10.6099 tussen
333.886 219.7 35.401 10.6099 partijen
372.397 219.7 57.001 10.6099 bevorderen.

70.824 233.02 19.8029 10.6099 43.2
93.8525 233.02 14.1581 10.6099 De
111.236 233.02 96.4685 10.6099 Geschillencommissie
210.942 233.02 51.7133 10.6099 beoordeelt
265.892 233.02 16.7962 10.6099 een
285.799 233.02 29.5142 10.6099 Klacht
318.55 233.02 20.16 10.6099 naar
341.936 233.02 53.8675 10.6099 Nederlands
398.925 233.02 27.2448 10.6099 recht.
429.28 233.02 33.8458 10.6099 Daarbij
466.329 233.02 27.6134 10.6099 houdt
497.052 233.02 9.8496 10.6099 zij

70.824 246.34 28.0742 10.6099 onder
102.135 246.34 24.48 10.6099 meer
129.726 246.34 40.0781 10.6099 rekening
172.914 246.34 18.2362 10.6099 met
194.261 246.34 23.1552 10.6099 door
220.653 246.34 11.3933 10.6099 de
235.157 246.34 48.2342 10.6099 betrokken
286.75 246.34 45.3658 10.6099 Financiële
335.318 246.34 66.8621 10.6099 dienstverlener
405.46 246.34 69.6038 10.6099 onderschreven

70.824 259.69 62.3835 10.6099 gedragscodes
136.329 259.69 11.2781 10.6099 en
150.833 259.69 32.0371 10.6099 andere
186.096 259.69 36 10.6099 vormen
225.321 259.69 15.7248 10.6099 van
244.249 259.69 64.7194 10.6099 zelfregulering,
311.963 259.69 22.3258 10.6099 voor
337.63 259.69 26.2886 10.6099 zover
367.029 259.69 13.9162 10.6099 die
384.182 259.69 20.16 10.6099 naar
407.453 259.69 53.879 10.6099 Nederlands
464.569 259.69 24.7219 10.6099 recht

70.824 273.01 58.3229 10.6099 doorwerken
132.359 273.01 8.28768 10.6099 in
143.755 273.01 11.3981 10.6099 de
158.412 273.01 51.8486 10.6099 verhouding
213.472 273.01 29.7686 10.6099 tussen
246.338 273.01 54.3898 10.6099 Consument
303.94 273.01 11.1907 10.6099 en
318.43 273.01 11.3981 10.6099 de
333.054 273.01 45.3542 10.6099 Financiële
381.634 273.01 69.3094 10.6099 dienstverlener.

70.824 286.33 19.8029 10.6099 43.3
93.8525 286.33 28.3162 10.6099 Indien
125.406 286.33 16.681 10.6099 een
145.312 286.33 29.641 10.6099 Klacht
178.064 286.33 49.3171 10.6099 betrekking
230.606 286.33 23.5123 10.6099 heeft
257.229 286.33 12.119 10.6099 op
272.574 286.33 16.7962 10.6099 een
292.48 286.33 45.3658 10.6099 Financiële
341.049 286.33 61.3325 10.6099 onderneming
405.607 286.33 13.9162 10.6099 die
422.633 286.33 21.6 10.6099 geen
447.7 286.33 14.5267 10.6099 (bij
465.429 286.33 21.3581 10.6099 Kifid

70.824 299.65 58.1981 10.6099 aangesloten)
132.26 299.65 45.3658 10.6099 Financiële
180.828 299.65 66.8506 10.6099 dienstverlener
250.97 299.65 9.48096 10.6099 is,
263.561 299.65 16.1971 10.6099 kan
282.984 299.65 11.2781 10.6099 de
297.488 299.65 96.6067 10.6099 Geschillencommissie
397.205 299.65 11.3933 10.6099 de
411.835 299.65 22.5677 10.6099 zaak,
437.629 299.65 19.6762 10.6099 mits
460.542 299.65 21.7152 10.6099 deze

70.824 313.09 44.6477 10.6099 overigens
118.676 313.09 53.544 10.6099 kwalificeert
175.448 313.09 11.879 10.6099 als
190.335 313.09 16.7981 10.6099 een
210.361 313.09 29.6458 10.6099 Klacht
243.211 313.09 8.19168 10.6099 in
254.63 313.09 11.3942 10.6099 de
269.148 313.09 13.0886 10.6099 zin
285.442 313.09 15.7267 10.6099 van
304.292 313.09 12.121 10.6099 dit
319.641 313.09 51.9638 10.6099 Reglement,
374.705 313.09 17.04 10.6099 wat
394.973 313.09 21.6029 10.6099 deze
419.803 313.09 61.319 10.6099 onderneming
484.327 313.09 31.824 10.6099 betreft

70.824 326.41 8.28288 10.6099 in
82.3325 326.41 54.8352 10.6099 behandeling
140.278 326.41 31.4381 10.6099 nemen
174.942 326.41 27.7171 10.6099 indien
205.884 326.41 11.3933 10.6099 de
220.515 326.41 61.321 10.6099 onderneming
285.061 326.41 17.9942 10.6099 zich
306.281 326.41 23.04 10.6099 door
332.547 326.41 67.3229 10.6099 ondertekening
403.095 326.41 15.7248 10.6099 van
421.919 326.41 16.9038 10.6099 een
442.048 326.41 59.2819 10.6099 afzonderlijke

70.824 339.73 45.8208 10.6099 verklaring
119.882 339.73 23.4893 10.6099 heeft
146.516 339.73 64.1664 10.6099 onderworpen
213.931 339.73 15.5866 10.6099 aan
232.755 339.73 11.2723 10.6099 de
247.253 339.73 58.5331 10.6099 bevoegdheid
308.919 339.73 15.7133 10.6099 van
327.87 339.73 11.3875 10.6099 de
342.494 339.73 98.9741 10.6099 Geschillencommissie.
444.706 339.73 8.63424 10.6099 In
456.577 339.73 14.6189 10.6099 dat
474.329 339.73 22.9018 10.6099 geval
500.48 339.73 23.3856 10.6099 dient

70.824 353.05 11.3933 10.6099 de
85.4544 353.05 61.321 10.6099 onderneming
150.001 353.05 11.3933 10.6099 de
164.505 353.05 9.35424 10.6099 te
177.096 353.05 30.4819 10.6099 maken
210.815 353.05 31.4266 10.6099 kosten
245.45 353.05 15.7248 10.6099 van
264.377 353.05 54.6278 10.6099 behandeling
322.231 353.05 15.7248 10.6099 van
341.158 353.05 11.4163 10.6099 de
355.685 353.05 29.641 10.6099 Klacht
388.54 353.05 9.35424 10.6099 te
401.131 353.05 39.8362 10.6099 voldoen.
444.193 353.05 24.2381 10.6099 Voor
471.657 353.05 11.2781 10.6099 de

70.824 366.37 48.4992 10.6099 toepassing
122.533 366.37 15.7325 10.6099 van
141.349 366.37 12.265 10.6099 dit
156.732 366.37 49.3248 10.6099 Reglement
209.268 366.37 22.6867 10.6099 geldt
235.095 366.37 11.3971 10.6099 de
249.703 366.37 48.2765 10.6099 betrokken
301.189 366.37 63.8976 10.6099 onderneming,
368.35 366.37 10.679 10.6099 na
382.139 366.37 67.3229 10.6099 ondertekening
452.688 366.37 15.7248 10.6099 van
471.615 366.37 11.4163 10.6099 de

70.824 379.69 48.3379 10.6099 verklaring,
122.399 379.69 11.8656 10.6099 als
137.42 379.69 11.3981 10.6099 de
152.044 379.69 45.3542 10.6099 Financiële
200.624 379.69 69.5494 10.6099 dienstverlener.

70.824 406.33 27.4867 10.6099 Artikel
101.532 406.33 12.0094 10.6099 44
116.78 406.33 77.5181 10.6099 Onafhankelijkheid
197.524 406.33 87.0106 10.6099 Geschillencommissie

70.824 419.77 19.8 10.6099 44.1
93.864 419.77 14.1581 10.6099 De
111.248 419.77 28.201 10.6099 Leden
142.674 419.77 15.7248 10.6099 van
161.498 419.77 11.3933 10.6099 de
176.128 419.77 96.6067 10.6099 Geschillencommissie
275.95 419.77 37.1981 10.6099 oefenen
316.374 419.77 17.28 10.6099 hun
336.879 419.77 31.3229 10.6099 functie
371.301 419.77 60.2381 10.6099 onafhankelijk
434.765 419.77 11.2781 10.6099 en
449.268 419.77 20.16 10.6099 naar
472.539 419.77 24.2381 10.6099 eigen

70.824 433.11 30.2342 10.6099 inzicht
104.29 433.11 12.1133 10.6099 uit
119.634 433.11 11.2752 10.6099 en
134.026 433.11 52.079 10.6099 aanvaarden
189.221 433.11 21.7066 10.6099 geen
214.17 433.11 48.2054 10.6099 instructies
265.526 433.11 15.8026 10.6099 van
284.555 433.11 16.1971 10.6099 wie
303.977 433.11 16.439 10.6099 dan
323.642 433.11 18.2362 10.6099 ook
345.115 433.11 21.3581 10.6099 over
369.699 433.11 11.3933 10.6099 de
384.203 433.11 51.241 10.6099 uitoefening
438.669 433.11 15.7248 10.6099 van
457.597 433.11 17.28 10.6099 hun
478.01 433.11 33.8458 10.6099 functie.

70.824 446.43 19.8029 10.6099 44.2
93.8525 446.43 17.0381 10.6099 Een
114.116 446.43 14.0429 10.6099 Lid
131.258 446.43 15.7248 10.6099 van
150.185 446.43 11.3126 10.6099 de
164.724 446.43 96.6067 10.6099 Geschillencommissie
264.533 446.43 20.0678 10.6099 stelt
287.826 446.43 15.1142 10.6099 het
305.947 446.43 36.3571 10.6099 Bestuur
345.541 446.43 11.2781 10.6099 en
359.941 446.43 11.3933 10.6099 de
374.572 446.43 49.2019 10.6099 Voorzitter
426.896 446.43 12.119 10.6099 op
442.24 446.43 11.3933 10.6099 de
456.871 446.43 32.6362 10.6099 hoogte
492.744 446.43 15.7248 10.6099 van

70.824 459.75 15.6096 10.6099 zijn
89.6362 459.75 35.7581 10.6099 functies
128.654 459.75 11.1629 10.6099 en
143.043 459.75 63.2333 10.6099 nevenfuncties
209.513 459.75 11.2781 10.6099 en
224.017 459.75 15.7248 10.6099 van
242.841 459.75 15.6096 10.6099 zijn
261.653 459.75 40.585 10.6099 belangen
305.463 459.75 11.1629 10.6099 en
319.852 459.75 33.8342 10.6099 relaties
356.923 459.75 13.801 10.6099 die
373.95 459.75 15.6096 10.6099 zijn
392.67 459.75 80.041 10.6099 onafhankelijkheid
475.936 459.75 8.28288 10.6099 in
487.445 459.75 29.7677 10.6099 gevaar

70.824 473.07 34.0762 10.6099 zouden
108.137 473.07 34.0808 10.6099 kunnen
145.328 473.07 40.32 10.6099 brengen.
188.655 473.07 45.5962 10.6099 Relevante
237.488 473.07 35.6314 10.6099 functies
276.357 473.07 11.2781 10.6099 en
290.757 473.07 63.2333 10.6099 nevenfuncties
357.227 473.07 36.2419 10.6099 worden
396.695 473.07 12.119 10.6099 op
411.924 473.07 11.3933 10.6099 de
426.44 473.07 35.8733 10.6099 website
465.55 473.07 15.7248 10.6099 van
484.385 473.07 21.3581 10.6099 Kifid

70.824 486.39 59.2925 10.6099 gepubliceerd
133.321 486.39 9.24 10.6099 of
145.685 486.39 20.2781 10.6099 daar
169.087 486.39 23.1581 10.6099 door
195.357 486.39 16.7981 10.6099 een
215.383 486.39 46.4688 10.6099 verwijzing
264.929 486.39 47.159 10.6099 eenvoudig
315.201 486.39 55.4448 10.6099 toegankelijk
373.746 486.39 41.041 10.6099 gemaakt.

70.824 513.15 27.4867 10.6099 Artikel
101.54 513.15 12.0019 10.6099 45
116.78 513.15 62.5306 10.6099 Ondersteuning
182.513 513.15 86.9184 10.6099 Geschillencommissie

70.824 526.47 19.8029 10.6099 45.1
93.8525 526.47 14.1581 10.6099 De
111.26 526.47 96.4685 10.6099 Geschillencommissie
210.966 526.47 28.9606 10.6099 wordt
243.05 526.47 8.28288 10.6099 in
254.558 526.47 11.3933 10.6099 de
269.062 526.47 51.241 10.6099 uitoefening
323.529 526.47 15.7248 10.6099 van
342.55 526.47 20.16 10.6099 haar
365.83 526.47 31.3229 10.6099 functie
400.252 526.47 59.1437 10.6099 ondersteund
462.644 526.47 23.1552 10.6099 door

70.824 539.79 61.92 10.6099 Secretarissen
135.954 539.79 11.1898 10.6099 en
150.354 539.79 23.1667 10.6099 door
176.628 539.79 11.4202 10.6099 de
191.166 539.79 60.1229 10.6099 administratie
254.499 539.79 15.7325 10.6099 van
273.338 539.79 23.9002 10.6099 Kifid.

70.824 553.11 19.8029 10.6099 45.2
93.8525 553.11 17.0381 10.6099 Een
114.116 553.11 46.0685 10.6099 Secretaris
163.422 553.11 23.3971 10.6099 dient
189.941 553.11 16.7962 10.6099 een
209.974 553.11 58.3142 10.6099 academische
271.514 553.11 44.3981 10.6099 juridische
319.138 553.11 41.8761 10.6099 opleiding
364.257 553.11 9.23616 10.6099 te
376.724 553.11 34.0618 10.6099 hebben
413.914 553.11 40.0694 10.6099 genoten.

70.824 566.43 19.8029 10.6099 45.3
93.8525 566.43 14.1581 10.6099 De
111.236 566.43 61.7818 10.6099 Secretarissen
176.14 566.43 31.3229 10.6099 mogen
210.688 566.43 49.2019 10.6099 gedurende
263.116 566.43 11.3933 10.6099 de
277.631 566.43 51.241 10.6099 uitoefening
332.098 566.43 15.7248 10.6099 van
351.025 566.43 17.28 10.6099 hun
371.438 566.43 31.3229 10.6099 functie
405.86 566.43 17.6371 10.6099 niet
426.619 566.43 47.4048 10.6099 werkzaam
477.227 566.43 15.6096 10.6099 zijn
496.085 566.43 22.199 10.6099 voor

70.824 579.75 9.23904 10.6099 of
83.2886 579.75 24.2381 10.6099 enige
110.752 579.75 31.1962 10.6099 functie
145.174 579.75 41.8752 10.6099 bekleden
190.171 579.75 10.8058 10.6099 bij
204.18 579.75 16.8192 10.6099 een
224.224 579.75 87.9552 10.6099 beroepsorganisatie
315.29 579.75 22.3258 10.6099 voor
340.99 579.75 45.3629 10.6099 Financiële
389.584 579.75 73.7186 10.6099 dienstverleners,
466.528 579.75 9.23904 10.6099 of
478.993 579.75 16.681 10.6099 een

70.824 593.07 45.4666 10.6099 Financiële
119.533 593.07 66.8246 10.6099 dienstverlener
189.65 593.07 14.999 10.6099 ten
207.875 593.07 34.2202 10.6099 aanzien
245.297 593.07 15.6326 10.6099 van
264.156 593.07 16.3238 10.6099 wie
283.601 593.07 40.8038 10.6099 Klachten
327.631 593.07 13.9162 10.6099 ter
344.784 593.07 54.72 10.6099 behandeling
402.73 593.07 15.4829 10.6099 aan
421.54 593.07 21.2429 10.6099 Kifid
446.02 593.07 34.0762 10.6099 kunnen
483.333 593.07 36.2304 10.6099 worden

70.824 606.42 54.0864 10.6099 voorgelegd.

70.824 619.86 19.8029 10.6099 45.4
93.8525 619.86 14.1656 10.6099 De
111.244 619.86 61.7818 10.6099 Secretarissen
176.147 619.86 11.2781 10.6099 en
190.547 619.86 11.3933 10.6099 de
205.178 619.86 59.9962 10.6099 administratie
268.49 619.86 15.7248 10.6099 van
287.325 619.86 21.3581 10.6099 Kifid
311.805 619.86 37.341 10.6099 oefenen
352.383 619.86 17.28 10.6099 hun
372.774 619.86 75.7094 10.6099 werkzaamheden
451.72 619.86 12.119 10.6099 uit
467.065 619.86 12.119 10.6099 op

70.824 633.18 46.9411 10.6099 aanwijzing
120.97 633.18 15.7267 10.6099 van
139.82 633.18 11.3942 10.6099 de
154.453 633.18 51.6394 10.6099 Voorzitter.

513.36 37.56 11.2373 11.04 17

70.824 86.2597 95.3741 10.6099 Wrakingsregeling

70.824 99.5797 27.4867 10.6099 Artikel
101.54 99.5797 12.0019 10.6099 46
116.78 99.5797 37.3133 10.6099 Wraking
157.319 99.5797 10.4486 10.6099 en
170.97 99.5797 49.7203 10.6099 verschoning
223.893 99.5797 25.7011 10.6099 Leden
252.82 99.5797 46.103 10.6099 Commissie

70.824 112.9 19.8029 10.6099 46.1
93.8525 112.9 13.801 10.6099 Elk
110.879 112.9 15.9552 10.6099 der
129.945 112.9 35.401 10.6099 partijen
168.456 112.9 6.95808 10.6099 is
178.64 112.9 49.1904 10.6099 gedurende
231.067 112.9 17.6371 10.6099 tien
251.815 112.9 26.9914 10.6099 dagen
281.916 112.9 10.679 10.6099 na
295.821 112.9 54.9504 10.6099 dagtekening
354.009 112.9 15.7248 10.6099 van
372.832 112.9 11.3933 10.6099 de
387.463 112.9 57.9686 10.6099 kennisgeving
448.657 112.9 15.7248 10.6099 van
467.584 112.9 11.4163 10.6099 de

70.824 126.34 61.5744 10.6099 samenstelling
135.611 126.34 15.6192 10.6099 van
154.442 126.34 11.3981 10.6099 de
168.995 126.34 51.625 10.6099 Commissie
223.832 126.34 39.024 10.6099 bevoegd
265.93 126.34 48.5405 10.6099 Schriftelijk
317.59 126.34 58.5658 10.6099 gemotiveerd
379.27 126.34 15.6 10.6099 aan
398.14 126.34 11.2781 10.6099 de
412.644 126.34 96.6067 10.6099 Geschillencommissie

70.824 139.66 25.7933 10.6099 mede
99.8544 139.66 9.35424 10.6099 te
112.446 139.66 25.079 10.6099 delen
140.75 139.66 14.6304 10.6099 dat
158.491 139.66 9.8496 10.6099 zij
171.543 139.66 16.7962 10.6099 een
191.369 139.66 9.23904 10.6099 of
203.834 139.66 24.48 10.6099 meer
231.54 139.66 28.201 10.6099 Leden
262.966 139.66 27.8323 10.6099 wenst
293.909 139.66 9.35424 10.6099 te
306.385 139.66 37.0829 10.6099 wraken.
346.87 139.66 14.1581 10.6099 De
364.254 139.66 96.48 10.6099 Geschillencommissie
464.02 139.66 28.1894 10.6099 stuurt
495.331 139.66 16.7962 10.6099 een

70.824 152.98 36.8486 10.6099 afschrift
110.877 152.98 36.0058 10.6099 daarvan
150.007 152.98 15.6 10.6099 aan
168.719 152.98 11.3942 10.6099 de
183.352 152.98 32.0419 10.6099 andere
218.622 152.98 26.6515 10.6099 partij.
248.45 152.98 13.801 10.6099 Elk
265.477 152.98 15.7248 10.6099 van
284.35 152.98 35.2742 10.6099 partijen
322.85 152.98 6.95808 10.6099 is
333.034 152.98 14.0314 10.6099 tot
350.175 152.98 11.3933 10.6099 de
364.87 152.98 53.5104 10.6099 mondelinge
421.502 152.98 54.72 10.6099 behandeling
479.5 152.98 38.8685 10.6099 bevoegd

70.824 166.3 48.4954 10.6099 Schriftelijk
122.54 166.3 58.439 10.6099 gemotiveerd
184.25 166.3 15.4829 10.6099 aan
202.97 166.3 11.3933 10.6099 de
217.6 166.3 96.48 10.6099 Geschillencommissie
317.35 166.3 19.9181 10.6099 mee
340.494 166.3 9.35424 10.6099 te
352.958 166.3 25.1942 10.6099 delen
381.274 166.3 14.6304 10.6099 dat
399.142 166.3 9.8496 10.6099 zij
412.09 166.3 16.7962 10.6099 een
431.997 166.3 9.23904 10.6099 of
444.462 166.3 24.48 10.6099 meer
472.052 166.3 28.3162 10.6099 Leden

70.824 179.62 27.8323 10.6099 wenst
101.893 179.62 9.35424 10.6099 te
114.485 179.62 34.4333 10.6099 wraken
152.155 179.62 12.119 10.6099 op
167.385 179.62 22.0723 10.6099 basis
192.464 179.62 15.7248 10.6099 van
211.391 179.62 79.5802 10.6099 wrakingsgronden
294.208 179.62 13.9162 10.6099 die
311.23 179.62 56.5162 10.6099 voorafgaand
370.99 179.62 15.4829 10.6099 aan
389.698 179.62 11.3933 10.6099 de
404.202 179.62 53.5219 10.6099 mondelinge
460.95 179.62 54.72 10.6099 behandeling

70.824 192.94 15.6096 10.6099 zijn
89.6362 192.94 54.6163 10.6099 opgekomen
147.363 192.94 10.679 10.6099 na
161.268 192.94 14.999 10.6099 het
179.504 192.94 49.6742 10.6099 verstrijken
232.415 192.94 15.7248 10.6099 van
251.25 192.94 21.8017 10.6099 deze
276.278 192.94 33.4886 10.6099 termijn
312.865 192.94 15.7248 10.6099 van
331.792 192.94 17.6602 10.6099 tien
352.563 192.94 29.5142 10.6099 dagen.

70.824 206.26 19.8029 10.6099 46.2
93.8525 206.26 28.3162 10.6099 Indien
125.291 206.26 12.119 10.6099 op
140.635 206.26 11.3933 10.6099 de
155.139 206.26 53.5219 10.6099 mondelinge
211.886 206.26 54.8352 10.6099 behandeling
269.832 206.26 23.1552 10.6099 door
296.098 206.26 11.3933 10.6099 de
310.613 206.26 51.7133 10.6099 Commissie
365.563 206.26 15.7248 10.6099 van
384.387 206.26 16.7962 10.6099 een
404.42 206.26 68.1523 10.6099 wrakingsgrond
475.81 206.26 25.2058 10.6099 blijkt,
504.114 206.26 16.1971 10.6099 kan

70.824 219.7 15.1142 10.6099 het
89.1754 219.7 37.3248 10.6099 verzoek
129.599 219.7 14.0314 10.6099 tot
146.868 219.7 36.3571 10.6099 wraking
186.45 219.7 12.0038 10.6099 op
201.68 219.7 13.9162 10.6099 die
218.833 219.7 27.36 10.6099 grond
249.43 219.7 30.4704 10.6099 tijdens
283.15 219.7 9.23904 10.6099 of
295.615 219.7 10.679 10.6099 na
309.43 219.7 13.801 10.6099 die
326.457 219.7 53.6563 10.6099 mondelinge
383.212 219.7 54.8352 10.6099 behandeling
441.157 219.7 36.3571 10.6099 worden
480.74 219.7 34.3181 10.6099 gedaan.

70.824 233.02 14.1581 10.6099 De
88.2077 233.02 38.5114 10.6099 redenen
129.829 233.02 22.3258 10.6099 voor
155.358 233.02 11.4163 10.6099 de
169.884 233.02 36.3571 10.6099 wraking
209.57 233.02 13.9162 10.6099 die
226.723 233.02 30.3552 10.6099 tijdens
260.316 233.02 11.3933 10.6099 de
274.819 233.02 53.5219 10.6099 mondelinge
331.567 233.02 54.8352 10.6099 behandeling
389.62 233.02 36.3571 10.6099 worden
428.984 233.02 51.84 10.6099 opgegeven,
484.06 233.02 36.2304 10.6099 worden

70.824 246.34 8.28288 10.6099 in
82.3325 246.34 16.7962 10.6099 een
102.366 246.34 32.279 10.6099 daarop
137.87 246.34 58.7981 10.6099 toegesneden
199.894 246.34 31.9219 10.6099 verslag
235.13 246.34 15.7248 10.6099 van
253.954 246.34 11.3933 10.6099 de
268.469 246.34 53.5611 10.6099 mondelinge
325.267 246.34 54.8352 10.6099 behandeling
383.213 246.34 57.1277 10.6099 opgenomen.
443.62 246.34 14.6419 10.6099 Als
461.488 246.34 11.3933 10.6099 de
475.991 246.34 36.4838 10.6099 wraking

70.824 259.69 34.4333 10.6099 wegens
108.494 259.69 16.7962 10.6099 een
128.401 259.69 30.4704 10.6099 tijdens
162.005 259.69 11.3933 10.6099 de
176.635 259.69 53.5219 10.6099 mondelinge
233.394 259.69 54.7948 10.6099 behandeling
291.415 259.69 20.16 10.6099 naar
314.581 259.69 27.2448 10.6099 voren
345.029 259.69 42.4973 10.6099 gekomen
390.636 259.69 27.2333 10.6099 reden
421.06 259.69 28.7885 10.6099 wordt
453.086 259.69 31.9104 10.6099 gedaan
488.106 259.69 10.679 10.6099 na
502.011 259.69 11.3933 10.6099 de

70.824 273.01 53.6198 10.6099 mondelinge
127.689 273.01 54.7008 10.6099 behandeling
185.69 273.01 16.439 10.6099 dan
205.355 273.01 24.5952 10.6099 moet
233.187 273.01 11.2781 10.6099 de
247.691 273.01 45.8381 10.6099 wrakende
296.766 273.01 24.0077 10.6099 partij
323.999 273.01 12.2342 10.6099 dit
339.47 273.01 48.361 10.6099 Schriftelijk
391.057 273.01 58.3142 10.6099 gemotiveerd
452.608 273.01 15.5981 10.6099 aan
471.58 273.01 11.2781 10.6099 de

70.824 286.33 96.6701 10.6099 Geschillencommissie
170.69 286.33 53.3952 10.6099 mededelen.

70.824 299.65 19.8029 10.6099 46.3
97.104 299.65 13.801 10.6099 Elk
114.015 299.65 15.7248 10.6099 van
132.943 299.65 35.2973 10.6099 partijen
171.466 299.65 6.95808 10.6099 is
181.649 299.65 13.801 10.6099 tot
198.77 299.65 15.1142 10.6099 het
217.121 299.65 48.2342 10.6099 verzenden
268.593 299.65 15.7248 10.6099 van
287.47 299.65 11.3933 10.6099 de
302.1 299.65 42.1171 10.6099 uitspraak
347.455 299.65 38.88 10.6099 bevoegd
389.572 299.65 48.361 10.6099 Schriftelijk
441.22 299.65 58.5658 10.6099 gemotiveerd
502.92 299.65 15.6 10.6099 aan

70.824 313.09 11.3933 10.6099 de
85.4544 313.09 96.5952 10.6099 Geschillencommissie
185.21 313.09 19.9181 10.6099 mee
208.354 313.09 9.35424 10.6099 te
220.945 313.09 25.079 10.6099 delen
249.25 313.09 14.6304 10.6099 dat
266.99 313.09 9.8496 10.6099 zij
280.043 313.09 16.7962 10.6099 een
299.972 313.09 9.12384 10.6099 of
312.322 313.09 24.48 10.6099 meer
340.027 313.09 28.201 10.6099 Leden
371.454 313.09 27.8323 10.6099 wenst
402.397 313.09 9.35424 10.6099 te
414.988 313.09 34.4333 10.6099 wraken
452.658 313.09 12.119 10.6099 op
468.003 313.09 21.9571 10.6099 basis
493.197 313.09 15.7248 10.6099 van
512.28 313.09 10.679 10.6099 na

70.824 326.41 11.3933 10.6099 de
85.4544 326.41 28.201 10.6099 zitting
116.9 326.41 54.4781 10.6099 opgekomen
174.488 326.41 82.0685 10.6099 wrakingsgronden.

70.824 339.73 19.8 10.6099 46.4
93.864 339.73 17.0381 10.6099 Een
114.128 339.73 14.0429 10.6099 Lid
131.269 339.73 15.7248 10.6099 van
150.197 339.73 11.3126 10.6099 de
164.735 339.73 51.5981 10.6099 Commissie
219.57 339.73 16.1971 10.6099 kan
238.889 339.73 36.3571 10.6099 worden
278.472 339.73 42.2323 10.6099 gewraakt
323.941 339.73 12.119 10.6099 op
339.286 339.73 27.36 10.6099 grond
369.883 339.73 15.7248 10.6099 van
388.707 339.73 9.35424 10.6099 te
401.298 339.73 26.8877 10.6099 zijnen
431.285 339.73 34.2029 10.6099 aanzien
468.713 339.73 46.4256 10.6099 bestaande

70.824 353.05 26.0352 10.6099 feiten
100.096 353.05 9.23904 10.6099 of
112.561 353.05 75.721 10.6099 omstandigheden
191.404 353.05 45.8381 10.6099 waardoor
240.468 353.05 15.6096 10.6099 zijn
259.176 353.05 69.12 10.6099 onpartijdigheid
331.533 353.05 9.23904 10.6099 of
343.998 353.05 60.3648 10.6099 onafhankelijk
407.484 353.05 36.599 10.6099 oordeel
447.309 353.05 10.8058 10.6099 bij
461.317 353.05 11.4163 10.6099 de

70.824 366.37 54.8352 10.6099 behandeling
128.896 366.37 15.7248 10.6099 van
147.72 366.37 11.3933 10.6099 de
162.235 366.37 29.641 10.6099 Klacht
194.987 366.37 15.5981 10.6099 aan
213.81 366.37 28.0858 10.6099 twijfel
244.995 366.37 51.84 10.6099 onderhevig
299.945 366.37 16.7962 10.6099 zou
319.967 366.37 34.0762 10.6099 kunnen
357.28 366.37 18.1325 10.6099 zijn.

70.824 379.69 19.8 10.6099 46.5
93.864 379.69 14.1581 10.6099 De
111.248 379.69 54.7371 10.6099 behandeling
169.187 379.69 15.6326 10.6099 van
187.942 379.69 11.3933 10.6099 de
202.572 379.69 20.16 10.6099 zaak
225.958 379.69 28.7885 10.6099 wordt
257.984 379.69 44.7552 10.6099 geschorst
305.976 379.69 28.5466 10.6099 totdat
337.76 379.69 12.119 10.6099 op
353 379.69 15.1142 10.6099 het
371.352 379.69 77.9904 10.6099 wrakingsverzoek
452.579 379.69 6.95808 10.6099 is
462.763 379.69 28.9152 10.6099 beslist
494.915 379.69 13.801 10.6099 en,
511.827 379.69 8.28288 10.6099 in

70.824 393.01 60.2093 10.6099 voorkomend
134.282 393.01 25.3037 10.6099 geval,
162.834 393.01 15.1027 10.6099 het
181.07 393.01 52.7789 10.6099 vervangend
237.086 393.01 14.0314 10.6099 Lid
254.24 393.01 9.23328 10.6099 of
266.71 393.01 11.3875 10.6099 de
281.22 393.01 58.2912 10.6099 vervangende
342.759 393.01 28.2931 10.6099 Leden
374.186 393.01 15.5923 10.6099 zijn
393.015 393.01 58.1875 10.6099 aangewezen.

70.824 406.33 19.8 10.6099 46.6
93.864 406.33 17.0381 10.6099 Een
114.128 406.33 14.0429 10.6099 Lid
131.269 406.33 15.7248 10.6099 van
150.197 406.33 11.3126 10.6099 de
164.735 406.33 51.5981 10.6099 Commissie
219.57 406.33 52.5542 10.6099 verschoont
275.362 406.33 18.1325 10.6099 zich
296.697 406.33 27.7402 10.6099 indien
327.662 406.33 11.3933 10.6099 de
342.293 406.33 29.5142 10.6099 Klacht
375.044 406.33 18.1325 10.6099 zich
396.379 406.33 21.623 10.6099 richt
421.239 406.33 25.4362 10.6099 tegen
449.901 406.33 16.7962 10.6099 een
470.14 406.33 45.3658 10.6099 Financiële

70.824 419.77 66.9773 10.6099 dienstverlener
141.02 419.77 15.4829 10.6099 aan
159.728 419.77 16.3238 10.6099 wie
179.151 419.77 10.8058 10.6099 hij
193.067 419.77 8.28288 10.6099 in
204.576 419.77 11.3933 10.6099 de
219.206 419.77 35.9885 10.6099 periode
258.432 419.77 34.8019 10.6099 waarop
296.333 419.77 11.3933 10.6099 de
310.848 419.77 29.641 10.6099 Klacht
343.714 419.77 49.3171 10.6099 betrekking
396.257 419.77 26.0352 10.6099 heeft,
425.403 419.77 16.439 10.6099 dan
445.067 419.77 16.3238 10.6099 wel
464.594 419.77 8.28288 10.6099 in
476.01 419.77 11.3933 10.6099 de
490.64 419.77 18.4781 10.6099 drie

70.824 433.11 35.9021 10.6099 daaraan
109.938 433.11 61.9382 10.6099 voorafgaande
175.089 433.11 25.5754 10.6099 jaren,
203.876 433.11 50.1965 10.6099 verbonden
257.147 433.11 6.96288 10.6099 is
267.368 433.11 40.4458 10.6099 geweest,
310.933 433.11 9.24384 10.6099 of
323.389 433.11 27.983 10.6099 indien
354.585 433.11 10.8154 10.6099 hij
368.497 433.11 15.7344 10.6099 van
387.478 433.11 36.6163 10.6099 oordeel
427.307 433.11 6.84768 10.6099 is
437.366 433.11 14.64 10.6099 dat
455.265 433.11 9.35904 10.6099 te
467.709 433.11 26.9117 10.6099 zijnen

70.824 446.43 34.2086 10.6099 aanzien
108.237 446.43 26.04 10.6099 feiten
137.412 446.43 9.24 10.6099 of
149.88 446.43 75.7219 10.6099 omstandigheden
228.829 446.43 35.0381 10.6099 bestaan
267.095 446.43 45.7181 10.6099 waardoor
315.914 446.43 15.6125 10.6099 zijn
334.731 446.43 69.145 10.6099 onpartijdigheid
407.26 446.43 9.23904 10.6099 of
419.609 446.43 60.3648 10.6099 onafhankelijk
483.2 446.43 36.599 10.6099 oordeel

70.824 459.75 10.8058 10.6099 bij
84.8323 459.75 11.4163 10.6099 de
99.4742 459.75 54.72 10.6099 behandeling
157.42 459.75 15.7248 10.6099 van
176.244 459.75 11.3933 10.6099 de
190.759 459.75 29.641 10.6099 Klacht
223.625 459.75 15.5981 10.6099 aan
242.345 459.75 28.0858 10.6099 twijfel
273.634 459.75 51.6442 10.6099 onderhevig
328.48 459.75 16.9229 10.6099 zou
348.663 459.75 33.961 10.6099 kunnen
385.85 459.75 18.1325 10.6099 zijn.

70.824 473.07 19.8 10.6099 46.7
93.864 473.07 28.3162 10.6099 Indien
125.302 473.07 11.3933 10.6099 de
139.932 473.07 54.2362 10.6099 Deskundige
197.394 473.07 28.3162 10.6099 Leden
228.948 473.07 23.639 10.6099 allen,
255.812 473.07 23.1552 10.6099 door
282.078 473.07 38.88 10.6099 wraking,
324.183 473.07 55.6877 10.6099 verschoning
382.97 473.07 9.23904 10.6099 of
395.435 473.07 48.361 10.6099 anderszins
447.021 473.07 50.999 10.6099 verhinderd
501.131 473.07 15.6096 10.6099 zijn

70.824 486.39 15.5981 10.6099 aan
89.6477 486.39 11.3933 10.6099 de
104.278 486.39 54.72 10.6099 behandeling
162.224 486.39 15.5981 10.6099 van
181.047 486.39 16.681 10.6099 een
200.954 486.39 29.641 10.6099 Klacht
233.82 486.39 19.319 10.6099 deel
256.365 486.39 9.35424 10.6099 te
268.841 486.39 33.961 10.6099 nemen,
306.028 486.39 16.0819 10.6099 kan
325.335 486.39 11.3933 10.6099 de
339.966 486.39 49.3766 10.6099 Voorzitter
392.579 486.39 41.5181 10.6099 besluiten
437.208 486.39 14.6304 10.6099 dat
455.075 486.39 16.7962 10.6099 een
474.982 486.39 29.641 10.6099 Klacht
507.733 486.39 12.2458 10.6099 zal

70.824 499.71 36.3571 10.6099 worden
110.407 499.71 47.3933 10.6099 behandeld
161.037 499.71 23.04 10.6099 door
187.303 499.71 16.681 10.6099 een
207.209 499.71 51.7133 10.6099 Commissie
262.033 499.71 38.4077 10.6099 waarvan
303.54 499.71 21.6 10.6099 geen
328.365 499.71 48.9485 10.6099 Deskundig
380.436 499.71 14.0429 10.6099 Lid
397.704 499.71 19.319 10.6099 deel
420.249 499.71 42.601 10.6099 uitmaakt.

70.824 513.15 19.8 10.6099 46.8
93.864 513.15 14.6419 10.6099 Als
111.732 513.15 16.7962 10.6099 een
131.638 513.15 37.3248 10.6099 verzoek
172.062 513.15 14.0314 10.6099 tot
189.227 513.15 36.4838 10.6099 wraking
228.913 513.15 28.9382 10.6099 wordt
260.962 513.15 50.6419 10.6099 afgewezen,
314.702 513.15 28.9152 10.6099 wordt
346.855 513.15 11.3933 10.6099 de
361.358 513.15 54.72 10.6099 behandeling
419.304 513.15 15.5981 10.6099 van
438.128 513.15 11.3933 10.6099 de
452.758 513.15 29.641 10.6099 Klacht

70.824 526.47 50.7398 10.6099 voortgezet
124.801 526.47 8.27712 10.6099 in
136.188 526.47 11.3875 10.6099 de
150.813 526.47 24.6989 10.6099 stand
178.761 526.47 30.8218 10.6099 waarin
212.82 526.47 21.6979 10.6099 deze
237.766 526.47 18.1152 10.6099 zich
258.992 526.47 34.2893 10.6099 bevond
296.426 526.47 21.3638 10.6099 toen
321.015 526.47 15.1027 10.6099 het
339.367 526.47 78.3081 10.6099 wrakingsverzoek
420.785 526.47 24.1229 10.6099 werd
448.134 526.47 34.4333 10.6099 gedaan.

70.824 553.11 27.4915 10.6099 Artikel
101.518 553.11 12.0038 10.6099 47
116.78 553.11 12.6029 10.6099 De
132.482 553.11 51.7248 10.6099 behandeling
187.432 553.11 15.0106 10.6099 van
205.645 553.11 15.4944 10.6099 een
224.388 553.11 71.5162 10.6099 wrakingsverzoek

70.824 566.43 19.8029 10.6099 47.1
93.8525 566.43 14.1581 10.6099 De
111.236 566.43 49.2019 10.6099 Voorzitter
163.664 566.43 21.4733 10.6099 wijst
188.259 566.43 12.119 10.6099 uit
203.604 566.43 11.3933 10.6099 de
218.234 566.43 28.201 10.6099 Leden
249.66 566.43 15.7248 10.6099 van
268.484 566.43 11.3933 10.6099 de
283.115 566.43 96.6067 10.6099 Geschillencommissie
383.11 566.43 16.681 10.6099 een
403.017 566.43 48.5254 10.6099 commissie
454.779 566.43 15.7248 10.6099 van
473.614 566.43 18.4781 10.6099 drie
495.318 566.43 28.3162 10.6099 Leden

70.824 579.75 15.5981 10.6099 aan
89.6477 579.75 13.9162 10.6099 die
106.801 579.75 28.9152 10.6099 beslist
138.953 579.75 21.4848 10.6099 over
163.537 579.75 11.3933 10.6099 de
178.167 579.75 38.88 10.6099 wraking.
220.273 579.75 14.6419 10.6099 Als
238.14 579.75 14.999 10.6099 het
256.377 579.75 78.0019 10.6099 wrakingsverzoek
337.604 579.75 49.4323 10.6099 betrekking
390.147 579.75 23.5123 10.6099 heeft
416.77 579.75 12.119 10.6099 op
432.011 579.75 11.3933 10.6099 de
446.641 579.75 51.84 10.6099 Voorzitter,

70.824 593.07 29.5142 10.6099 neemt
103.575 593.07 11.3933 10.6099 de
118.206 593.07 63.8323 10.6099 langstzittende
185.264 593.07 8.28288 10.6099 in
196.645 593.07 53.28 10.6099 aanmerking
253.036 593.07 43.4304 10.6099 komende
299.577 593.07 67.3229 10.6099 Vicevoorzitter
370.125 593.07 9.23904 10.6099 of
382.475 593.07 15.1142 10.6099 het
400.826 593.07 63.8208 10.6099 langstzittende
467.895 593.07 8.28288 10.6099 in

70.824 606.42 53.2886 10.6099 aanmerking
127.317 606.42 43.344 10.6099 komende
173.9 606.42 14.0448 10.6099 Lid
190.942 606.42 21.7181 10.6099 deze
215.888 606.42 19.1952 10.6099 taak
238.207 606.42 25.2096 10.6099 waar.
266.69 606.42 14.1581 10.6099 De
283.958 606.42 15.5981 10.6099 aan
302.782 606.42 9.23904 10.6099 te
315.132 606.42 29.4584 10.6099 wijzen
347.816 606.42 28.3162 10.6099 Leden
379.242 606.42 34.0762 10.6099 kunnen
416.429 606.42 17.6371 10.6099 niet
437.176 606.42 38.8685 10.6099 degenen
479.282 606.42 15.4829 10.6099 zijn
498.12 606.42 12.12 10.6099 op

70.824 619.86 16.3238 10.6099 wie
90.3504 619.86 15.1373 10.6099 het
108.725 619.86 78.1171 10.6099 wrakingsverzoek
189.849 619.86 49.4323 10.6099 betrekking
242.518 619.86 23.3971 10.6099 heeft
269.21 619.86 11.2781 10.6099 en
283.61 619.86 18.2362 10.6099 ook
305.083 619.86 17.5219 10.6099 niet
325.831 619.86 38.8685 10.6099 degenen
367.821 619.86 13.9162 10.6099 die
384.974 619.86 15.6096 10.6099 zijn
403.683 619.86 26.9914 10.6099 belast
433.785 619.86 18.2362 10.6099 met
455.38 619.86 11.3933 10.6099 de

70.824 633.18 55.6762 10.6099 beoordeling
129.737 633.18 15.7248 10.6099 van
148.58 633.18 15.1142 10.6099 het
166.816 633.18 33.1315 10.6099 geschil,
203.21 633.18 30.9658 10.6099 waarin
237.378 633.18 15.1142 10.6099 het
255.638 633.18 78.1171 10.6099 wrakingsverzoek
336.98 633.18 6.95808 10.6099 is
347.164 633.18 34.389 10.6099 gedaan.

70.824 646.5 19.8029 10.6099 47.2
93.8525 646.5 14.1581 10.6099 De
111.236 646.5 49.2019 10.6099 Voorzitter
163.664 646.5 16.0819 10.6099 kan
182.971 646.5 16.681 10.6099 een
202.878 646.5 78.1171 10.6099 wrakingsverzoek
284.232 646.5 11.8771 10.6099 als
299.22 646.5 41.0458 10.6099 kennelijk
343.468 646.5 49.9392 10.6099 ongegrond
396.644 646.5 35.3406 10.6099 terzijde
435.084 646.5 30.1133 10.6099 stellen
468.434 646.5 27.8438 10.6099 indien
499.504 646.5 18.2362 10.6099 ook

70.824 659.82 32.8781 10.6099 zonder
106.928 659.82 18.72 10.6099 enig
128.758 659.82 50.2733 10.6099 onderzoek
182.142 659.82 29.0419 10.6099 buiten
214.409 659.82 28.0858 10.6099 twijfel
245.698 659.82 21.8534 10.6099 staat
270.788 659.82 14.6304 10.6099 dat
288.529 659.82 11.3933 10.6099 de
303.044 659.82 58.7981 10.6099 aangevoerde
365.079 659.82 44.9971 10.6099 bezwaren
413.302 659.82 17.6371 10.6099 niet
433.946 659.82 14.0314 10.6099 tot
451.214 659.82 47.0477 10.6099 toewijzing
501.361 659.82 15.7248 10.6099 van

70.824 673.14 15.1142 10.6099 het
89.1754 673.14 37.3248 10.6099 verzoek
129.599 673.14 34.0762 10.6099 kunnen
166.912 673.14 29.9981 10.6099 leiden.

70.824 686.46 19.8029 10.6099 47.3
93.8525 686.46 14.1581 10.6099 De
111.236 686.46 48.5058 10.6099 commissie
162.979 686.46 13.9162 10.6099 die
180.006 686.46 21.3581 10.6099 over
204.589 686.46 16.7962 10.6099 een
224.623 686.46 78.1171 10.6099 wrakingsverzoek
305.85 686.46 42.9581 10.6099 oordeelt,
352.045 686.46 20.1485 10.6099 stelt
375.316 686.46 35.401 10.6099 partijen
413.827 686.46 11.2781 10.6099 en
428.331 686.46 32.9933 10.6099 degene
464.561 686.46 12.119 10.6099 op
479.906 686.46 16.1971 10.6099 wie
499.328 686.46 15.1142 10.6099 het

70.824 699.78 78.2266 10.6099 wrakingsverzoek
152.18 699.78 49.3171 10.6099 betrekking
204.723 699.78 23.5123 10.6099 heeft
231.472 699.78 8.28288 10.6099 in
242.854 699.78 11.3933 10.6099 de
257.484 699.78 54.2362 10.6099 gelegenheid
314.831 699.78 18.1325 10.6099 zich
336.166 699.78 41.6678 10.6099 daarover
381.059 699.78 48.4877 10.6099 Schriftelijk
432.542 699.78 12.119 10.6099 uit
447.887 699.78 9.35424 10.6099 te
460.478 699.78 25.079 10.6099 laten.
488.668 699.78 28.3162 10.6099 Indien

70.824 713.22 14.6304 10.6099 dat
88.6915 713.22 20.16 10.6099 naar
112.077 713.22 20.0448 10.6099 haar
135.348 713.22 36.599 10.6099 oordeel
175.184 713.22 42.4858 10.6099 wenselijk
220.895 713.22 9.48096 10.6099 is,
233.602 713.22 16.1971 10.6099 kan
252.909 713.22 9.8496 10.6099 zij
265.961 713.22 15.1142 10.6099 het
284.22 713.22 78.1171 10.6099 wrakingsverzoek
365.563 713.22 8.28288 10.6099 in
376.945 713.22 16.7962 10.6099 een
396.978 713.22 50.999 10.6099 hoorzitting
451.203 713.22 55.4342 10.6099 behandelen.

70.824 726.54 36.7258 10.6099 Hiertoe
110.756 726.54 36.3667 10.6099 worden
150.249 726.54 16.5581 10.6099 dan
169.921 726.54 15.4886 10.6099 alle
188.524 726.54 59.6467 10.6099 betrokkenen
251.377 726.54 58.4832 10.6099 opgeroepen.

513.36 37.56 11.2373 11.04 18

70.824 86.2597 19.8 10.6099 47.4
93.864 86.2597 14.1581 10.6099 De
111.26 86.2597 49.2019 10.6099 Voorzitter
163.7 86.2597 20.0333 10.6099 stelt
186.959 86.2597 35.335 10.6099 partijen
225.496 86.2597 8.28288 10.6099 in
237.039 86.2597 29.399 10.6099 kennis
269.664 86.2597 15.7248 10.6099 van
288.488 86.2597 11.3933 10.6099 de
303.118 86.2597 42.7842 10.6099 beslissing
349.139 86.2597 21.4848 10.6099 over
373.723 86.2597 15.1142 10.6099 het
392.074 86.2597 78.0019 10.6099 wrakingsverzoek
473.38 86.2597 13.8029 10.6099 en,
490.42 86.2597 27.8323 10.6099 indien

70.824 99.5797 15.7248 10.6099 van
89.7514 99.5797 51.0106 10.6099 toepassing,
143.872 99.5797 15.7248 10.6099 van
162.708 99.5797 11.3933 10.6099 de
177.338 99.5797 24.3648 10.6099 naam
204.928 99.5797 38.281 10.6099 (namen)
246.435 99.5797 15.5981 10.6099 van
265.259 99.5797 46.1952 10.6099 degene(n)
314.576 99.5797 13.9162 10.6099 die
331.729 99.5797 11.3933 10.6099 de
346.359 99.5797 26.2771 10.6099 plaats
375.874 99.5797 15.7248 10.6099 van
394.697 99.5797 15.1142 10.6099 het
413.049 99.5797 18.72 10.6099 (de)
434.891 99.5797 47.9923 10.6099 gewraakte
486.12 99.5797 14.0429 10.6099 Lid

70.824 112.9 35.7523 10.6099 (Leden)
109.812 112.9 8.28192 10.6099 in
121.317 112.9 11.2771 10.6099 de
135.829 112.9 51.5904 10.6099 Commissie
190.551 112.9 12.2438 10.6099 zal
206.019 112.9 34.3229 10.6099 (zullen)
243.565 112.9 42.1219 10.6099 innemen.

70.824 126.34 19.8 10.6099 47.5
93.864 126.34 28.6733 10.6099 Tegen
125.659 126.34 11.3933 10.6099 de
140.29 126.34 42.7162 10.6099 beslissing
186.243 126.34 21.3696 10.6099 over
210.815 126.34 36.4838 10.6099 wraking
250.559 126.34 16.0819 10.6099 kan
269.867 126.34 21.7152 10.6099 geen
294.692 126.34 38.6381 10.6099 bezwaar
336.556 126.34 36.3571 10.6099 worden
376.023 126.34 38.5114 10.6099 gemaakt
417.645 126.34 9.23904 10.6099 of
430.006 126.34 47.9923 10.6099 zelfstandig
481.236 126.34 33.3619 10.6099 beroep

70.824 139.66 36.3571 10.6099 worden
110.407 139.66 43.3152 10.6099 ingesteld.

70.824 179.62 25.079 10.6099 Deel
99.1286 179.62 8.88192 10.6099 C

70.824 192.94 79.8125 10.6099 Slotbepalingen

70.824 206.26 27.4867 10.6099 Artikel
101.532 206.26 12.0019 10.6099 48
116.78 206.26 42.1286 10.6099 Uitsluiting
162.111 206.26 11.6467 10.6099 als
176.903 206.26 78.6125 10.6099 vertegenwoordiger
258.718 206.26 8.28288 10.6099 of
270.29 206.26 71.3422 10.6099 bijstandsverlener

70.824 219.7 19.8029 10.6099 48.1
93.8525 219.7 14.1581 10.6099 De
111.236 219.7 49.2019 10.6099 Voorzitter
163.664 219.7 16.0819 10.6099 kan
182.971 219.7 16.681 10.6099 een
202.878 219.7 38.7533 10.6099 persoon
244.741 219.7 8.28288 10.6099 in
256.25 219.7 16.7962 10.6099 een
276.156 219.7 35.159 10.6099 bepaald
314.553 219.7 22.9248 10.6099 geval
340.68 219.7 9.23904 10.6099 of
353.064 219.7 8.446 10.6099 in
364.736 219.7 15.1142 10.6099 het
382.96 219.7 43.5571 10.6099 algemeen
429.628 219.7 15.1142 10.6099 het
447.979 219.7 24.7219 10.6099 recht
475.8 219.7 47.3933 10.6099 ontzeggen

70.824 233.02 11.8771 10.6099 als
85.9382 233.02 39.0067 10.6099 verlener
128.148 233.02 15.6326 10.6099 van
147.006 233.02 35.5162 10.6099 bijstand
185.759 233.02 9.12384 10.6099 of
198.108 233.02 89.5219 10.6099 vertegenwoordiger
290.856 233.02 15.7248 10.6099 van
309.576 233.02 65.7446 10.6099 Consumenten
378.454 233.02 9.23904 10.6099 of
391.06 233.02 45.3629 10.6099 Financiële
439.654 233.02 71.257 10.6099 dienstverleners

70.824 246.34 12.119 10.6099 op
86.1686 246.34 9.35424 10.6099 te
98.76 246.34 30.9542 10.6099 treden
132.94 246.34 27.959 10.6099 indien
164.009 246.34 21.7152 10.6099 deze
188.731 246.34 38.7533 10.6099 persoon
230.722 246.34 20.6554 10.6099 zich,
254.464 246.34 18.2362 10.6099 ook
275.938 246.34 10.679 10.6099 na
289.727 246.34 13.9162 10.6099 ter
306.765 246.34 20.759 10.6099 zake
330.75 246.34 9.35424 10.6099 te
343.341 246.34 15.6096 10.6099 zijn
362.05 246.34 70.56 10.6099 gewaarschuwd,
435.835 246.34 47.0362 10.6099 tegenover
485.982 246.34 10.8058 10.6099 bij
499.99 246.34 11.4163 10.6099 de

70.824 259.69 29.641 10.6099 Klacht
103.691 259.69 48.2342 10.6099 betrokken
155.15 259.69 45.9648 10.6099 personen,
204.341 259.69 28.0742 10.6099 onder
235.73 259.69 16.3181 10.6099 wie
255.17 259.69 63.959 10.6099 medewerkers
322.366 259.69 15.7248 10.6099 van
341.294 259.69 23.904 10.6099 Kifid,
368.296 259.69 20.0448 10.6099 blijft
391.544 259.69 41.9098 10.6099 gedragen
436.575 259.69 9.23904 10.6099 of
449.04 259.69 34.6752 10.6099 uitlaten
486.837 259.69 12.119 10.6099 op
502.182 259.69 16.7962 10.6099 een

70.824 273.01 23.6506 10.6099 wijze
97.6771 273.01 13.9162 10.6099 die
114.853 273.01 8.28288 10.6099 in
126.235 273.01 15.1142 10.6099 het
144.587 273.01 72.6106 10.6099 maatschappelijk
220.4 273.01 36.2419 10.6099 verkeer
259.798 273.01 73.0829 10.6099 onaanvaardbaar
336.107 273.01 9.48096 10.6099 is,
348.813 273.01 9.23904 10.6099 of
361.163 273.01 27.959 10.6099 indien
392.244 273.01 15.1142 10.6099 het
410.595 273.01 43.0733 10.6099 optreden
456.905 273.01 15.7248 10.6099 van
475.833 273.01 21.6346 10.6099 deze

70.824 286.33 38.7533 10.6099 persoon
112.814 286.33 15.1142 10.6099 het
131.039 286.33 29.399 10.6099 belang
163.664 286.33 15.5981 10.6099 van
182.487 286.33 11.2781 10.6099 de
196.991 286.33 23.1552 10.6099 door
223.383 286.33 20.0448 10.6099 hem
246.654 286.33 45.5962 10.6099 bijgestane
295.476 286.33 73.2316 10.6099 Consument(en)
371.95 286.33 34.6752 10.6099 schaadt
409.862 286.33 9.23904 10.6099 of
422.212 286.33 27.1181 10.6099 dreigt
452.567 286.33 9.35424 10.6099 te
465.158 286.33 39.721 10.6099 schaden.

70.824 299.65 19.8029 10.6099 48.2
93.8525 299.65 28.3162 10.6099 Indien
125.3 299.65 11.3933 10.6099 de
139.93 299.65 49.1904 10.6099 Voorzitter
192.254 299.65 21.7152 10.6099 deze
217.207 299.65 58.5562 10.6099 bevoegdheid
279 299.65 13.3286 10.6099 wil
295.439 299.65 51.84 10.6099 uitoefenen,
350.504 299.65 20.1485 10.6099 stelt
373.775 299.65 10.8058 10.6099 hij
387.783 299.65 11.4163 10.6099 de
402.31 299.65 48.2342 10.6099 betrokken
453.781 299.65 38.7533 10.6099 persoon
495.645 299.65 13.801 10.6099 en,

70.824 313.09 22.6829 10.6099 waar
96.7325 313.09 15.7248 10.6099 van
115.66 313.09 50.8954 10.6099 toepassing,
169.666 313.09 11.3933 10.6099 de
184.296 313.09 48.2342 10.6099 betrokken
235.767 313.09 54.3514 10.6099 Consument
293.356 313.09 9.12384 10.6099 of
305.83 313.09 45.3658 10.6099 Financiële
354.398 313.09 69.4246 10.6099 dienstverlener,
427.048 313.09 35.8848 10.6099 daarvan
466.136 313.09 47.6611 10.6099 schriftelijk

70.824 326.41 11.2781 10.6099 en
85.3277 326.41 18.2362 10.6099 met
106.801 326.41 38.3962 10.6099 redenen
148.434 326.41 40.0781 10.6099 omkleed
191.646 326.41 8.28288 10.6099 in
203.154 326.41 32.0371 10.6099 kennis.
238.428 326.41 13.4438 10.6099 Hij
254.971 326.41 22.6714 10.6099 stelt,
280.776 326.41 38.9952 10.6099 alvorens
323.008 326.41 9.35424 10.6099 te
335.6 326.41 43.3152 10.6099 beslissen,
382.152 326.41 11.3933 10.6099 de
396.656 326.41 48.4043 10.6099 betrokken
448.286 326.41 38.7533 10.6099 persoon
490.149 326.41 11.2781 10.6099 en
504.653 326.41 11.3933 10.6099 de

70.824 339.73 23.1552 10.6099 door
97.2163 339.73 21.7152 10.6099 deze
122.042 339.73 90.8352 10.6099 vertegenwoordigde
216.114 339.73 54.3514 10.6099 Consument
273.703 339.73 9.23904 10.6099 of
286.15 339.73 45.3658 10.6099 Financiële
334.718 339.73 66.8621 10.6099 dienstverlener
404.86 339.73 8.28288 10.6099 in
416.368 339.73 21.7152 10.6099 staat
441.321 339.73 15.6096 10.6099 zijn
460.133 339.73 33.3619 10.6099 mening
496.628 339.73 21.4848 10.6099 over

70.824 353.05 15.1142 10.6099 het
89.1754 353.05 53.7638 10.6099 voornemen
146.038 353.05 9.35424 10.6099 te
158.629 353.05 29.1686 10.6099 geven.

70.824 366.37 19.8029 10.6099 48.3
93.8525 366.37 14.6419 10.6099 Als
111.72 366.37 15.5981 10.6099 aan
130.428 366.37 15.1142 10.6099 het
148.78 366.37 53.5219 10.6099 voornemen
205.527 366.37 15.1142 10.6099 ten
223.879 366.37 44.1562 10.6099 grondslag
271.272 366.37 13.6742 10.6099 ligt
288.183 366.37 14.6304 10.6099 dat
305.924 366.37 14.999 10.6099 het
324.16 366.37 43.1885 10.6099 optreden
370.471 366.37 15.7248 10.6099 van
389.398 366.37 11.4163 10.6099 de
403.925 366.37 89.5219 10.6099 vertegenwoordiger
496.672 366.37 11.2781 10.6099 de

70.824 379.69 54.4973 10.6099 Consument
128.532 379.69 34.6982 10.6099 schaadt
166.44 379.69 9.24288 10.6099 of
178.789 379.69 27.1488 10.6099 dreigt
209.148 379.69 9.35808 10.6099 te
221.81 379.69 39.721 10.6099 schaden,
264.768 379.69 16.1971 10.6099 kan
284.076 379.69 11.3933 10.6099 de
298.591 379.69 58.5562 10.6099 bevoegdheid
360.384 379.69 15.7248 10.6099 van
379.208 379.69 15.1142 10.6099 het
397.559 379.69 29.2723 10.6099 eerste
430.069 379.69 10.7942 10.6099 lid
444.088 379.69 17.6371 10.6099 niet
464.963 379.69 36.2419 10.6099 worden

70.824 393.01 54.4666 10.6099 uitgeoefend
128.528 393.01 11.8771 10.6099 als
143.515 393.01 11.3933 10.6099 de
158.03 393.01 56.8742 10.6099 Consument,
218.13 393.01 25.3094 10.6099 nadat
246.55 393.01 10.8058 10.6099 hij
260.558 393.01 15.7248 10.6099 van
279.417 393.01 15.1142 10.6099 het
297.768 393.01 53.6371 10.6099 voornemen
354.631 393.01 12.119 10.6099 op
369.86 393.01 11.3933 10.6099 de
384.491 393.01 32.6362 10.6099 hoogte
420.364 393.01 6.95808 10.6099 is
430.329 393.01 35.1475 10.6099 gesteld,
468.713 393.01 16.1971 10.6099 laat
488.021 393.01 28.9152 10.6099 weten

70.824 406.33 11.3933 10.6099 de
85.4544 406.33 89.5219 10.6099 vertegenwoordiger
178.202 406.33 9.35424 10.6099 te
190.563 406.33 27.1296 10.6099 willen
220.895 406.33 51.863 10.6099 handhaven.

70.824 419.77 19.8029 10.6099 48.4
93.8525 419.77 17.7523 10.6099 Het
114.842 419.77 54.1094 10.6099 voorgaande
172.062 419.77 22.5562 10.6099 geldt
197.855 419.77 17.6371 10.6099 niet
218.729 419.77 22.3258 10.6099 voor
244.154 419.77 47.1629 10.6099 advocaten
294.542 419.77 13.9162 10.6099 die
311.58 419.77 28.0742 10.6099 onder
342.892 419.77 40.223 10.6099 wettelijk
386.214 419.77 67.4381 10.6099 tuchtrechtelijk
456.877 419.77 37.6819 10.6099 toezicht
497.681 419.77 23.8694 10.6099 staan

70.824 433.11 11.2781 10.6099 en
85.3277 433.11 17.6371 10.6099 niet
106.202 433.11 15.6096 10.6099 zijn
124.91 433.11 44.8704 10.6099 geschorst
172.891 433.11 8.28288 10.6099 in
184.4 433.11 11.2781 10.6099 de
198.903 433.11 51.3562 10.6099 uitoefening
253.37 433.11 15.7248 10.6099 van
272.297 433.11 17.28 10.6099 hun
292.711 433.11 35.8848 10.6099 beroep.

70.824 446.43 30.1315 10.6099 Helaas
104.18 446.43 6.24384 10.6099 is
113.626 446.43 38.327 10.6099 gebleken
155.06 446.43 14.0429 10.6099 dat
172.328 446.43 110.661 10.6099 procesvertegenwoordigers
286.192 446.43 17.28 10.6099 zich
306.594 446.43 21.7267 10.6099 soms
331.523 446.43 15.8515 10.6099 niet
350.624 446.43 31.9334 10.6099 kunnen
385.644 446.43 31.8182 10.6099 houden
420.665 446.43 16.105 10.6099 aan
439.996 446.43 50.6534 10.6099 elementaire

70.824 459.75 33.143 10.6099 normen
107.17 459.75 15.1258 10.6099 van
125.532 459.75 69.8688 10.6099 maatschappelijk
198.604 459.75 37.3478 10.6099 behoren,
239.154 459.75 8.28288 10.6099 of
250.686 459.75 13.9162 10.6099 dat
267.828 459.75 9.60768 10.6099 zij
280.546 459.75 17.28 10.6099 zich
301.051 459.75 52.4621 10.6099 (anderszins)
356.716 459.75 39.744 10.6099 gedragen
399.662 459.75 10.8058 10.6099 op
413.602 459.75 15.4944 10.6099 een
432.206 459.75 21.7382 10.6099 wijze
457.147 459.75 12.6144 10.6099 die
472.999 459.75 10.4486 10.6099 de

70.824 473.07 38.7677 10.6099 belangen
112.812 473.07 15.12 10.6099 van
131.163 473.07 10.4458 10.6099 de
144.713 473.07 19.3219 10.6099 door
167.267 473.07 15.8458 10.6099 hen
186.228 473.07 80.4096 10.6099 vertegenwoordigde
269.858 473.07 22.2077 10.6099 partij
295.285 473.07 47.6323 10.6099 (doorgaans
346.27 473.07 51.9715 10.6099 Consument)
401.338 473.07 35.521 10.6099 schaadt.
440.095 473.07 22.9219 10.6099 Deze
466.24 473.07 36.2066 10.6099 bepaling

70.824 486.39 33.9725 10.6099 voorziet
107.999 486.39 7.56864 10.6099 in
118.816 486.39 10.4486 10.6099 de
132.364 486.39 53.4067 10.6099 mogelijkheid
188.996 486.39 7.44192 10.6099 in
199.664 486.39 35.424 10.6099 extreme
238.29 486.39 34.4678 10.6099 gevallen
275.845 486.39 15.4944 10.6099 een
294.542 486.39 106.606 10.6099 procesvertegenwoordiger
404.351 486.39 13.6858 10.6099 het
421.159 486.39 21.6 10.6099 recht
445.984 486.39 8.28288 10.6099 te
457.493 486.39 44.2829 10.6099 ontzeggen
505.001 486.39 9.7344 10.6099 bij

70.824 499.71 10.4486 10.6099 de
84.4752 499.71 87.0451 10.6099 Geschillencommissie
174.65 499.71 10.8058 10.6099 op
188.658 499.71 8.20224 10.6099 te
200.063 499.71 30.0442 10.6099 treden.
233.31 499.71 9.48096 10.6099 Er
245.924 499.71 27.9821 10.6099 gelden
277.109 499.71 29.5488 10.6099 daarbij
309.768 499.71 10.4486 10.6099 de
323.419 499.71 28.0973 10.6099 nodige
354.754 499.71 50.5267 10.6099 procedurele
408.379 499.71 53.1763 10.6099 waarborgen.
464.758 499.71 19.8029 10.6099 Voor

70.824 513.15 43.7875 10.6099 advocaten
117.854 513.15 20.759 10.6099 geldt
141.845 513.15 20.6352 10.6099 deze
165.711 513.15 36.0029 10.6099 bepaling
204.946 513.15 18.121 10.6099 niet,
226.298 513.15 27.7171 10.6099 omdat
257.131 513.15 19.8058 10.6099 daar
280.157 513.15 13.68 10.6099 het
297.07 513.15 43.3267 10.6099 tuchtrecht
343.599 513.15 16.105 10.6099 kan
362.907 513.15 31.703 10.6099 worden
397.72 513.15 35.0554 10.6099 gebruikt
435.863 513.15 13.6858 10.6099 om
452.751 513.15 23.6736 10.6099 tegen
479.627 513.15 40.6783 10.6099 eventuele

70.824 526.47 48.6979 10.6099 misstanden
122.772 526.47 10.801 10.6099 op
136.801 526.47 8.27808 10.6099 te
148.191 526.47 29.9923 10.6099 treden.

70.824 553.11 27.4867 10.6099 Artikel
101.532 553.11 12.0019 10.6099 49
116.78 553.11 44.8704 10.6099 Meldingen

70.824 566.43 14.6342 10.6099 Als
88.704 566.43 30.4934 10.6099 tijdens
122.304 566.43 11.3971 10.6099 de
136.911 566.43 54.7699 10.6099 behandeling
194.753 566.43 15.7325 10.6099 van
213.731 566.43 16.8038 10.6099 een
233.618 566.43 29.6602 10.6099 Klacht
266.523 566.43 20.0448 10.6099 naar
289.778 566.43 15.1219 10.6099 het
308.006 566.43 36.6451 10.6099 oordeel
347.862 566.43 15.7325 10.6099 van
366.79 566.43 11.3933 10.6099 de
381.42 566.43 49.1904 10.6099 Voorzitter
433.9 566.43 6.83136 10.6099 is
443.968 566.43 41.0342 10.6099 gebleken
488.125 566.43 14.6304 10.6099 dat
506.04 566.43 15.1142 10.6099 het

70.824 579.75 41.6333 10.6099 handelen
115.694 579.75 9.23904 10.6099 of
128.044 579.75 33.2352 10.6099 nalaten
164.516 579.75 15.5981 10.6099 van
183.34 579.75 16.681 10.6099 een
203.33 579.75 45.4666 10.6099 Financiële
251.936 579.75 66.8246 10.6099 dienstverlener
322.03 579.75 9.23904 10.6099 of
334.495 579.75 15.7248 10.6099 van
353.318 579.75 16.8298 10.6099 een
373.374 579.75 59.5238 10.6099 medewerker
436.123 579.75 15.7248 10.6099 van
455.14 579.75 11.3981 10.6099 de
469.648 579.75 45.4925 10.6099 Financiële

70.824 593.07 66.9542 10.6099 dienstverlener
141.02 593.07 31.081 10.6099 strijdig
175.327 593.07 16.9229 10.6099 zou
195.348 593.07 34.0762 10.6099 kunnen
232.662 593.07 15.6096 10.6099 zijn
251.37 593.07 18.2362 10.6099 met
272.843 593.07 72.841 10.6099 tuchtrechtelijke
348.91 593.07 48.96 10.6099 bepalingen
400.98 593.07 13.9162 10.6099 die
418.134 593.07 22.0838 10.6099 voor
443.443 593.07 21.7152 10.6099 deze
468.58 593.07 45.3658 10.6099 Financiële

70.824 606.42 66.9542 10.6099 dienstverlener
141.02 606.42 9.12384 10.6099 of
153.369 606.42 21.7152 10.6099 deze
178.195 606.42 59.639 10.6099 medewerker
241.071 606.42 32.521 10.6099 gelden,
276.818 606.42 21.5885 10.6099 doet
301.63 606.42 11.3933 10.6099 de
316.134 606.42 49.3171 10.6099 Voorzitter
368.59 606.42 36 10.6099 daarvan
407.712 606.42 35.8848 10.6099 melding
446.822 606.42 15.5981 10.6099 aan
465.646 606.42 15.1142 10.6099 het
483.871 606.42 32.4058 10.6099 college

70.824 619.86 14.6304 10.6099 dat
88.6915 619.86 18.2362 10.6099 met
110.165 619.86 11.2781 10.6099 de
124.668 619.86 72.841 10.6099 tuchtrechtelijke
200.735 619.86 55.7578 10.6099 beoordeling
259.592 619.86 15.7248 10.6099 van
278.519 619.86 15.0336 10.6099 het
296.79 619.86 41.5181 10.6099 handelen
341.545 619.86 9.23904 10.6099 of
354.01 619.86 33.1085 10.6099 nalaten
390.355 619.86 15.7248 10.6099 van
409.179 619.86 11.3933 10.6099 de
423.809 619.86 48.119 10.6099 betrokken
475.3 619.86 45.4666 10.6099 Financiële

70.824 633.18 66.9542 10.6099 dienstverlener
141.02 633.18 6.95808 10.6099 is
151.088 633.18 29.5142 10.6099 belast.
183.77 633.18 14.0429 10.6099 De
201.038 633.18 49.3171 10.6099 Voorzitter
253.466 633.18 16.1971 10.6099 kan
272.889 633.18 15.7248 10.6099 van
291.712 633.18 15.1142 10.6099 het
309.949 633.18 31.68 10.6099 gebrek
344.866 633.18 15.5981 10.6099 aan
363.586 633.18 62.8762 10.6099 medewerking
429.572 633.18 18.121 10.6099 ook
450.919 633.18 16.7962 10.6099 een
470.952 633.18 35.8733 10.6099 melding

70.824 646.5 23.5123 10.6099 doen
97.5734 646.5 10.8058 10.6099 bij
111.582 646.5 11.4163 10.6099 de
126.108 646.5 76.919 10.6099 Toezichthouder.

70.824 673.14 27.4867 10.6099 Artikel
101.532 673.14 12.0019 10.6099 50
116.78 673.14 12.6029 10.6099 De
132.482 673.14 42.0365 10.6099 Financiële
177.709 673.14 59.4317 10.6099 dienstverlener
240.41 673.14 24.2496 10.6099 werkt
267.862 673.14 49.824 10.6099 stelselmatig
320.912 673.14 15.8515 10.6099 niet
339.966 673.14 18.6163 10.6099 mee

70.824 686.46 19.8029 10.6099 50.1
93.8525 686.46 14.6419 10.6099 Als
111.72 686.46 16.7962 10.6099 een
131.66 686.46 45.4666 10.6099 Financiële
180.254 686.46 66.8246 10.6099 dienstverlener
250.37 686.46 53.7523 10.6099 stelselmatig
307.244 686.46 35.159 10.6099 weigert
345.629 686.46 41.9904 10.6099 adequate
390.856 686.46 62.761 10.6099 medewerking
456.843 686.46 9.35424 10.6099 te
469.434 686.46 40.0781 10.6099 verlenen

70.824 699.78 15.5981 10.6099 aan
89.6477 699.78 11.3933 10.6099 de
104.278 699.78 54.72 10.6099 behandeling
162.224 699.78 15.5981 10.6099 van
181.047 699.78 41.2762 10.6099 klachten,
225.65 699.78 16.201 10.6099 kan
244.97 699.78 11.3933 10.6099 de
259.6 699.78 49.2019 10.6099 Voorzitter
311.913 699.78 41.6333 10.6099 besluiten
356.668 699.78 40.919 10.6099 Klachten
400.813 699.78 25.4362 10.6099 tegen
429.371 699.78 21.7152 10.6099 deze
454.42 699.78 45.4666 10.6099 Financiële

70.824 713.22 66.9542 10.6099 dienstverlener
141.02 713.22 17.5104 10.6099 niet
161.768 713.22 24.48 10.6099 meer
189.358 713.22 8.15616 10.6099 in
200.74 713.22 54.8352 10.6099 behandeling
258.685 713.22 9.35424 10.6099 te
271.277 713.22 31.3229 10.6099 nemen
305.825 713.22 9.12384 10.6099 of
318.175 713.22 8.28288 10.6099 in
329.683 713.22 54.72 10.6099 behandeling
387.629 713.22 42.7914 10.6099 genomen
433.542 713.22 40.919 10.6099 Klachten
477.687 713.22 29.1571 10.6099 buiten

70.824 726.54 54.8352 10.6099 behandeling
128.896 726.54 9.35424 10.6099 te
141.361 726.54 40.1933 10.6099 plaatsen.

70.824 739.856 19.8029 10.6099 50.2
93.8525 739.856 24.6067 10.6099 Over
121.662 739.856 15.1142 10.6099 het
139.921 739.856 53.6371 10.6099 voornemen
196.668 739.856 14.0314 10.6099 tot
213.937 739.856 16.7962 10.6099 een
233.844 739.856 39.479 10.6099 dergelijk
276.433 739.856 30.3552 10.6099 besluit
309.91 739.856 36.3571 10.6099 worden
349.493 739.856 11.3933 10.6099 de
363.996 739.856 48.3494 10.6099 betrokken
415.66 739.856 45.3658 10.6099 Financiële

70.824 753.176 66.9542 10.6099 dienstverlener
141.02 753.176 13.6858 10.6099 en,
157.931 753.176 22.6829 10.6099 waar
183.713 753.176 41.161 10.6099 mogelijk,
228.077 753.176 11.4163 10.6099 de
242.719 753.176 48.2342 10.6099 betrokken
294.086 753.176 68.1523 10.6099 Consumenten,
365.476 753.176 41.76 10.6099 gehoord.

513.36 37.56 11.2373 11.04 19

70.824 86.2597 19.8029 10.6099 50.3
93.8525 86.2597 17.0381 10.6099 Een
114.116 86.2597 30.24 10.6099 besluit
147.593 86.2597 11.8771 10.6099 als
162.581 86.2597 18.3629 10.6099 hier
184.169 86.2597 37.3133 10.6099 bedoeld
224.72 86.2597 28.9152 10.6099 wordt
256.745 86.2597 23.1552 10.6099 door
283.15 86.2597 11.3981 10.6099 de
297.79 86.2597 49.2019 10.6099 Voorzitter
350.23 86.2597 48.9686 10.6099 onverwijld
402.298 86.2597 61.4246 10.6099 medegedeeld
466.959 86.2597 15.5981 10.6099 aan
485.668 86.2597 11.3933 10.6099 de

70.824 99.5797 77.1878 10.6099 Toezichthouder.
151.103 99.5797 17.7562 10.6099 Het
172.13 99.5797 30.24 10.6099 besluit
205.61 99.5797 28.9152 10.6099 wordt
237.762 99.5797 18.121 10.6099 ook
259.109 99.5797 12.119 10.6099 op
274.338 99.5797 11.3933 10.6099 de
288.969 99.5797 35.6429 10.6099 website
327.837 99.5797 15.7248 10.6099 van
346.765 99.5797 21.3811 10.6099 Kifid
371.256 99.5797 61.6781 10.6099 gepubliceerd.

70.824 112.9 12.2458 10.6099 Als
86.2723 112.9 15.4944 10.6099 een
105.02 112.9 42.0019 10.6099 Financiële
150.136 112.9 59.4048 10.6099 dienstverlener
212.81 112.9 50.0525 10.6099 stelselmatig
266.069 112.9 15.8573 10.6099 niet
285.04 112.9 42.7296 10.6099 meewerkt
330.976 112.9 16.2125 10.6099 aan
350.43 112.9 10.4506 10.6099 de
364.087 112.9 45.5328 10.6099 procedure,
412.814 112.9 6.24576 10.6099 is
422.163 112.9 13.5514 10.6099 het
438.944 112.9 29.4221 10.6099 zinloos
471.572 112.9 36.3821 10.6099 klachten

70.824 126.34 23.6506 10.6099 tegen
97.6771 126.34 20.7706 10.6099 deze
121.7 126.34 42.0019 10.6099 Financiële
166.816 126.34 59.4048 10.6099 dienstverlener
229.49 126.34 8.28288 10.6099 te
240.998 126.34 26.6688 10.6099 blijven
270.87 126.34 51.7746 10.6099 behandelen.
325.847 126.34 17.9942 10.6099 Ook
347.101 126.34 18.2477 10.6099 voor
368.448 126.34 10.4486 10.6099 de
382.099 126.34 38.6611 10.6099 klagende
423.871 126.34 57.0847 10.6099 consumenten
484.156 126.34 6.24288 10.6099 is
493.646 126.34 14.041 10.6099 dat

70.824 139.66 37.5581 10.6099 nodeloos
111.613 139.66 49.8038 10.6099 frustrerend.

70.824 166.3 27.4867 10.6099 Artikel
101.532 166.3 12.0019 10.6099 51
116.78 166.3 61.3296 10.6099 Niet-nakomen
181.312 166.3 39.168 10.6099 bindende
223.683 166.3 40.2163 10.6099 uitspraak

70.824 179.62 19.8029 10.6099 51.1
93.8525 179.62 14.6419 10.6099 Als
111.72 179.62 12.119 10.6099 uit
126.98 179.62 50.1542 10.6099 onderzoek
180.362 179.62 23.0429 10.6099 door
206.69 179.62 11.3933 10.6099 de
221.32 179.62 96.48 10.6099 Geschillencommissie
321.07 179.62 9.23904 10.6099 of
333.535 179.62 12.119 10.6099 uit
348.764 179.62 16.7962 10.6099 een
368.797 179.62 35.8848 10.6099 melding
407.908 179.62 15.7248 10.6099 van
426.731 179.62 54.3514 10.6099 Consument
484.32 179.62 22.6829 10.6099 blijkt

70.824 192.94 14.6304 10.6099 dat
88.6915 192.94 16.7962 10.6099 een
108.74 192.94 45.3658 10.6099 Financiële
157.308 192.94 66.7469 10.6099 dienstverlener
227.33 192.94 16.7962 10.6099 een
247.248 192.94 42.5894 10.6099 bindende
292.959 192.94 42.1477 10.6099 uitspraak
338.333 192.94 17.6371 10.6099 niet
359.092 192.94 9.23904 10.6099 of
371.556 192.94 17.6371 10.6099 niet
392.304 192.94 35.2858 10.6099 volledig
430.7 192.94 37.7971 10.6099 nakomt,
471.723 192.94 12.2458 10.6099 zal
487.18 192.94 11.3981 10.6099 de

70.824 206.26 49.3344 10.6099 Voorzitter
123.38 206.26 41.6448 10.6099 daarover
168.227 206.26 34.7098 10.6099 contact
206.163 206.26 43.5571 10.6099 opnemen
252.83 206.26 18.2362 10.6099 met
274.37 206.26 11.3933 10.6099 de
288.91 206.26 45.3658 10.6099 Financiële
337.478 206.26 69.4246 10.6099 dienstverlener.

70.824 219.7 19.8029 10.6099 51.2
93.8525 219.7 14.6419 10.6099 Als
111.74 219.7 11.3981 10.6099 de
126.248 219.7 45.4925 10.6099 Financiële
174.828 219.7 66.839 10.6099 dienstverlener
244.97 219.7 20.0448 10.6099 blijft
268.114 219.7 42.601 10.6099 weigeren
313.825 219.7 11.3933 10.6099 de
328.455 219.7 42.4742 10.6099 bindende
374.167 219.7 42.1171 10.6099 uitspraak
419.521 219.7 10.679 10.6099 na
433.207 219.7 9.35424 10.6099 te
445.798 219.7 34.56 10.6099 komen,
483.584 219.7 32.7514 10.6099 zonder

70.824 233.02 10.8058 10.6099 bij
84.8323 233.02 11.4163 10.6099 de
99.4742 233.02 36.2419 10.6099 gewone
138.942 233.02 34.8019 10.6099 rechter
176.843 233.02 16.7962 10.6099 een
196.749 233.02 48.96 10.6099 procedure
248.831 233.02 14.0314 10.6099 tot
266.1 233.02 45.8438 10.6099 aantasting
315.077 233.02 15.7248 10.6099 van
334.004 233.02 21.7382 10.6099 deze
358.968 233.02 42.1171 10.6099 uitspraak
404.322 233.02 8.28288 10.6099 in
415.704 233.02 9.35424 10.6099 te
428.295 233.02 32.4058 10.6099 stellen,
463.904 233.02 28.0973 10.6099 maakt
495.123 233.02 11.3933 10.6099 de

70.824 246.34 49.3344 10.6099 Voorzitter
123.38 246.34 33.961 10.6099 hiervan
160.567 246.34 35.8848 10.6099 melding
199.677 246.34 10.8058 10.6099 bij
213.685 246.34 11.4163 10.6099 de
228.212 246.34 74.5229 10.6099 Toezichthouder
305.96 246.34 11.1629 10.6099 en
320.349 246.34 29.5142 10.6099 neemt
353.23 246.34 10.8058 10.6099 hij
367.135 246.34 15.4829 10.6099 alle
385.843 246.34 56.6438 10.6099 maatregelen
445.78 246.34 13.9258 10.6099 die
462.94 246.34 10.8058 10.6099 hij
476.845 246.34 39.7094 10.6099 geboden

70.824 259.69 22.0877 10.6099 acht.

70.824 286.33 27.4867 10.6099 Artikel
101.532 286.33 12.0019 10.6099 52
116.78 286.33 66.839 10.6099 Geheimhouding

70.824 299.65 19.8 10.6099 52.1
93.864 299.65 14.1581 10.6099 De
111.26 299.65 28.201 10.6099 Leden
142.687 299.65 15.7248 10.6099 van
161.51 299.65 11.3933 10.6099 de
176.141 299.65 99.1296 10.6099 Geschillencommissie,
278.381 299.65 11.3933 10.6099 de
293.011 299.65 64.0742 10.6099 medewerkers
360.322 299.65 15.7248 10.6099 van
379.146 299.65 21.3581 10.6099 Kifid
403.78 299.65 11.2781 10.6099 en
418.284 299.65 11.3933 10.6099 de
432.787 299.65 66.24 10.6099 geraadpleegde

70.824 313.09 57.5098 10.6099 deskundigen
131.511 313.09 26.7965 10.6099 zullen
161.52 313.09 38.6717 10.6099 stukken,
203.404 313.09 57.1459 10.6099 verklaringen
263.635 313.09 11.2829 10.6099 en
278.176 313.09 32.0496 10.6099 andere
313.346 313.09 41.6669 10.6099 gegevens
358.225 313.09 15.7344 10.6099 van
377.033 313.09 35.4346 10.6099 partijen
415.588 313.09 48.2592 10.6099 uitsluitend
467.059 313.09 45.8765 10.6099 gebruiken

70.824 326.41 22.3258 10.6099 voor
96.3523 326.41 15.1142 10.6099 het
114.715 326.41 20.16 10.6099 doel
138.101 326.41 44.9202 10.6099 waarvoor
186.247 326.41 21.6 10.6099 deze
211.072 326.41 15.6096 10.6099 zijn
229.884 326.41 57.5078 10.6099 aangeleverd.

70.824 339.73 19.8 10.6099 52.2
93.864 339.73 14.1581 10.6099 De
111.26 339.73 28.201 10.6099 Leden
142.687 339.73 15.7248 10.6099 van
161.51 339.73 11.3933 10.6099 de
176.141 339.73 99.1296 10.6099 Geschillencommissie,
278.381 339.73 11.3933 10.6099 de
293.11 339.73 64.0742 10.6099 medewerkers
360.421 339.73 15.7248 10.6099 van
379.245 339.73 21.3581 10.6099 Kifid
403.725 339.73 11.2781 10.6099 en
418.229 339.73 11.3933 10.6099 de
432.732 339.73 66.24 10.6099 geraadpleegde

70.824 353.05 57.476 10.6099 deskundigen
131.526 353.05 18.1373 10.6099 zijn,
152.78 353.05 18.2362 10.6099 ook
174.127 353.05 10.679 10.6099 na
187.928 353.05 51.5981 10.6099 beëindiging
242.751 353.05 15.7248 10.6099 van
261.575 353.05 17.28 10.6099 hun
282.08 353.05 33.7124 10.6099 functie,
319.03 353.05 45.4762 10.6099 gehouden
367.618 353.05 69.961 10.6099 geheimhouding
440.807 353.05 8.28384 10.6099 in
452.295 353.05 19.5638 10.6099 acht
474.994 353.05 9.3552 10.6099 te
487.589 353.05 31.3152 10.6099 nemen

70.824 366.37 38.759 10.6099 omtrent
112.811 366.37 11.3942 10.6099 de
127.317 366.37 41.7571 10.6099 identiteit
172.187 366.37 15.7267 10.6099 van
191.026 366.37 11.3942 10.6099 de
205.659 366.37 10.8077 10.6099 bij
219.671 366.37 11.3942 10.6099 de
234.201 366.37 29.6458 10.6099 Klacht
266.959 366.37 48.2419 10.6099 betrokken
318.428 366.37 35.4077 10.6099 partijen
357.04 366.37 11.279 10.6099 en
371.455 366.37 38.759 10.6099 omtrent
413.326 366.37 11.3942 10.6099 de
427.959 366.37 8.15712 10.6099 in
439.344 366.37 15.1162 10.6099 het
457.688 366.37 26.281 10.6099 kader
487.196 366.37 15.7267 10.6099 van
506.024 366.37 11.3942 10.6099 de

70.824 379.69 54.8352 10.6099 behandeling
128.896 379.69 15.7248 10.6099 van
147.72 379.69 16.7962 10.6099 een
167.638 379.69 29.5142 10.6099 Klacht
200.389 379.69 48.3494 10.6099 verstrekte
251.93 379.69 54.9389 10.6099 inlichtingen.
309.893 379.69 14.9933 10.6099 Dit
328.118 379.69 22.6598 10.6099 geldt
354.032 379.69 17.5133 10.6099 niet
374.788 379.69 11.8714 10.6099 als
389.787 379.69 11.3904 10.6099 de
404.5 379.69 48.119 10.6099 betrokken
455.86 379.69 24.1229 10.6099 partij
483.208 379.69 16.9229 10.6099 hen
503.357 379.69 15.7248 10.6099 van

70.824 393.01 11.3933 10.6099 de
85.4544 393.01 99.8438 10.6099 geheimhoudingsplicht
188.42 393.01 23.5123 10.6099 heeft
215.17 393.01 46.4371 10.6099 ontslagen.

70.824 406.33 19.8029 10.6099 52.3
93.8525 406.33 14.1581 10.6099 De
111.236 406.33 28.201 10.6099 Leden
142.663 406.33 15.7248 10.6099 van
161.486 406.33 11.3933 10.6099 de
176.117 406.33 96.6067 10.6099 Geschillencommissie
275.926 406.33 11.1859 10.6099 en
290.338 406.33 64.0742 10.6099 medewerkers
357.649 406.33 15.7248 10.6099 van
376.473 406.33 21.3581 10.6099 Kifid
401.056 406.33 18.1325 10.6099 zijn,
422.288 406.33 18.121 10.6099 ook
443.634 406.33 10.679 10.6099 na
457.539 406.33 51.4829 10.6099 beëindiging

70.824 419.77 15.7248 10.6099 van
89.7514 419.77 17.28 10.6099 hun
110.292 419.77 33.719 10.6099 functie,
147.236 419.77 40.5734 10.6099 verplicht
190.793 419.77 14.0314 10.6099 tot
208.062 419.77 69.961 10.6099 geheimhouding
281.26 419.77 15.7248 10.6099 van
300.084 419.77 11.3933 10.6099 de
314.587 419.77 72.7142 10.6099 beraadslagingen
390.527 419.77 15.7248 10.6099 van
409.351 419.77 11.3933 10.6099 de
423.981 419.77 51.5981 10.6099 Commissie
478.816 419.77 11.2781 10.6099 en
493.205 419.77 15.7248 10.6099 van

70.824 433.11 15.4858 10.6099 alle
89.544 433.11 47.736 10.6099 informatie
140.419 433.11 11.2752 10.6099 en
154.926 433.11 41.3942 10.6099 gegevens
199.551 433.11 13.9104 10.6099 die
216.705 433.11 17.0323 10.6099 hen
236.853 433.11 8.28 10.6099 in
248.364 433.11 37.3075 10.6099 verband
288.903 433.11 18.2304 10.6099 met
310.146 433.11 11.3904 10.6099 de
324.78 433.11 54.8064 10.6099 behandeling
382.737 433.11 15.719 10.6099 van
401.687 433.11 16.6752 10.6099 een
421.594 433.11 29.5114 10.6099 Klacht
454.336 433.11 15.601 10.6099 zijn
473.169 433.11 45.2246 10.6099 verstrekt.

70.824 446.43 14.999 10.6099 Dit
89.0486 446.43 22.6714 10.6099 geldt
114.957 446.43 17.5104 10.6099 niet
135.705 446.43 11.8771 10.6099 als
150.692 446.43 11.3933 10.6099 de
165.323 446.43 49.0867 10.6099 Voorzitter
217.635 446.43 15.5981 10.6099 aan
236.459 446.43 16.9229 10.6099 hen
256.607 446.43 41.0342 10.6099 verzoekt
300.878 446.43 20.0448 10.6099 hem
324.149 446.43 21.4848 10.6099 over
348.836 446.43 11.4163 10.6099 de
363.363 446.43 72.599 10.6099 beraadslagingen
439.188 446.43 9.35424 10.6099 te
451.779 446.43 52.1971 10.6099 informeren
507.202 446.43 11.2781 10.6099 en

70.824 459.75 47.736 10.6099 informatie
121.814 459.75 9.23616 10.6099 of
134.167 459.75 41.6131 10.6099 gegevens
178.919 459.75 9.35136 10.6099 te
191.398 459.75 58.3056 10.6099 verstrekken.

70.824 473.07 19.8029 10.6099 52.4
93.8525 473.07 14.1581 10.6099 De
111.236 473.07 99.7286 10.6099 geheimhoudingsplicht
214.25 473.07 23.5123 10.6099 heeft
240.999 473.07 21.6 10.6099 geen
265.825 473.07 49.2019 10.6099 betrekking
318.253 473.07 12.119 10.6099 op
333.597 473.07 11.3933 10.6099 de
348.101 473.07 41.6333 10.6099 gegevens
392.845 473.07 13.9162 10.6099 die
409.998 473.07 15.6096 10.6099 zijn
428.603 473.07 37.9238 10.6099 vermeld
469.729 473.07 8.28288 10.6099 in
481.272 473.07 11.2781 10.6099 de

70.824 486.39 64.8115 10.6099 gepubliceerde
138.84 486.39 48.4963 10.6099 uitspraken
190.46 486.39 15.7267 10.6099 van
209.391 486.39 11.3942 10.6099 de
224.048 486.39 54.1296 10.6099 Commissie.

70.824 513.15 27.4867 10.6099 Artikel
101.532 513.15 12.0019 10.6099 53
116.78 513.15 60.4915 10.6099 Verslaglegging

70.824 526.47 19.8029 10.6099 53.1
93.8525 526.47 14.1581 10.6099 De
111.26 526.47 96.4685 10.6099 Geschillencommissie
210.966 526.47 30.4006 10.6099 brengt
244.49 526.47 34.4218 10.6099 jaarlijks
282.155 526.47 16.6752 10.6099 een
302.061 526.47 43.4218 10.6099 openbaar
348.726 526.47 31.9046 10.6099 verslag
383.758 526.47 12.1133 10.6099 uit
399.103 526.47 21.361 10.6099 over
423.695 526.47 11.2752 10.6099 de
438.202 526.47 53.0237 10.6099 behandelde

70.824 539.79 40.9392 10.6099 Klachten
114.972 539.79 8.28576 10.6099 in
126.385 539.79 14.6362 10.6099 dat
144.252 539.79 19.4573 10.6099 jaar,
166.803 539.79 20.209 10.6099 haar
190.13 539.79 54.9619 10.6099 bevindingen
248.318 539.79 11.2781 10.6099 en
262.706 539.79 20.1859 10.6099 haar
286.15 539.79 51.3677 10.6099 ervaringen.
340.72 539.79 33.8688 10.6099 Daarbij
377.699 539.79 36.3571 10.6099 worden
417.178 539.79 21.6 10.6099 geen
442.004 539.79 41.6333 10.6099 gegevens

70.824 553.11 37.9238 10.6099 vermeld
111.95 553.11 13.9392 10.6099 die
129.012 553.11 14.0314 10.6099 tot
146.28 553.11 49.2019 10.6099 individuele
198.708 553.11 35.401 10.6099 partijen
237.334 553.11 9.35424 10.6099 te
249.799 553.11 43.5571 10.6099 herleiden
296.466 553.11 18.0058 10.6099 zijn,
317.698 553.11 24.9638 10.6099 tenzij
345.864 553.11 21.7382 10.6099 deze
370.713 553.11 41.6333 10.6099 gegevens
415.456 553.11 8.28288 10.6099 in
426.965 553.11 64.6848 10.6099 gepubliceerde

70.824 566.43 48.5914 10.6099 uitspraken
122.652 566.43 15.6096 10.6099 zijn
141.361 566.43 40.4467 10.6099 vermeld.

70.824 579.75 19.8029 10.6099 53.2
93.8525 579.75 21.3581 10.6099 Kifid
118.436 579.75 28.9152 10.6099 draagt
150.588 579.75 20.5171 10.6099 zorg
174.331 579.75 22.199 10.6099 voor
199.756 579.75 11.3933 10.6099 de
214.386 579.75 75.9629 10.6099 openbaarmaking
293.46 579.75 15.7248 10.6099 van
312.295 579.75 15.1142 10.6099 het
330.646 579.75 31.9219 10.6099 verslag
365.794 579.75 15.5981 10.6099 van
384.617 579.75 11.3933 10.6099 de
399.121 579.75 99.3448 10.6099 Geschillencommissie.

70.824 606.42 27.4867 10.6099 Artikel
101.532 606.42 12.0019 10.6099 54
116.78 606.42 46.679 10.6099 Nawerking
166.685 606.42 45.5846 10.6099 aansluiting
215.518 606.42 9.72288 10.6099 bij
228.466 606.42 19.319 10.6099 Kifid
251.011 606.42 10.4429 10.6099 en
264.564 606.42 41.8579 10.6099 verklaring
309.567 606.42 52.1856 10.6099 bindendheid

70.824 619.86 19.8029 10.6099 54.1
93.8525 619.86 17.0381 10.6099 Een
114.116 619.86 29.5142 10.6099 Klacht
146.868 619.86 13.9162 10.6099 die
163.894 619.86 49.3171 10.6099 betrekking
216.437 619.86 23.5123 10.6099 heeft
243.083 619.86 12.119 10.6099 op
258.427 619.86 16.7962 10.6099 een
278.334 619.86 41.5181 10.6099 handelen
323.077 619.86 9.23904 10.6099 of
335.542 619.86 33.12 10.6099 nalaten
371.888 619.86 15.7248 10.6099 van
390.711 619.86 16.7962 10.6099 een
410.98 619.86 45.3658 10.6099 Financiële

70.824 633.18 66.9542 10.6099 dienstverlener
141.02 633.18 14.999 10.6099 ten
159.245 633.18 20.2752 10.6099 tijde
182.63 633.18 15.5981 10.6099 van
201.454 633.18 24.1114 10.6099 diens
228.802 633.18 47.7619 10.6099 aansluiting
279.79 633.18 10.8058 10.6099 bij
293.695 633.18 21.3581 10.6099 Kifid
318.163 633.18 31.4381 10.6099 wordt,
352.827 633.18 18.121 10.6099 ook
374.173 633.18 27.959 10.6099 indien
405.243 633.18 11.3933 10.6099 de
419.873 633.18 47.865 10.6099 aansluiting
470.964 633.18 43.9142 10.6099 inmiddels

70.824 646.5 6.95808 10.6099 is
81.0077 646.5 45.9533 10.6099 geëindigd,
130.071 646.5 47.5085 10.6099 behandeld
180.702 646.5 11.2781 10.6099 en
195.09 646.5 39.7094 10.6099 afgedaan
237.933 646.5 12.119 10.6099 op
253.278 646.5 11.3933 10.6099 de
267.781 646.5 23.6506 10.6099 wijze
294.635 646.5 11.8771 10.6099 als
309.645 646.5 8.15616 10.6099 in
321.027 646.5 12.2342 10.6099 dit
336.498 646.5 49.3171 10.6099 Reglement
389.052 646.5 37.6819 10.6099 bepaald.

70.824 659.82 19.8029 10.6099 54.2
93.8525 659.82 14.6419 10.6099 Als
111.72 659.82 16.7962 10.6099 een
131.66 659.82 45.4666 10.6099 Financiële
180.254 659.82 66.8246 10.6099 dienstverlener
250.37 659.82 16.7962 10.6099 een
270.277 659.82 57.8419 10.6099 uitgebrachte
331.344 659.82 43.5571 10.6099 algemene
378.012 659.82 45.8496 10.6099 verklaring
426.856 659.82 15.7248 10.6099 van
445.784 659.82 56.7706 10.6099 bindendheid

70.824 673.14 31.536 10.6099 intrekt
105.62 673.14 10.8058 10.6099 bij
119.628 673.14 23.7946 10.6099 Kifid,
146.648 673.14 23.5123 10.6099 heeft
173.271 673.14 21.6 10.6099 deze
198.097 673.14 46.4371 10.6099 intrekking
247.656 673.14 21.7152 10.6099 geen
272.608 673.14 36.9562 10.6099 werking
312.675 673.14 22.3258 10.6099 voor
338.203 673.14 38.7878 10.6099 klachten
380.35 673.14 16.4729 10.6099 die:

70.824 686.46 8.64 10.6099 a)
82.6896 686.46 15.1142 10.6099 ten
101.041 686.46 20.2752 10.6099 tijde
124.427 686.46 15.7248 10.6099 van
143.262 686.46 11.3933 10.6099 de
157.892 686.46 46.3219 10.6099 intrekking
207.44 686.46 7.44192 10.6099 al
218.107 686.46 10.8058 10.6099 bij
232.13 686.46 11.3933 10.6099 de
246.76 686.46 96.48 10.6099 Geschillencommissie
346.51 686.46 29.0419 10.6099 waren
378.651 686.46 44.2714 10.6099 ingediend
426.033 686.46 9.23904 10.6099 of

70.824 699.78 9.48096 10.6099 b)
83.5306 699.78 10.8058 10.6099 bij
97.584 699.78 11.3933 10.6099 de
112.088 699.78 96.5952 10.6099 Geschillencommissie
211.97 699.78 36.3571 10.6099 worden
251.438 699.78 44.2714 10.6099 ingediend
298.819 699.78 30.9542 10.6099 binnen
332.999 699.78 18.4781 10.6099 drie
354.703 699.78 23.1552 10.6099 jaren
381.084 699.78 10.679 10.6099 na
394.885 699.78 21.8535 10.6099 deze
419.98 699.78 46.3219 10.6099 intrekking
469.528 699.78 10.8058 10.6099 bij
483.536 699.78 23.7773 10.6099 Kifid,

70.824 713.22 40.3027 10.6099 wanneer
114.37 713.22 21.7066 10.6099 deze
139.204 713.22 38.8598 10.6099 klachten
181.203 713.22 49.2912 10.6099 betrekking
233.748 713.22 34.0618 10.6099 hebben
270.938 713.22 12.1162 10.6099 op
286.182 713.22 78.4714 10.6099 overeenkomsten
367.884 713.22 13.9104 10.6099 die
384.923 713.22 22.3171 10.6099 voor
410.356 713.22 11.3904 10.6099 de
424.989 713.22 29.1571 10.6099 datum
457.378 713.22 15.8824 10.6099 van
476.486 713.22 11.3933 10.6099 de

70.824 726.54 46.4112 10.6099 intrekking
120.49 726.54 25.7933 10.6099 reeds
149.514 726.54 29.0304 10.6099 waren
181.672 726.54 49.0694 10.6099 afgesloten.

513.36 37.56 11.2373 11.04 20

70.824 86.2597 51.3792 10.6099 Voorgaande
125.42 86.2597 36.1296 10.6099 bepaling
164.746 86.2597 40.2192 10.6099 voorkomt
208.197 86.2597 14.0371 10.6099 dat
225.465 86.2597 15.4886 10.6099 een
244.13 86.2597 42.0019 10.6099 Financiële
289.361 86.2597 59.4048 10.6099 dienstverlener
352.03 86.2597 17.28 10.6099 zich
372.536 86.2597 42.8659 10.6099 eenvoudig
418.477 86.2597 16.2086 10.6099 aan
437.785 86.2597 10.4486 10.6099 de
451.436 86.2597 19.3306 10.6099 door
474.015 86.2597 19.8144 10.6099 haar

70.824 99.5797 45.3658 10.6099 aanvaarde
119.41 99.5797 52.2144 10.6099 bindendheid
174.821 99.5797 16.0992 10.6099 kan
194.036 99.5797 46.6646 10.6099 onttrekken
243.944 99.5797 11.641 10.6099 als
258.77 99.5797 10.4486 10.6099 de
272.421 99.5797 86.9184 10.6099 Geschillencommissie
362.542 99.5797 42.025 10.6099 hem/haar
407.74 99.5797 60.8717 10.6099 onwelgevallige
471.814 99.5797 45.2621 10.6099 uitspraken

70.824 112.9 21.1277 10.6099 doet.
95.1542 112.9 12.6029 10.6099 De
111.017 112.9 44.3059 10.6099 nawerking
158.399 112.9 20.7706 10.6099 geldt
182.372 112.9 18.0403 10.6099 voor
203.615 112.9 36.3917 10.6099 klachten
243.209 112.9 12.6144 10.6099 die
258.934 112.9 45.3773 10.6099 betrekking
307.514 112.9 31.5994 10.6099 hebben
342.316 112.9 10.8058 10.6099 op
356.359 112.9 70.2029 10.6099 overeenkomsten
429.764 112.9 12.5222 10.6099 die
445.489 112.9 18.2477 10.6099 voor
466.985 112.9 10.4486 10.6099 de
480.636 112.9 42.3936 10.6099 intrekking

70.824 126.34 15.1258 10.6099 van
89.1523 126.34 10.4486 10.6099 de
102.85 126.34 100.086 10.6099 bindendheidsacceptatie
206.138 126.34 7.56864 10.6099 al
216.955 126.34 26.5421 10.6099 waren
246.7 126.34 45.7574 10.6099 afgesloten.
295.66 126.34 10.2067 10.6099 Bij
308.988 126.34 70.2374 10.6099 overeenkomsten
382.51 126.34 12.6144 10.6099 die
398.327 126.34 19.4573 10.6099 later
420.895 126.34 15.0106 10.6099 zijn
439.004 126.34 45.8611 10.6099 afgesloten,
488.068 126.34 15.84 10.6099 kon

70.824 139.66 48.6086 10.6099 Consument
122.633 139.66 8.65056 10.6099 er
134.531 139.66 31.9402 10.6099 immers
169.556 139.66 15.8486 10.6099 niet
188.513 139.66 10.8048 10.6099 op
202.61 139.66 47.9117 10.6099 vertrouwen
253.724 139.66 14.0429 10.6099 dat
270.878 139.66 9.7344 10.6099 hij
283.814 139.66 15.0106 10.6099 zijn
301.958 139.66 36.2419 10.6099 klachten
341.403 139.66 34.2259 10.6099 bindend
378.866 139.66 19.3306 10.6099 door
401.38 139.66 10.4486 10.6099 de
415.031 139.66 86.9184 10.6099 Geschillencommissie
505.2 139.66 15.8477 10.6099 kon

70.824 152.98 21.2544 10.6099 laten
95.281 152.98 47.543 10.6099 beslechten.
146.05 152.98 12.6029 10.6099 De
161.751 152.98 78.3936 10.6099 nawerkingstermijn
243.348 152.98 6.24384 10.6099 is
252.817 152.98 16.2202 10.6099 drie
272.124 152.98 18.8582 10.6099 jaar.
294.185 152.98 16.1971 10.6099 Dat
313.504 152.98 6.11712 10.6099 is
322.847 152.98 15.4944 10.6099 een
341.544 152.98 47.4614 10.6099 compromis
392.14 152.98 13.6858 10.6099 om
409.028 152.98 40.1011 10.6099 tegemoet
452.332 152.98 8.30592 10.6099 te
463.84 152.98 29.4336 10.6099 komen
496.361 152.98 16.2086 10.6099 aan

70.824 166.3 10.4486 10.6099 de
84.4752 166.3 38.7878 10.6099 belangen
126.489 166.3 15.1258 10.6099 van
144.713 166.3 10.4486 10.6099 de
158.42 166.3 41.8867 10.6099 Financiële
203.525 166.3 61.8463 10.6099 dienstverlener,
268.597 166.3 12.6144 10.6099 die
284.298 166.3 10.8058 10.6099 op
298.307 166.3 17.5334 10.6099 enig
318.962 166.3 35.8963 10.6099 moment
358.061 166.3 15.1258 10.6099 van
376.309 166.3 10.4486 10.6099 de
389.96 166.3 52.1165 10.6099 bindendheid
445.42 166.3 8.5248 10.6099 af
457.147 166.3 11.4163 10.6099 wil
471.812 166.3 31.9334 10.6099 kunnen
506.833 166.3 17.2915 10.6099 zijn,

70.824 179.62 10.4486 10.6099 en
84.4752 179.62 12.6144 10.6099 die
100.338 179.62 15.1258 10.6099 van
118.667 179.62 10.4486 10.6099 de
132.26 179.62 50.8886 10.6099 Consument.
186.246 179.62 34.681 10.6099 Bedacht
224.15 179.62 21.9658 10.6099 moet
249.317 179.62 39.6326 10.6099 overigens
292.173 179.62 31.5715 10.6099 worden
326.945 179.62 14.041 10.6099 dat
344.244 179.62 9.73248 10.6099 bij
357.177 179.62 21.8726 10.6099 grote
382.274 179.62 58.5677 10.6099 marktpartijen
444.065 179.62 10.4477 10.6099 de
457.713 179.62 52.2336 10.6099 bindendheid

70.824 192.94 22.9363 10.6099 maar
96.9629 192.94 15.1258 10.6099 van
115.337 192.94 33.2582 10.6099 beperkt
151.683 192.94 28.3392 10.6099 belang
183.225 192.94 8.5248 10.6099 is,
194.871 192.94 27.7286 10.6099 omdat
225.803 192.94 9.60768 10.6099 zij
238.659 192.94 15.4829 10.6099 ook
257.367 192.94 57.9446 10.6099 niet-bindende
318.514 192.94 45.2621 10.6099 uitspraken
367.014 192.94 28.224 10.6099 plegen
398.314 192.94 10.8058 10.6099 na
412.322 192.94 8.30592 10.6099 te
423.727 192.94 31.5763 10.6099 komen.

70.824 219.7 27.4867 10.6099 Artikel
101.532 219.7 12.0019 10.6099 55
116.78 219.7 24.1267 10.6099 Adres

70.824 233.02 19.8029 10.6099 55.1
93.8525 233.02 71.401 10.6099 Kennisgevingen
168.479 233.02 12.119 10.6099 uit
183.708 233.02 32.6362 10.6099 hoofde
219.582 233.02 15.7248 10.6099 van
238.417 233.02 12.2342 10.6099 dit
253.888 233.02 51.84 10.6099 Reglement,
308.85 233.02 32.1638 10.6099 gericht
344.217 233.02 15.6211 10.6099 aan
362.96 233.02 16.7962 10.6099 een
383.11 233.02 45.3629 10.6099 Financiële
431.589 233.02 69.5338 10.6099 dienstverlener,

70.824 246.34 34.0762 10.6099 kunnen
108.137 246.34 55.319 10.6099 rechtsgeldig
166.682 246.34 36.2419 10.6099 worden
206.149 246.34 31.9104 10.6099 gedaan
241.17 246.34 15.5981 10.6099 aan
259.994 246.34 15.1142 10.6099 het
278.219 246.34 25.3094 10.6099 adres
306.638 246.34 15.5981 10.6099 van
325.462 246.34 13.9162 10.6099 die
342.79 246.34 45.3542 10.6099 Financiële
391.37 246.34 66.7238 10.6099 dienstverlener
461.38 246.34 11.879 10.6099 als

70.824 259.69 54.8429 10.6099 opgenomen
128.871 259.69 8.28384 10.6099 in
140.291 259.69 15.1162 10.6099 het
158.634 259.69 40.5696 10.6099 Register.

70.824 273.01 19.8029 10.6099 55.2
93.8525 273.01 71.401 10.6099 Kennisgevingen
168.479 273.01 12.119 10.6099 uit
183.708 273.01 32.6362 10.6099 hoofde
219.582 273.01 15.7248 10.6099 van
238.417 273.01 12.2342 10.6099 dit
253.888 273.01 51.84 10.6099 Reglement,
308.85 273.01 32.2665 10.6099 gericht
344.319 273.01 15.5981 10.6099 aan
363.074 273.01 16.7962 10.6099 een
383.107 273.01 56.759 10.6099 Consument,
443.092 273.01 34.0762 10.6099 kunnen

70.824 286.33 55.4131 10.6099 rechtsgeldig
129.493 286.33 36.2323 10.6099 worden
168.971 286.33 31.6819 10.6099 gedaan
203.886 286.33 15.5942 10.6099 aan
222.713 286.33 15.1104 10.6099 het
240.942 286.33 25.3018 10.6099 adres
269.362 286.33 15.721 10.6099 van
288.304 286.33 13.7971 10.6099 die
305.22 286.33 54.4512 10.6099 Consument
362.927 286.33 9.23712 10.6099 of
375.271 286.33 24.1037 10.6099 diens
402.492 286.33 89.4912 10.6099 vertegenwoordiger
495.24 286.33 11.7581 10.6099 als

70.824 299.65 54.8429 10.6099 opgenomen
128.871 299.65 8.28384 10.6099 in
140.291 299.65 15.1162 10.6099 het
158.634 299.65 73.4544 10.6099 klachtformulier,
235.293 299.65 24.9686 10.6099 tenzij
263.386 299.65 54.359 10.6099 Consument
320.972 299.65 9.24 10.6099 of
333.44 299.65 24.1152 10.6099 diens
360.667 299.65 89.399 10.6099 vertegenwoordiger
453.294 299.65 16.7981 10.6099 een

70.824 313.09 64.0982 10.6099 adreswijziging
138.127 313.09 15.6 10.6099 aan
156.86 313.09 11.3933 10.6099 de
171.375 313.09 96.6182 10.6099 Geschillencommissie
271.25 313.09 23.3971 10.6099 heeft
297.884 313.09 62.7934 10.6099 doorgegeven.

70.824 339.73 27.4867 10.6099 Artikel
101.532 339.73 12.0019 10.6099 56
116.78 339.73 39.7171 10.6099 Wijziging
159.725 339.73 45.3619 10.6099 Reglement

70.824 353.05 14.999 10.6099 Dit
89.0486 353.05 49.4323 10.6099 Reglement
141.591 353.05 6.95808 10.6099 is
151.775 353.05 50.6419 10.6099 vastgesteld
205.654 353.05 23.1552 10.6099 door
232.046 353.05 14.999 10.6099 het
250.283 353.05 36.2419 10.6099 Bestuur
289.75 353.05 11.2781 10.6099 en
304.15 353.05 16.0819 10.6099 kan
323.458 353.05 23.1552 10.6099 door
349.85 353.05 14.999 10.6099 het
368.086 353.05 38.7648 10.6099 Bestuur,
410.053 353.05 10.679 10.6099 na
423.889 353.05 34.3296 10.6099 overleg
461.421 353.05 18.2362 10.6099 met
482.802 353.05 11.3933 10.6099 de

70.824 366.37 51.8592 10.6099 Voorzitter,
125.89 366.37 36.2515 10.6099 worden
165.348 366.37 44.3232 10.6099 gewijzigd.

70.824 393.01 27.4867 10.6099 Artikel
101.532 393.01 12.0019 10.6099 57
116.78 393.01 78.3667 10.6099 Hardheidsclausule

70.824 406.33 14.1581 10.6099 De
88.224 406.33 49.3344 10.6099 Voorzitter
140.66 406.33 16.201 10.6099 kan
160.1 406.33 15.5981 10.6099 van
178.924 406.33 11.3933 10.6099 de
193.324 406.33 111.479 10.6099 procedurevoorschriften
308.11 406.33 8.15616 10.6099 in
319.492 406.33 12.2342 10.6099 dit
334.963 406.33 49.3171 10.6099 Reglement
387.58 406.33 37.7971 10.6099 afwijken
428.5 406.33 11.879 10.6099 als
443.62 406.33 15.1142 10.6099 het
461.971 406.33 46.4256 10.6099 toepassen

70.824 419.77 36 10.6099 daarvan
110.05 419.77 22.3258 10.6099 voor
135.474 419.77 16.7962 10.6099 een
155.508 419.77 24.0077 10.6099 partij
182.718 419.77 16.8307 10.6099 zou
202.774 419.77 27.7171 10.6099 leiden
233.717 419.77 13.9162 10.6099 tot
250.87 419.77 16.7962 10.6099 een
270.777 419.77 55.561 10.6099 onbillijkheid
329.575 419.77 15.7248 10.6099 van
348.502 419.77 36.9677 10.6099 ernstige
388.707 419.77 20.16 10.6099 aard
412.104 419.77 11.2781 10.6099 en
426.389 419.77 11.3933 10.6099 de
441.019 419.77 40.6771 10.6099 belangen
484.807 419.77 15.7248 10.6099 van
503.734 419.77 11.4163 10.6099 de

70.824 433.11 32.1523 10.6099 andere
106.213 433.11 24.1229 10.6099 partij
133.435 433.11 43.4304 10.6099 daardoor
179.976 433.11 17.5104 10.6099 niet
200.724 433.11 57.3581 10.6099 onevenredig
261.192 433.11 36.3571 10.6099 worden
300.66 433.11 43.799 10.6099 geschaad.

70.824 446.43 22.9248 10.6099 Deze
96.9514 446.43 36.1498 10.6099 bepaling
136.327 446.43 16.0819 10.6099 kan
155.508 446.43 50.8954 10.6099 bijvoorbeeld
209.605 446.43 31.703 10.6099 worden
244.511 446.43 35.1561 10.6099 gebruikt
282.79 446.43 13.6858 10.6099 om
299.678 446.43 29.8138 10.6099 beroep
332.695 446.43 21.2544 10.6099 open
357.186 446.43 8.28288 10.6099 te
368.695 446.43 27.0259 10.6099 stellen
398.923 446.43 15.1798 10.6099 van
417.225 446.43 57.8467 10.6099 niet-bindende
478.268 446.43 45.2592 10.6099 uitspraken

70.824 459.75 8.28192 10.6099 of
82.344 459.75 13.6858 10.6099 om
99.2323 459.75 40.585 10.6099 termijnen
142.939 459.75 8.28288 10.6099 te
154.448 459.75 40.8038 10.6099 verlengen
198.477 459.75 21.4963 10.6099 waar
223.176 459.75 20.7706 10.6099 deze
247.184 459.75 7.56864 10.6099 in
257.851 459.75 15.4944 10.6099 een
276.548 459.75 44.5594 10.6099 individueel
324.31 459.75 21.8534 10.6099 geval
349.401 459.75 19.3306 10.6099 door
371.934 459.75 10.3565 10.6099 de
385.493 459.75 51.6326 10.6099 complexiteit
440.328 459.75 15.1258 10.6099 van
458.702 459.75 10.4486 10.6099 de
472.354 459.75 21.2659 10.6099 zaak

70.824 473.07 41.4288 10.6099 onredelijk
115.453 473.07 17.2771 10.6099 kort
135.977 473.07 17.2877 10.6099 zijn,
156.362 473.07 8.28192 10.6099 of
167.868 473.07 21.4934 10.6099 waar
192.354 473.07 15.4925 10.6099 een
211.047 473.07 22.2173 10.6099 partij
236.5 473.07 24.4877 10.6099 wordt
264.096 473.07 64.4534 10.6099 geconfronteerd
331.75 473.07 16.8058 10.6099 met
351.803 473.07 15.4925 10.6099 een
370.404 473.07 22.08 10.6099 groot
395.707 473.07 27.0096 10.6099 aantal
425.814 473.07 54.0288 10.6099 vergelijkbare
483.043 473.07 28.68 10.6099 zaken,

70.824 486.39 24.48 10.6099 zodat
98.5296 486.39 13.6858 10.6099 het
115.418 486.39 15.8515 10.6099 niet
134.391 486.39 20.5286 10.6099 goed
158.123 486.39 35.3684 10.6099 mogelijk
196.61 486.39 6.24384 10.6099 is
206.056 486.39 10.4486 10.6099 de
219.754 486.39 40.5965 10.6099 termijnen
263.414 486.39 8.28288 10.6099 te
274.923 486.39 25.7011 10.6099 halen.

70.824 513.15 27.4867 10.6099 Artikel
101.532 513.15 12.0019 10.6099 58
116.78 513.15 24.8486 10.6099 Uitleg

70.824 526.47 14.1581 10.6099 De
88.2077 526.47 49.3171 10.6099 Voorzitter
140.635 526.47 6.95808 10.6099 is
150.819 526.47 38.8685 10.6099 bevoegd
192.821 526.47 11.3933 10.6099 de
207.451 526.47 111.364 10.6099 procedurevoorschriften
322.041 526.47 15.7248 10.6099 van
340.968 526.47 12.2573 10.6099 dit
356.336 526.47 49.4323 10.6099 Reglement
408.878 526.47 12.119 10.6099 uit
424.223 526.47 9.35424 10.6099 te
436.688 526.47 29.1571 10.6099 leggen
469.07 526.47 11.2781 10.6099 en
483.459 526.47 15.5981 10.6099 aan
502.283 526.47 9.23904 10.6099 te

70.824 539.79 29.6179 10.6099 vullen.

70.824 566.43 92.5286 10.6099 Inwerkingtreding
166.436 566.43 13.079 10.6099 en
182.668 566.43 99.3638 10.6099 overgangsbepaling

70.824 579.75 27.4867 10.6099 Artikel
101.532 579.75 12.0019 10.6099 59

70.824 593.07 14.999 10.6099 Dit
89.0486 593.07 49.4323 10.6099 Reglement
141.591 593.07 29.1456 10.6099 treedt
173.859 593.07 8.28288 10.6099 in
185.367 593.07 36.9562 10.6099 werking
225.549 593.07 12.119 10.6099 op
241.01 593.07 5.76 10.6099 1
249.88 593.07 20.2867 10.6099 april
273.37 593.07 22.9478 10.6099 2017
299.59 593.07 11.2781 10.6099 en
313.978 593.07 6.83136 10.6099 is
324.047 593.07 15.7248 10.6099 van
342.974 593.07 48.3725 10.6099 toepassing
394.584 593.07 12.0038 10.6099 op
409.813 593.07 40.7923 10.6099 Klachten
453.843 593.07 13.9162 10.6099 die
470.996 593.07 23.3971 10.6099 vanaf
497.619 593.07 13.9162 10.6099 die

70.824 606.42 29.2723 10.6099 datum
103.333 606.42 10.8058 10.6099 bij
117.38 606.42 11.2781 10.6099 de
131.884 606.42 96.48 10.6099 Geschillencommissie
231.65 606.42 36.3571 10.6099 worden
271.118 606.42 46.679 10.6099 ingediend.
321.022 606.42 24.2381 10.6099 Voor
348.486 606.42 40.8038 10.6099 Klachten
392.515 606.42 13.9162 10.6099 die
409.66 606.42 22.3258 10.6099 voor
435.085 606.42 11.3933 10.6099 de
449.715 606.42 29.2723 10.6099 datum
482.098 606.42 15.7248 10.6099 van

70.824 619.86 78.3389 10.6099 inwerkingtreding
152.394 619.86 15.5923 10.6099 van
171.218 619.86 12.2285 10.6099 dit
186.574 619.86 49.2941 10.6099 Reglement
239.21 619.86 7.44192 10.6099 al
249.774 619.86 44.3981 10.6099 aanhangig
297.282 619.86 28.9152 10.6099 waren
329.423 619.86 9.23904 10.6099 of
341.888 619.86 15.6096 10.6099 zijn
360.596 619.86 40.5504 10.6099 geweest,
404.257 619.86 20.0448 10.6099 blijft
427.504 619.86 11.3126 10.6099 de
442.18 619.86 12.119 10.6099 op
457.525 619.86 5.76 10.6099 1
466.42 619.86 37.9181 10.6099 oktober

70.824 633.18 23.04 10.6099 2014
97.0896 633.18 8.28288 10.6099 in
108.598 633.18 36.9562 10.6099 werking
148.78 633.18 41.3914 10.6099 getreden
193.37 633.18 27.5923 10.6099 versie
224.21 633.18 15.7248 10.6099 van
243.137 633.18 15.0336 10.6099 het
261.408 633.18 49.321 10.6099 Reglement
313.851 633.18 15.7248 10.6099 van
332.83 633.18 32.1754 10.6099 kracht,
368.212 633.18 24.8698 10.6099 tenzij
396.288 633.18 35.4144 10.6099 partijen
434.713 633.18 51.1296 10.6099 instemmen
489.049 633.18 18.24 10.6099 met

70.824 646.5 48.4992 10.6099 toepassing
122.533 646.5 15.7325 10.6099 van
141.349 646.5 12.265 10.6099 dit
156.732 646.5 49.3248 10.6099 Reglement
209.268 646.5 12.1229 10.6099 op
224.647 646.5 16.8038 10.6099 een
244.534 646.5 17.0458 10.6099 nog
264.698 646.5 49.8355 10.6099 aanhangige
317.744 646.5 30.2092 10.6099 klacht.

513.36 37.56 11.2373 11.04 21

70.824 86.2597 25.079 10.6099 Deel
99.1286 86.2597 9.23904 10.6099 D

70.824 99.5797 122.162 10.6099 Begripsomschrijvingen

70.824 126.34 27.4867 10.6099 Artikel
101.532 126.34 12.0019 10.6099 60
116.78 126.34 43.3498 10.6099 Begrippen

70.824 139.66 8.64 10.6099 In
82.6896 139.66 12.2342 10.6099 dit
98.161 139.66 49.3171 10.6099 Reglement
150.715 139.66 28.7885 10.6099 wordt
182.741 139.66 38.8685 10.6099 verstaan
224.846 139.66 30.5971 10.6099 onder:

70.824 166.3 38.88 10.6099 Bestuur:

70.824 179.62 17.7523 10.6099 Het
91.8134 179.62 35.6314 10.6099 bestuur
130.555 179.62 15.7248 10.6099 van
149.483 179.62 23.7773 10.6099 Kifid.

70.824 206.26 54.2707 10.6099 Commissie:

70.824 219.7 17.7523 10.6099 Het
91.8134 219.7 14.0429 10.6099 Lid
109.082 219.7 9.23904 10.6099 of
121.431 219.7 11.3933 10.6099 de
136.062 219.7 28.1894 10.6099 Leden
167.488 219.7 15.7248 10.6099 van
186.312 219.7 11.2781 10.6099 de
200.816 219.7 96.5952 10.6099 Geschillencommissie
300.648 219.7 13.9162 10.6099 die
317.675 219.7 15.6096 10.6099 zijn
336.487 219.7 55.8259 10.6099 aangewezen
395.538 219.7 15.241 10.6099 om
413.89 219.7 16.7962 10.6099 een
433.808 219.7 45.239 10.6099 specifieke
482.272 219.7 29.641 10.6099 Klacht
515.024 219.7 9.35424 10.6099 te

70.824 233.02 55.4342 10.6099 behandelen.

70.824 259.69 57.024 10.6099 Consument:

70.824 273.01 29.879 10.6099 Iedere
103.94 273.01 49.2019 10.6099 natuurlijke
156.241 273.01 38.6381 10.6099 persoon
198.104 273.01 13.9162 10.6099 die
215.33 273.01 34.0762 10.6099 handelt
252.65 273.01 22.3258 10.6099 voor
278.075 273.01 51.1448 10.6099 doeleinden
332.457 273.01 13.9162 10.6099 die
349.61 273.01 29.0419 10.6099 buiten
381.877 273.01 15.6096 10.6099 zijn
400.586 273.01 40.997 10.6099 handels-,
444.82 273.01 40.3229 10.6099 bedrijfs-,

70.824 286.33 47.277 10.6099 ambachts-
121.34 286.33 9.23904 10.6099 of
133.689 286.33 77.3914 10.6099 beroepsactiviteit
214.37 286.33 28.8029 10.6099 vallen.
246.41 286.33 32.5094 10.6099 Wordt
282.157 286.33 11.3933 10.6099 de
296.66 286.33 67.1846 10.6099 overeenkomst
367.082 286.33 38.039 10.6099 evenwel
408.324 286.33 38.6611 10.6099 gesloten
450.21 286.33 22.3258 10.6099 voor

70.824 299.65 51.2726 10.6099 doeleinden
125.274 299.65 13.9258 10.6099 die
142.32 299.65 23.8886 10.6099 deels
169.317 299.65 31.0013 10.6099 binnen
203.531 299.65 11.2829 10.6099 en
218.06 299.65 23.7504 10.6099 deels
245.023 299.65 29.1811 10.6099 buiten
277.39 299.65 8.28288 10.6099 in
288.898 299.65 11.3933 10.6099 de
303.402 299.65 28.8 10.6099 vorige
335.428 299.65 27.0144 10.6099 volzin
365.645 299.65 48.2573 10.6099 genoemde
417.1 299.65 39.4906 10.6099 activiteit
459.793 299.65 15.7248 10.6099 van
478.778 299.65 11.3933 10.6099 de

70.824 313.09 38.7533 10.6099 persoon
112.814 313.09 26.1619 10.6099 liggen
142.075 313.09 50.5152 10.6099 (gemengde
195.701 313.09 82.2365 10.6099 overeenkomsten)
281.174 313.09 11.2723 10.6099 en
295.569 313.09 6.95232 10.6099 is
305.758 313.09 14.9875 10.6099 het
324.07 313.09 42.1171 10.6099 oogmerk
369.31 313.09 15.7248 10.6099 van
388.237 313.09 13.9392 10.6099 die
405.287 313.09 39.479 10.6099 activiteit
448.06 313.09 11.1629 10.6099 zo
462.448 313.09 36.3571 10.6099 beperkt
502.043 313.09 14.6304 10.6099 dat

70.824 326.41 15.1142 10.6099 het
89.1754 326.41 31.081 10.6099 binnen
123.378 326.41 11.3933 10.6099 de
138.009 326.41 37.1156 10.6099 algehele
178.35 326.41 35.9885 10.6099 context
217.575 326.41 15.7248 10.6099 van
236.411 326.41 11.3933 10.6099 de
251.041 326.41 67.0694 10.6099 overeenkomst
321.348 326.41 17.6371 10.6099 niet
342.222 326.41 53.5104 10.6099 overheerst,
398.866 326.41 16.5542 10.6099 dan
418.78 326.41 23.3971 10.6099 dient
445.414 326.41 13.9162 10.6099 die
462.568 326.41 38.6381 10.6099 persoon

70.824 339.73 43.0867 10.6099 eveneens
117.117 339.73 11.881 10.6099 als
132.135 339.73 54.3598 10.6099 Consument
189.732 339.73 9.23904 10.6099 te
202.197 339.73 36.3571 10.6099 worden
241.78 339.73 56.759 10.6099 aangemerkt.

70.824 353.05 31.1962 10.6099 Onder
105.257 353.05 15.1142 10.6099 het
123.493 353.05 29.0419 10.6099 begrip
155.761 353.05 54.2362 10.6099 Consument
213.234 353.05 28.9152 10.6099 wordt
245.26 353.05 30.1133 10.6099 tevens
278.495 353.05 45.7229 10.6099 begrepen:

70.824 366.37 8.64 10.6099 a)
82.6896 366.37 16.7962 10.6099 een
102.723 366.37 67.7837 10.6099 rechtspersoon
173.628 366.37 38.2925 10.6099 waarvan
215.124 366.37 11.4163 10.6099 de
229.765 366.37 52.1971 10.6099 doelstelling
285.188 366.37 31.3229 10.6099 zozeer
319.737 366.37 6.95808 10.6099 is
329.92 366.37 32.1638 10.6099 gericht
365.183 366.37 12.119 10.6099 op
380.528 366.37 14.999 10.6099 het
398.764 366.37 52.9229 10.6099 particuliere
454.912 366.37 29.399 10.6099 belang
487.537 366.37 15.5981 10.6099 van
506.361 366.37 16.7962 10.6099 een

70.824 379.69 9.23904 10.6099 of
83.2886 379.69 24.48 10.6099 meer
110.994 379.69 49.0867 10.6099 natuurlijke
163.307 379.69 43.4419 10.6099 personen
209.974 379.69 13.9162 10.6099 die
227.127 379.69 80.5248 10.6099 aandeelhouder(s)
310.774 379.69 9.23904 10.6099 of
323.239 379.69 63.36 10.6099 bestuurder(s)
389.836 379.69 9.23904 10.6099 of
402.3 379.69 10.7942 10.6099 lid
416.332 379.69 15.7248 10.6099 van
435.156 379.69 21.7152 10.6099 deze

70.824 393.01 67.8874 10.6099 rechtspersoon
141.852 393.01 18.1248 10.6099 zijn,
163.199 393.01 14.6266 10.6099 dat
180.944 393.01 21.6058 10.6099 deze
205.783 393.01 11.8733 10.6099 als
220.889 393.01 16.7923 10.6099 een
240.788 393.01 53.2838 10.6099 verlengstuk
297.305 393.01 15.721 10.6099 van
316.133 393.01 13.9123 10.6099 die
333.278 393.01 49.079 10.6099 natuurlijke
385.591 393.01 38.8293 10.6099 persoon
427.646 393.01 9.12384 10.6099 of
439.995 393.01 43.6723 10.6099 personen
486.789 393.01 16.1971 10.6099 kan

70.824 406.33 36.3571 10.6099 worden
110.407 406.33 55.319 10.6099 beschouwd;
168.963 406.33 58.6714 10.6099 voorbeelden
230.871 406.33 34.0877 10.6099 hiervan
268.058 406.33 15.6096 10.6099 zijn
286.87 406.33 57.1507 10.6099 persoonlijke
347.223 406.33 123.022 10.6099 pensioenvennootschappen
473.471 406.33 11.2781 10.6099 en

70.824 419.77 58.2854 10.6099 verenigingen
132.358 419.77 15.7133 10.6099 van
151.193 419.77 45.4637 10.6099 eigenaars.
199.894 419.77 47.4797 10.6099 Beslissend
250.519 419.77 6.95232 10.6099 is
260.708 419.77 9.23328 10.6099 of
273.063 419.77 11.3875 10.6099 de
287.688 419.77 67.657 10.6099 rechtspersoon
358.582 419.77 8.27712 10.6099 in
369.97 419.77 29.8598 10.6099 wezen
403.078 419.77 16.6694 10.6099 een
422.985 419.77 46.9037 10.6099 verlenging
473.114 419.77 6.95232 10.6099 is
483.303 419.77 15.5981 10.6099 van
502.127 419.77 11.3875 10.6099 de

70.824 433.11 38.7533 10.6099 persoon
112.814 433.11 15.7248 10.6099 van
131.638 433.11 54.3514 10.6099 Consument
189.227 433.11 8.15616 10.6099 in
200.608 433.11 24.1114 10.6099 diens
227.957 433.11 61.1942 10.6099 hoedanigheid
292.261 433.11 15.7248 10.6099 van
311.097 433.11 56.9894 10.6099 Consument.

70.824 446.43 9.48096 10.6099 b)
83.5306 446.43 11.3933 10.6099 de
98.161 446.43 49.559 10.6099 deelnemer
150.946 446.43 15.5981 10.6099 aan
169.654 446.43 16.7962 10.6099 een
189.572 446.43 80.3981 10.6099 pensioenregeling,
273.092 446.43 23.04 10.6099 zoals
299.358 446.43 37.3133 10.6099 bedoeld
339.908 446.43 8.28288 10.6099 in
351.417 446.43 29.2838 10.6099 artikel
383.926 446.43 5.76 10.6099 1
392.796 446.43 15.7248 10.6099 van
411.724 446.43 11.4163 10.6099 de
426.251 446.43 59.2704 10.6099 Pensioenwet
488.758 446.43 8.28288 10.6099 in
500.14 446.43 15.6096 10.6099 zijn

70.824 459.75 61.3094 10.6099 hoedanigheid
135.371 459.75 15.5981 10.6099 van
154.194 459.75 52.3123 10.6099 verzekerde
209.744 459.75 49.2019 10.6099 natuurlijke
262.044 459.75 38.7533 10.6099 persoon
303.908 459.75 15.5981 10.6099 van
322.732 459.75 11.3933 10.6099 de
337.362 459.75 67.1846 10.6099 overeenkomst
407.669 459.75 15.7248 10.6099 van
426.596 459.75 82.9555 10.6099 levensverzekering

70.824 473.07 18.2362 10.6099 met
92.2973 473.07 80.5248 10.6099 pensioenclausule.

70.824 486.39 8.76096 10.6099 c)
82.824 486.39 11.3933 10.6099 de
97.4544 486.39 49.0752 10.6099 natuurlijke
149.767 486.39 38.6381 10.6099 persoon
191.527 486.39 13.9162 10.6099 die
208.68 486.39 16.7962 10.6099 een
228.713 486.39 24.1229 10.6099 eigen
256.062 486.39 74.1254 10.6099 vorderingsrecht
333.413 486.39 39.1104 10.6099 ontleent
375.634 486.39 15.5981 10.6099 aan
394.457 486.39 16.681 10.6099 een
414.364 486.39 67.1846 10.6099 overeenkomst
484.786 486.39 15.7248 10.6099 van

70.824 499.71 54.2131 10.6099 verzekering
128.274 499.71 37.5437 10.6099 alsmede
169.055 499.71 32.8723 10.6099 degene
205.164 499.71 13.9046 10.6099 die
222.318 499.71 11.8656 10.6099 als
237.305 499.71 83.739 10.6099 derde-benadeelde
324.281 499.71 15.5981 10.6099 aan
343.105 499.71 11.3933 10.6099 de
357.609 499.71 17.6371 10.6099 wet
378.368 499.71 16.7962 10.6099 een
398.401 499.71 24.2381 10.6099 eigen
425.75 499.71 24.5952 10.6099 recht
453.57 499.71 12.119 10.6099 op

70.824 513.15 82.5523 10.6099 schadevergoeding
156.487 513.15 38.9952 10.6099 ontleent
198.719 513.15 25.5514 10.6099 tegen
227.508 513.15 16.681 10.6099 een
247.414 513.15 57.9388 10.6099 verzekeraar.
308.47 513.15 49.0906 10.6099 Hieronder
360.767 513.15 16.3296 10.6099 valt
380.222 513.15 17.6429 10.6099 niet
401.072 513.15 11.3146 10.6099 de
415.616 513.15 59.4029 10.6099 zogenoemde
478.225 513.15 35.3484 10.6099 ‘directe

70.824 526.47 24.3648 10.6099 actie’
98.3914 526.47 15.7248 10.6099 van
117.376 526.47 15.84 10.6099 art.
136.327 526.47 25.5629 10.6099 7:954
165.012 526.47 44.811 10.6099 Burgerlijk
213.05 526.47 47.0429 10.6099 Wetboek.

70.824 539.79 9.59616 10.6099 d)
83.6573 539.79 11.3933 10.6099 de
98.2877 539.79 49.0867 10.6099 natuurlijke
150.577 539.79 38.6726 10.6099 persoon
192.372 539.79 18.2362 10.6099 met
213.845 539.79 16.7962 10.6099 een
233.878 539.79 63.0144 10.6099 Privacyklacht.

70.824 553.11 14.5267 10.6099 Ter
88.5533 553.11 43.3382 10.6099 toelichting
135.129 553.11 10.8058 10.6099 op
149.033 553.11 10.4486 10.6099 de
162.684 553.11 20.7821 10.6099 tekst
186.704 553.11 24.503 10.6099 onder
214.409 553.11 10.08 10.6099 c):
227.81 553.11 17.6486 10.6099 Met
248.558 553.11 24.8602 10.6099 ‘eigen
276.62 553.11 67.5878 10.6099 vorderingsrecht’
347.411 553.11 24.4915 10.6099 wordt
375.151 553.11 33.0278 10.6099 gedoeld
411.381 553.11 10.8058 10.6099 op
425.424 553.11 10.3219 10.6099 de
438.949 553.11 77.3338 10.6099 verzekeringnemer

70.824 566.43 8.28288 10.6099 of
82.3325 566.43 78.8659 10.6099 (derde)verzekerde
164.401 566.43 12.6144 10.6099 die
180.126 566.43 16.0819 10.6099 aan
199.433 566.43 10.4486 10.6099 de
213.084 566.43 113.426 10.6099 verzekeringsovereenkomst
329.736 566.43 15.4944 10.6099 een
348.433 566.43 21.7267 10.6099 recht
373.282 566.43 10.8058 10.6099 op
387.29 566.43 37.2211 10.6099 uitkering
427.621 566.43 36.864 10.6099 ontleent.
467.688 566.43 12.6029 10.6099 De
483.54 566.43 15.3677 10.6099 wet
502.006 566.43 19.151 10.6099 kent

70.824 579.75 16.2086 10.6099 aan
90.2352 579.75 39.5136 10.6099 bepaalde
132.951 579.75 54.7661 10.6099 benadeelden
190.701 579.75 15.4944 10.6099 een
209.398 579.75 22.5792 10.6099 eigen
235.214 579.75 21.7267 10.6099 recht
260.04 579.75 10.8058 10.6099 op
274.048 579.75 75.6403 10.6099 schadevergoeding
352.891 579.75 13.4438 10.6099 toe
369.572 579.75 17.8906 10.6099 (art.
390.562 579.75 6.00192 10.6099 6
399.789 579.75 18.9619 10.6099 Wet

70.824 593.07 128.644 10.6099 aansprakelijkheidsverzekering
202.699 593.07 65.4019 10.6099 motorrijtuigen).

70.824 606.42 16.3238 10.6099 Het
90.3504 606.42 26.8992 10.6099 artikel
120.498 606.42 40.2048 10.6099 definieert
163.802 606.42 13.6858 10.6099 het
180.69 606.42 26.6918 10.6099 begrip
210.585 606.42 53.1763 10.6099 ‘Consument’
266.998 606.42 10.4486 10.6099 en
280.546 606.42 24.8602 10.6099 breidt
308.505 606.42 14.0429 10.6099 dat
325.773 606.42 26.784 10.6099 begrip
355.76 606.42 10.8058 10.6099 uit
369.676 606.42 11.6352 10.6099 tot
384.548 606.42 15.4944 10.6099 een
403.13 606.42 27.0144 10.6099 aantal
433.232 606.42 42.025 10.6099 specifieke
478.459 606.42 36.7488 10.6099 gevallen.

70.824 619.86 12.2458 10.6099 Als
86.2723 619.86 15.4944 10.6099 een
105.015 619.86 34.0992 10.6099 persoon
142.202 619.86 12.6144 10.6099 die
158.019 619.86 15.5298 10.6099 een
176.751 619.86 25.7011 10.6099 klacht
205.689 619.86 28.823 10.6099 indient
237.715 619.86 20.4134 10.6099 geen
261.239 619.86 48.6144 10.6099 Consument
312.941 619.86 6.24384 10.6099 is
322.387 619.86 8.28288 10.6099 of
333.93 619.86 38.4307 10.6099 daarmee
375.437 619.86 15.8515 10.6099 niet
394.491 619.86 21.7382 10.6099 gelijk
419.339 619.86 29.7677 10.6099 gesteld
452.31 619.86 26.7725 10.6099 wordt,
482.5 619.86 16.0819 10.6099 kan
501.681 619.86 10.4486 10.6099 de

70.824 633.18 87.0451 10.6099 Geschillencommissie
161.052 633.18 10.4506 10.6099 de
174.594 633.18 27.001 10.6099 Klacht
204.802 633.18 15.8573 10.6099 niet
223.97 633.18 7.56864 10.6099 in
234.741 633.18 51.6557 10.6099 behandeling
289.63 633.18 31.561 10.6099 nemen.
324.417 633.18 22.4525 10.6099 Geen
350.072 633.18 48.6144 10.6099 Consument
401.808 633.18 6.24384 10.6099 is
411.254 633.18 24.6182 10.6099 onder
438.994 633.18 22.2221 10.6099 meer
464.419 633.18 10.4486 10.6099 de

70.824 646.5 57.3773 10.6099 kredietnemer
131.412 646.5 15.1334 10.6099 van
149.755 646.5 15.5021 10.6099 een
168.352 646.5 32.6746 10.6099 zakelijk
204.237 646.5 32.087 10.6099 krediet,
239.534 646.5 15.6058 10.6099 ook
258.224 646.5 15.863 10.6099 niet
277.332 646.5 11.6544 10.6099 als
292.058 646.5 31.2422 10.6099 verhaal
326.51 646.5 24.5069 10.6099 wordt
354.228 646.5 33.5002 10.6099 gezocht
390.811 646.5 10.8096 10.6099 op
404.877 646.5 22.1107 10.6099 diens
430.048 646.5 65.0834 10.6099 privévermogen.

70.824 659.82 17.9942 10.6099 Ook
92.0554 659.82 39.3562 10.6099 personen
134.649 659.82 12.6029 10.6099 die
150.362 659.82 31.7396 10.6099 hebben
185.304 659.82 27.8899 10.6099 belegd
216.397 659.82 7.56864 10.6099 in
227.202 659.82 48.8794 10.6099 onroerende
279.146 659.82 26.4038 10.6099 zaken
308.71 659.82 31.679 10.6099 worden
343.63 659.82 20.4019 10.6099 vaak
367.27 659.82 15.8515 10.6099 niet
386.22 659.82 11.6467 10.6099 als
401.07 659.82 48.5222 10.6099 Consument
452.794 659.82 49.6973 10.6099 beschouwd.

70.824 686.46 48.9485 10.6099 Deskundig
123.01 686.46 16.5658 10.6099 Lid:

70.824 699.78 17.0381 10.6099 Een
91.0877 699.78 14.0429 10.6099 Lid
108.356 699.78 15.7248 10.6099 van
127.18 699.78 11.3933 10.6099 de
141.81 699.78 96.48 10.6099 Geschillencommissie
241.493 699.78 14.6534 10.6099 dat
259.257 699.78 27.2448 10.6099 ruime
289.612 699.78 37.6819 10.6099 ervaring
330.496 699.78 23.5354 10.6099 heeft
357.269 699.78 14.999 10.6099 ten
375.493 699.78 34.2029 10.6099 aanzien
412.795 699.78 15.7248 10.6099 van
431.63 699.78 11.3933 10.6099 de
446.261 699.78 45.4925 10.6099 Financiële
494.864 699.78 27.9475 10.6099 dienst

70.824 713.22 34.8019 10.6099 waarop
108.852 713.22 11.3933 10.6099 de
123.367 713.22 29.641 10.6099 Klacht
156.233 713.22 49.2019 10.6099 betrekking
208.661 713.22 26.0352 10.6099 heeft.

513.36 37.56 11.2373 11.04 22

70.824 86.2597 45.4666 10.6099 Financiële
119.533 86.2597 30.4531 10.6099 dienst:

70.824 99.5797 8.64 10.6099 a)
82.6896 99.5797 16.7962 10.6099 een
102.723 99.5797 55.3075 10.6099 betaaldienst
161.164 99.5797 11.8771 10.6099 als
176.278 99.5797 37.3133 10.6099 bedoeld
216.828 99.5797 8.28288 10.6099 in
228.337 99.5797 11.3933 10.6099 de
242.841 99.5797 21.3581 10.6099 Wet
267.321 99.5797 12.119 10.6099 op
282.665 99.5797 15.1142 10.6099 het
300.89 99.5797 42.8429 10.6099 financieel
346.935 99.5797 40.2278 10.6099 toezicht.

70.824 112.9 9.48096 10.6099 b)
83.5306 112.9 16.7962 10.6099 een
103.564 112.9 42.8429 10.6099 financiële
149.632 112.9 27.9475 10.6099 dienst
180.702 112.9 11.8771 10.6099 als
195.689 112.9 37.4285 10.6099 bedoeld
236.355 112.9 8.28288 10.6099 in
247.737 112.9 11.3933 10.6099 de
262.252 112.9 21.3581 10.6099 Wet
286.836 112.9 12.119 10.6099 op
302.065 112.9 14.999 10.6099 het
320.301 112.9 42.9696 10.6099 financieel
366.473 112.9 40.1126 10.6099 toezicht,
409.788 112.9 18.2362 10.6099 ook
431.158 112.9 27.8323 10.6099 indien
462.228 112.9 21.7152 10.6099 deze
487.065 112.9 28.9152 10.6099 wordt

70.824 126.34 40.3027 10.6099 verleend
114.364 126.34 15.1027 10.6099 ten
132.6 126.34 34.1683 10.6099 aanzien
170.017 126.34 15.5981 10.6099 van
188.737 126.34 16.7846 10.6099 een
208.77 126.34 42.9408 10.6099 financieel
254.948 126.34 50.7283 10.6099 instrument
308.695 126.34 9.23328 10.6099 of
321.165 126.34 15.7133 10.6099 van
340.116 126.34 16.7846 10.6099 een
360.022 126.34 67.3593 10.6099 overeenkomst
430.503 126.34 15.7248 10.6099 van

70.824 139.66 83.0246 10.6099 levensverzekering
156.965 139.66 18.2304 10.6099 met
178.438 139.66 80.5018 10.6099 pensioenclausule.

70.824 152.98 8.76672 10.6099 c)
82.7933 152.98 16.8192 10.6099 een
102.838 152.98 32.0371 10.6099 andere
138.101 152.98 42.9696 10.6099 financiële
184.169 152.98 27.8323 10.6099 dienst
215.239 152.98 13.9162 10.6099 die
232.392 152.98 45.239 10.6099 krachtens
280.753 152.98 11.3933 10.6099 de
295.383 152.98 29.641 10.6099 tussen
328.25 152.98 16.7962 10.6099 een
348.43 152.98 45.3542 10.6099 Financiële
397.01 152.98 66.7238 10.6099 dienstverlener
467.02 152.98 11.2781 10.6099 en
481.524 152.98 16.681 10.6099 een

70.824 166.3 54.4973 10.6099 Consument
128.532 166.3 41.4182 10.6099 geldende
173.068 166.3 85.9507 10.6099 overeenkomst(en)
262.102 166.3 15.6058 10.6099 aan
280.99 166.3 15.1142 10.6099 (de
299.215 166.3 96.6067 10.6099 Geschillencommissie
398.932 166.3 14.5267 10.6099 bij)
416.74 166.3 21.2429 10.6099 Kifid
441.208 166.3 16.1971 10.6099 kan
460.631 166.3 36.2304 10.6099 worden

70.824 179.62 54.0864 10.6099 voorgelegd,
128.159 179.62 9.23328 10.6099 of
140.514 179.62 45.0567 10.6099 waarvoor
188.578 179.62 16.7962 10.6099 een
208.61 179.62 45.4666 10.6099 Financiële
257.216 179.62 66.8362 10.6099 dienstverlener
327.31 179.62 16.7962 10.6099 een
347.343 179.62 54.3514 10.6099 Consument
404.805 179.62 20.16 10.6099 naar
428.14 179.62 15.1123 10.6099 (de

70.824 192.94 96.6701 10.6099 Geschillencommissie
170.641 192.94 14.5123 10.6099 bij)
188.33 192.94 21.3581 10.6099 Kifid
212.914 192.94 23.5123 10.6099 heeft
239.663 192.94 47.4048 10.6099 verwezen.

70.824 219.7 45.4666 10.6099 Financiële
119.533 219.7 69.3446 10.6099 dienstverlener:

70.824 233.02 17.0381 10.6099 Een
91.104 233.02 8.28 10.6099 in
102.61 233.02 15.1142 10.6099 het
120.834 233.02 38.2694 10.6099 Register
162.226 233.02 60.2496 10.6099 ingeschreven
225.77 233.02 42.9696 10.6099 financiële
271.838 233.02 61.321 10.6099 onderneming
336.362 233.02 11.8771 10.6099 als
351.488 233.02 37.3133 10.6099 bedoeld
392.038 233.02 8.28288 10.6099 in
403.42 233.02 11.3933 10.6099 de
418.05 233.02 21.2314 10.6099 Wet
442.519 233.02 12.119 10.6099 op
457.863 233.02 15.1142 10.6099 het
476.088 233.02 42.9696 10.6099 financieel

70.824 246.34 40.2355 10.6099 toezicht,
114.235 246.34 37.5898 10.6099 alsmede
155.035 246.34 16.8038 10.6099 een
174.957 246.34 55.3805 10.6099 verzekeraar
233.548 246.34 8.28672 10.6099 in
245.045 246.34 15.5059 10.6099 zijn
263.761 246.34 61.1098 10.6099 hoedanigheid
328.081 246.34 15.7325 10.6099 van
347.058 246.34 93.4963 10.6099 pensioenuitvoerder.

70.824 273.01 99.2112 10.6099 Geschillencommissie:

70.824 286.33 14.1581 10.6099 De
88.2077 286.33 96.5952 10.6099 Geschillencommissie
188.04 286.33 45.3658 10.6099 Financiële
236.608 286.33 75.2602 10.6099 Dienstverlening,
314.99 286.33 11.8771 10.6099 als
330.105 286.33 37.4285 10.6099 bedoeld
370.655 286.33 8.28288 10.6099 in
382.164 286.33 11.3933 10.6099 de
396.667 286.33 37.9008 10.6099 statuten
437.586 286.33 15.7248 10.6099 van
456.514 286.33 23.904 10.6099 Kifid.

70.824 313.09 23.8829 10.6099 Kifid:

70.824 326.41 14.1581 10.6099 De
88.2077 326.41 39.479 10.6099 Stichting
130.809 326.41 79.0733 10.6099 Klachteninstituut
213.119 326.41 45.4925 10.6099 Financiële
261.699 326.41 75.2486 10.6099 Dienstverlening.

70.824 353.05 32.1811 10.6099 Klacht:

70.824 366.37 19.319 10.6099 Elke
93.3686 366.37 25.321 10.6099 uiting
121.94 366.37 15.5981 10.6099 van
140.764 366.37 38.6381 10.6099 onvrede
182.512 366.37 28.9152 10.6099 inzake
214.653 366.37 16.7962 10.6099 een
234.686 366.37 45.3658 10.6099 Financiële
283.255 366.37 27.8554 10.6099 dienst
314.22 366.37 29.7446 10.6099 tussen
347.214 366.37 16.681 10.6099 een
367.12 366.37 54.3514 10.6099 Consument
424.709 366.37 11.1629 10.6099 en
439.097 366.37 16.7962 10.6099 een
459.13 366.37 9.23904 10.6099 of
471.48 366.37 24.48 10.6099 meer

70.824 379.69 45.4666 10.6099 Financiële
119.533 379.69 73.8394 10.6099 dienstverleners.
196.49 379.69 31.1962 10.6099 Onder
230.923 379.69 29.5142 10.6099 Klacht
263.675 379.69 28.9152 10.6099 wordt
295.7 379.69 29.9981 10.6099 tevens
328.935 379.69 41.5181 10.6099 verstaan:
373.564 379.69 16.7962 10.6099 een
393.597 379.69 62.8877 10.6099 Privacyklacht.
459.82 379.69 17.0381 10.6099 Een
480.084 379.69 29.5267 10.6099 Klacht

70.824 393.01 16.1971 10.6099 kan
90.2467 393.01 26.761 10.6099 alleen
120.26 393.01 36.2304 10.6099 worden
159.728 393.01 53.6371 10.6099 beoordeeld
216.602 393.01 20.16 10.6099 naar
239.872 393.01 53.879 10.6099 Nederlands
296.988 393.01 27.1296 10.6099 recht.

70.824 419.77 28.3162 10.6099 Leden
102.377 419.77 24.0056 10.6099 (Lid):

70.824 433.11 14.1581 10.6099 De
88.2077 433.11 25.1942 10.6099 leden
116.639 433.11 20.4019 10.6099 (een
140.267 433.11 14.6419 10.6099 lid)
158.007 433.11 15.7248 10.6099 van
176.935 433.11 11.4163 10.6099 de
191.358 433.11 99.2563 10.6099 Geschillencommissie.

70.824 459.75 48.8389 10.6099 Mediation:

70.824 473.07 57.2237 10.6099 Alternatieve
131.277 473.07 87.3331 10.6099 geschillenoplossing
221.863 473.07 12.48 10.6099 via
237.572 473.07 16.6733 10.6099 een
257.475 473.07 15.5904 10.6099 aan
276.191 473.07 21.3427 10.6099 Kifid
300.775 473.07 50.0122 10.6099 verbonden
354.039 473.07 44.8742 10.6099 mediator.

70.824 499.71 63.1411 10.6099 Privacyklacht:

70.824 513.15 17.0381 10.6099 Een
91.0877 513.15 27.6019 10.6099 klacht
121.812 513.15 13.9162 10.6099 die
138.965 513.15 49.3171 10.6099 betrekking
191.404 513.15 23.5123 10.6099 heeft
218.153 513.15 12.119 10.6099 op
233.498 513.15 11.3502 10.6099 de
248.074 513.15 46.679 10.6099 uitvoering
297.978 513.15 15.7248 10.6099 van
316.802 513.15 11.3933 10.6099 de
331.432 513.15 40.5619 10.6099 artikelen
375.22 513.15 5.76 10.6099 6
384.206 513.15 15.84 10.6099 t/m
403.271 513.15 14.0429 10.6099 24,
420.413 513.15 11.52 10.6099 27
435.055 513.15 15.9552 10.6099 t/m
454.247 513.15 14.0429 10.6099 30,
471.516 513.15 11.52 10.6099 32
486.146 513.15 15.9552 10.6099 t/m
505.338 513.15 13.9277 10.6099 44,

70.824 526.47 11.52 10.6099 76
85.5696 526.47 11.2781 10.6099 en
100.073 526.47 11.52 10.6099 77
114.704 526.47 15.7248 10.6099 van
133.631 526.47 11.4163 10.6099 de
148.158 526.47 21.3581 10.6099 Wet
172.638 526.47 58.5677 10.6099 bescherming
234.408 526.47 84.6144 10.6099 persoonsgegevens
322.26 526.47 9.23904 10.6099 of
334.724 526.47 11.3933 10.6099 de
349.228 526.47 46.8058 10.6099 uitvoering
399.132 526.47 15.7248 10.6099 van
418.06 526.47 11.4163 10.6099 de
432.483 526.47 61.5514 10.6099 Gedragscode

70.824 539.79 54.1382 10.6099 Verwerking
128.169 539.79 84.7354 10.6099 Persoonsgegevens
216.11 539.79 45.5098 10.6099 Financiële
264.723 539.79 54.3629 10.6099 Instellingen.
322.292 539.79 15.2429 10.6099 Op
340.788 539.79 40.8058 10.6099 Klachten
384.8 539.79 13.943 10.6099 die
401.98 539.79 15.5981 10.6099 zijn
420.82 539.79 39.7094 10.6099 ontstaan
463.778 539.79 22.3258 10.6099 voor
489.203 539.79 11.3933 10.6099 de

70.824 553.11 78.3389 10.6099 inwerkingtreding
152.394 553.11 15.6248 10.6099 van
171.245 553.11 11.3933 10.6099 de
185.645 553.11 21.3581 10.6099 Wet
210.29 553.11 58.6829 10.6099 bescherming
272.072 553.11 84.7066 10.6099 persoonsgegevens
360.07 553.11 15.6096 10.6099 zijn
378.778 553.11 15.7248 10.6099 van
397.706 553.11 48.2688 10.6099 toepassing
449.212 553.11 11.3933 10.6099 de
463.842 553.11 40.5619 10.6099 artikelen
507.63 553.11 5.76 10.6099 4

70.824 566.43 15.9552 10.6099 t/m
90.0163 566.43 14.0429 10.6099 14,
107.285 566.43 11.52 10.6099 25
121.915 566.43 11.2781 10.6099 en
136.419 566.43 14.0429 10.6099 26,
153.561 566.43 11.52 10.6099 28
168.306 566.43 15.84 10.6099 t/m
187.372 566.43 13.9277 10.6099 33,
204.525 566.43 11.52 10.6099 35
219.271 566.43 11.2781 10.6099 en
233.659 566.43 11.52 10.6099 36
248.405 566.43 15.7248 10.6099 van
267.228 566.43 11.3933 10.6099 de
281.859 566.43 21.2314 10.6099 Wet
306.327 566.43 94.5562 10.6099 persoonsregistraties
404.121 566.43 9.23904 10.6099 of
416.482 566.43 11.3933 10.6099 de
430.997 566.43 33.0163 10.6099 Privacy

70.824 579.75 61.5379 10.6099 Gedragscode
135.612 579.75 33.8102 10.6099 Banken
172.673 579.75 22.7952 10.6099 1995
198.696 579.75 11.2733 10.6099 en
213.208 579.75 11.3885 10.6099 de
227.721 579.75 61.4227 10.6099 Gedragscode
292.382 579.75 53.9741 10.6099 Verwerking
349.607 579.75 84.6922 10.6099 Persoonsgegevens

70.824 593.07 90.2707 10.6099 Verzekeringsbedrijf
164.174 593.07 25.5706 10.6099 1998.

70.824 619.86 40.8077 10.6099 Register:

70.824 633.18 17.7523 10.6099 Het
91.8134 633.18 23.1552 10.6099 door
118.091 633.18 21.3581 10.6099 Kifid
142.674 633.18 8.28288 10.6099 in
154.056 633.18 24.8256 10.6099 stand
182.004 633.18 45.3542 10.6099 gehouden
230.595 633.18 43.4419 10.6099 openbaar
277.262 633.18 35.7581 10.6099 register
316.131 633.18 15.7248 10.6099 van
335.058 633.18 54.3744 10.6099 aangesloten
392.86 633.18 45.239 10.6099 Financiële
441.325 633.18 73.8382 10.6099 dienstverleners.

70.824 659.82 51.9725 10.6099 Reglement:

70.824 673.14 14.999 10.6099 Dit
89.0486 673.14 49.559 10.6099 reglement.

70.824 699.78 49.4477 10.6099 Reglement
123.478 699.78 15.7286 10.6099 van
142.332 699.78 36.7373 10.6099 Beroep:

70.824 713.22 17.7523 10.6099 Het
91.8134 713.22 47.0362 10.6099 reglement
141.96 713.22 15.7248 10.6099 van
160.887 713.22 11.3126 10.6099 de
175.426 713.22 51.5981 10.6099 Commissie
230.249 713.22 15.7248 10.6099 van
249.084 713.22 34.2029 10.6099 Beroep
286.513 713.22 45.2506 10.6099 Financiële
334.966 713.22 75.2602 10.6099 Dienstverlening.

513.36 37.56 11.2373 11.04 23

70.824 86.2597 63.9589 10.6099 Schriftelijk(e):

70.824 99.5797 45.3888 10.6099 Machinaal
119.421 99.5797 34.3238 10.6099 getypte
156.953 99.5797 9.24192 10.6099 of
169.346 99.5797 49.2048 10.6099 afgedrukte
221.759 99.5797 19.8 10.6099 (dus
244.675 99.5797 17.6458 10.6099 niet
265.575 99.5797 77.904 10.6099 handgeschreven)
346.688 99.5797 23.1552 10.6099 tekst
372.948 99.5797 8.28576 10.6099 in
384.488 99.5797 16.8019 10.6099 een
404.371 99.5797 40.5936 10.6099 gangbaar
448.173 99.5797 22.68 10.6099 goed
474.108 99.5797 38.0477 10.6099 leesbaar

70.824 112.9 48.4704 10.6099 lettertype,
122.526 112.9 9.23616 10.6099 of
134.878 112.9 22.6627 10.6099 goed
160.784 112.9 38.5142 10.6099 leesbare
202.529 112.9 57.3494 10.6099 elektronisch
262.995 112.9 49.0752 10.6099 verzonden
315.301 112.9 9.23616 10.6099 of
327.769 112.9 60.4598 10.6099 aangeleverde
391.472 112.9 25.5485 10.6099 tekst.

70.824 139.66 48.7565 10.6099 Secretaris:

70.824 152.98 17.0381 10.6099 Een
91.0877 152.98 66.1133 10.6099 (behandelend)
160.438 152.98 45.239 10.6099 secretaris
208.903 152.98 15.7248 10.6099 van
227.83 152.98 23.7773 10.6099 Kifid.

70.824 179.62 41.2954 10.6099 Statuten:

70.824 192.94 14.1581 10.6099 De
88.2077 192.94 37.9008 10.6099 statuten
129.23 192.94 15.7248 10.6099 van
148.158 192.94 23.8165 10.6099 Kifid.

70.824 219.7 77.1878 10.6099 Toezichthouder:

70.824 233.02 14.1581 10.6099 De
88.2077 233.02 46.4371 10.6099 Autoriteit
137.755 233.02 45.4925 10.6099 Financiële
186.358 233.02 41.6333 10.6099 Markten,
231.228 233.02 14.1581 10.6099 De
248.497 233.02 43.6723 10.6099 Europese
295.28 233.02 40.6771 10.6099 Centrale
339.182 233.02 22.6829 10.6099 Bank
364.987 233.02 9.23904 10.6099 of
377.452 233.02 14.1581 10.6099 De
394.72 233.02 70.1914 10.6099 Nederlandsche
468.149 233.02 25.2058 10.6099 Bank,

70.824 246.34 74.7658 10.6099 overeenkomstig
148.691 246.34 17.2819 10.6099 hun
169.177 246.34 40.0051 10.6099 wettelijk
212.387 246.34 54.1181 10.6099 opgedragen
269.64 246.34 28.079 10.6099 taken.

70.824 273.01 69.9589 10.6099 Vicevoorzitter:

70.824 286.33 17.0381 10.6099 Een
91.0877 286.33 65.5373 10.6099 vicevoorzitter
159.712 286.33 15.7248 10.6099 van
178.64 286.33 11.3126 10.6099 de
193.074 286.33 99.2563 10.6099 Geschillencommissie.

70.824 313.09 51.8592 10.6099 Voorzitter:

70.824 326.41 14.1581 10.6099 De
88.2077 326.41 47.4142 10.6099 voorzitter
138.721 326.41 15.7248 10.6099 van
157.648 326.41 11.4163 10.6099 de
172.25 326.41 99.1411 10.6099 Geschillencommissie.
